<?xml version="1.0" encoding="UTF-8"?>
<alto xmlns:xsi="http://www.w3.org/2001/XMLSchema-instance"
      xmlns="http://www.loc.gov/standards/alto/ns-v2#"
      xmlns:page="http://schema.primaresearch.org/PAGE/gts/pagecontent/2013-07-15"
      xsi:schemaLocation="http://www.loc.gov/standards/alto/ns-v2# http://www.loc.gov/standards/alto/alto.xsd">
   <Description>
      <MeasurementUnit>pixel</MeasurementUnit>
      <OCRProcessing ID="IdOcr">
         <ocrProcessingStep>
            <processingDateTime>2020-04-22T20:10:19.396-04:00</processingDateTime>
            <processingSoftware>
               <softwareCreator>READ COOP</softwareCreator>
               <softwareName>Transkribus</softwareName>
            </processingSoftware>
         </ocrProcessingStep>
      </OCRProcessing>
   </Description>
   <Layout>
      <Page ID="Page1" PHYSICAL_IMG_NR="1" HEIGHT="3716" WIDTH="2498">
         <TopMargin HEIGHT="0" WIDTH="2498" VPOS="0" HPOS="0"/>
         <LeftMargin HEIGHT="3716" WIDTH="0" VPOS="0" HPOS="0"/>
         <RightMargin HEIGHT="3716" WIDTH="0" VPOS="0" HPOS="2498"/>
         <BottomMargin HEIGHT="0" WIDTH="2498" VPOS="3716" HPOS="0"/>
         <PrintSpace HEIGHT="3716" WIDTH="2498" VPOS="0" HPOS="0">
            <TextBlock ID="TextRegion_1581443217802_3779"
                       HEIGHT="2913"
                       WIDTH="1771"
                       VPOS="349"
                       HPOS="475">
               <Shape>
                  <Polygon POINTS="475,349 2246,349 2246,3262 475,3262"/>
               </Shape>
               <TextLine ID="r2l2"
                         BASELINE="417"
                         HEIGHT="83"
                         WIDTH="1770"
                         VPOS="334"
                         HPOS="474">
                  <String HEIGHT="83"
                          WIDTH="208"
                          VPOS="334"
                          HPOS="457"
                          CONTENT="diuersae"/>
                  <SP HEIGHT="83" WIDTH="17" VPOS="334" HPOS="665"/>
                  <String HEIGHT="83"
                          WIDTH="174"
                          VPOS="334"
                          HPOS="613"
                          CONTENT="quibus"/>
                  <SP HEIGHT="83" WIDTH="17" VPOS="334" HPOS="786"/>
                  <String HEIGHT="83"
                          WIDTH="208"
                          VPOS="334"
                          HPOS="734"
                          CONTENT="diuersas"/>
                  <SP HEIGHT="83" WIDTH="17" VPOS="334" HPOS="943"/>
                  <String HEIGHT="83"
                          WIDTH="174"
                          VPOS="334"
                          HPOS="890"
                          CONTENT="formas"/>
                  <SP HEIGHT="83" WIDTH="17" VPOS="334" HPOS="1064"/>
                  <String HEIGHT="83"
                          WIDTH="174"
                          VPOS="334"
                          HPOS="1012"
                          CONTENT="dicunt"/>
                  <SP HEIGHT="83" WIDTH="17" VPOS="334" HPOS="1185"/>
                  <String HEIGHT="83" WIDTH="104" VPOS="334" HPOS="1133" CONTENT="in"/>
                  <SP HEIGHT="83" WIDTH="17" VPOS="334" HPOS="1238"/>
                  <String HEIGHT="83"
                          WIDTH="156"
                          VPOS="334"
                          HPOS="1185"
                          CONTENT="eodem"/>
                  <SP HEIGHT="83" WIDTH="17" VPOS="334" HPOS="1342"/>
                  <String HEIGHT="83"
                          WIDTH="208"
                          VPOS="334"
                          HPOS="1290"
                          CONTENT="produci,"/>
                  <SP HEIGHT="83" WIDTH="17" VPOS="334" HPOS="1498"/>
                  <String HEIGHT="83"
                          WIDTH="156"
                          VPOS="334"
                          HPOS="1446"
                          CONTENT="fiant"/>
                  <SP HEIGHT="83" WIDTH="17" VPOS="334" HPOS="1602"/>
                  <String HEIGHT="83"
                          WIDTH="156"
                          VPOS="334"
                          HPOS="1550"
                          CONTENT="simul"/>
                  <SP HEIGHT="83" WIDTH="17" VPOS="334" HPOS="1706"/>
                  <String HEIGHT="83" WIDTH="104" VPOS="334" HPOS="1654" CONTENT="in"/>
                  <SP HEIGHT="83" WIDTH="17" VPOS="334" HPOS="1758"/>
                  <String HEIGHT="83"
                          WIDTH="156"
                          VPOS="334"
                          HPOS="1706"
                          CONTENT="eodem"/>
                  <SP HEIGHT="83" WIDTH="17" VPOS="334" HPOS="1862"/>
                  <String HEIGHT="83"
                          WIDTH="208"
                          VPOS="334"
                          HPOS="1810"
                          CONTENT="tempore:"/>
                  <SP HEIGHT="83" WIDTH="17" VPOS="334" HPOS="2018"/>
                  <String HEIGHT="83"
                          WIDTH="121"
                          VPOS="334"
                          HPOS="1966"
                          CONTENT="aut"/>
                  <SP HEIGHT="83" WIDTH="17" VPOS="334" HPOS="2088"/>
                  <String HEIGHT="83"
                          WIDTH="226"
                          VPOS="334"
                          HPOS="2036"
                          CONTENT="instanti:"/>
                  <SP HEIGHT="83" WIDTH="17" VPOS="334" HPOS="2261"/>
                  <String HEIGHT="83" WIDTH="52" VPOS="334" HPOS="2192" CONTENT="&amp;"/>
               </TextLine>
               <TextLine ID="r2l3"
                         BASELINE="476"
                         HEIGHT="66"
                         WIDTH="1777"
                         VPOS="410"
                         HPOS="468">
                  <String HEIGHT="66" WIDTH="124" VPOS="410" HPOS="450" CONTENT="per"/>
                  <SP HEIGHT="66" WIDTH="18" VPOS="410" HPOS="575"/>
                  <String HEIGHT="66" WIDTH="124" VPOS="410" HPOS="521" CONTENT="hoc"/>
                  <SP HEIGHT="66" WIDTH="18" VPOS="410" HPOS="646"/>
                  <String HEIGHT="66"
                          WIDTH="178"
                          VPOS="410"
                          HPOS="592"
                          CONTENT="formas"/>
                  <SP HEIGHT="66" WIDTH="18" VPOS="410" HPOS="770"/>
                  <String HEIGHT="66"
                          WIDTH="160"
                          VPOS="410"
                          HPOS="717"
                          CONTENT="illas"/>
                  <SP HEIGHT="66" WIDTH="18" VPOS="410" HPOS="877"/>
                  <String HEIGHT="66"
                          WIDTH="160"
                          VPOS="410"
                          HPOS="823"
                          CONTENT="simul"/>
                  <SP HEIGHT="66" WIDTH="18" VPOS="410" HPOS="983"/>
                  <String HEIGHT="66"
                          WIDTH="231"
                          VPOS="410"
                          HPOS="930"
                          CONTENT="producunt"/>
                  <SP HEIGHT="66" WIDTH="18" VPOS="410" HPOS="1161"/>
                  <String HEIGHT="66" WIDTH="107" VPOS="410" HPOS="1108" CONTENT="in"/>
                  <SP HEIGHT="66" WIDTH="18" VPOS="410" HPOS="1214"/>
                  <String HEIGHT="66"
                          WIDTH="178"
                          VPOS="410"
                          HPOS="1161"
                          CONTENT="eodem:"/>
                  <SP HEIGHT="66" WIDTH="18" VPOS="410" HPOS="1339"/>
                  <String HEIGHT="66"
                          WIDTH="142"
                          VPOS="410"
                          HPOS="1285"
                          CONTENT="tunc"/>
                  <SP HEIGHT="66" WIDTH="18" VPOS="410" HPOS="1428"/>
                  <String HEIGHT="66"
                          WIDTH="178"
                          VPOS="410"
                          HPOS="1374"
                          CONTENT="iterum"/>
                  <SP HEIGHT="66" WIDTH="18" VPOS="410" HPOS="1552"/>
                  <String HEIGHT="66"
                          WIDTH="355"
                          VPOS="410"
                          HPOS="1499"
                          CONTENT="subdistinguendum"/>
                  <SP HEIGHT="66" WIDTH="18" VPOS="410" HPOS="1854"/>
                  <String HEIGHT="66" WIDTH="107" VPOS="410" HPOS="1801" CONTENT="vt"/>
                  <SP HEIGHT="66" WIDTH="18" VPOS="410" HPOS="1907"/>
                  <String HEIGHT="66"
                          WIDTH="178"
                          VPOS="410"
                          HPOS="1854"
                          CONTENT="prius."/>
                  <SP HEIGHT="66" WIDTH="18" VPOS="410" HPOS="2032"/>
                  <String HEIGHT="66"
                          WIDTH="124"
                          VPOS="410"
                          HPOS="1978"
                          CONTENT="Aut"/>
                  <SP HEIGHT="66" WIDTH="18" VPOS="410" HPOS="2103"/>
                  <String HEIGHT="66"
                          WIDTH="213"
                          VPOS="410"
                          HPOS="2032"
                          CONTENT="intelligun"/>
               </TextLine>
               <TextLine ID="r2l4"
                         BASELINE="525"
                         HEIGHT="62"
                         WIDTH="1779"
                         VPOS="463"
                         HPOS="472">
                  <String HEIGHT="62" WIDTH="126" VPOS="463" HPOS="454" CONTENT="tur"/>
                  <SP HEIGHT="62" WIDTH="18" VPOS="463" HPOS="580"/>
                  <String HEIGHT="62"
                          WIDTH="162"
                          VPOS="463"
                          HPOS="526"
                          CONTENT="educi"/>
                  <SP HEIGHT="62" WIDTH="18" VPOS="463" HPOS="688"/>
                  <String HEIGHT="62" WIDTH="108" VPOS="463" HPOS="634" CONTENT="de"/>
                  <SP HEIGHT="62" WIDTH="18" VPOS="463" HPOS="742"/>
                  <String HEIGHT="62"
                          WIDTH="162"
                          VPOS="463"
                          HPOS="688"
                          CONTENT="eadem"/>
                  <SP HEIGHT="62" WIDTH="18" VPOS="463" HPOS="849"/>
                  <String HEIGHT="62"
                          WIDTH="216"
                          VPOS="463"
                          HPOS="795"
                          CONTENT="potentia"/>
                  <SP HEIGHT="62" WIDTH="18" VPOS="463" HPOS="1011"/>
                  <String HEIGHT="62"
                          WIDTH="234"
                          VPOS="463"
                          HPOS="957"
                          CONTENT="materiae:"/>
                  <SP HEIGHT="62" WIDTH="18" VPOS="463" HPOS="1191"/>
                  <String HEIGHT="62"
                          WIDTH="126"
                          VPOS="463"
                          HPOS="1137"
                          CONTENT="aut"/>
                  <SP HEIGHT="62" WIDTH="18" VPOS="463" HPOS="1263"/>
                  <String HEIGHT="62" WIDTH="108" VPOS="463" HPOS="1209" CONTENT="de"/>
                  <SP HEIGHT="62" WIDTH="18" VPOS="463" HPOS="1317"/>
                  <String HEIGHT="62"
                          WIDTH="234"
                          VPOS="463"
                          HPOS="1263"
                          CONTENT="diuersis."/>
                  <SP HEIGHT="62" WIDTH="18" VPOS="463" HPOS="1496"/>
                  <String HEIGHT="62"
                          WIDTH="126"
                          VPOS="463"
                          HPOS="1442"
                          CONTENT="Non"/>
                  <SP HEIGHT="62" WIDTH="18" VPOS="463" HPOS="1568"/>
                  <String HEIGHT="62" WIDTH="108" VPOS="463" HPOS="1514" CONTENT="de"/>
                  <SP HEIGHT="62" WIDTH="18" VPOS="463" HPOS="1622"/>
                  <String HEIGHT="62"
                          WIDTH="180"
                          VPOS="463"
                          HPOS="1568"
                          CONTENT="eadem:"/>
                  <SP HEIGHT="62" WIDTH="18" VPOS="463" HPOS="1748"/>
                  <String HEIGHT="62"
                          WIDTH="144"
                          VPOS="463"
                          HPOS="1694"
                          CONTENT="quia"/>
                  <SP HEIGHT="62" WIDTH="18" VPOS="463" HPOS="1838"/>
                  <String HEIGHT="62"
                          WIDTH="144"
                          VPOS="463"
                          HPOS="1784"
                          CONTENT="tunc"/>
                  <SP HEIGHT="62" WIDTH="18" VPOS="463" HPOS="1928"/>
                  <String HEIGHT="62" WIDTH="108" VPOS="463" HPOS="1874" CONTENT="vt"/>
                  <SP HEIGHT="62" WIDTH="18" VPOS="463" HPOS="1981"/>
                  <String HEIGHT="62"
                          WIDTH="180"
                          VPOS="463"
                          HPOS="1928"
                          CONTENT="dictum"/>
                  <SP HEIGHT="62" WIDTH="18" VPOS="463" HPOS="2107"/>
                  <String HEIGHT="62"
                          WIDTH="126"
                          VPOS="463"
                          HPOS="2053"
                          CONTENT="est"/>
                  <SP HEIGHT="62" WIDTH="18" VPOS="463" HPOS="2179"/>
                  <String HEIGHT="62" WIDTH="108" VPOS="463" HPOS="2125" CONTENT="de"/>
                  <SP HEIGHT="62" WIDTH="18" VPOS="463" HPOS="2233"/>
                  <String HEIGHT="62"
                          WIDTH="90"
                          VPOS="463"
                          HPOS="2161"
                          CONTENT="ea"
                          SUBS_TYPE="HypPart1"
                          SUBS_CONTENT="eadem"/>
                  <HYP CONTENT="-"/>
               </TextLine>
               <TextLine ID="r2l5"
                         BASELINE="577"
                         HEIGHT="55"
                         WIDTH="1773"
                         VPOS="522"
                         HPOS="470">
                  <String HEIGHT="55"
                          WIDTH="132"
                          VPOS="522"
                          HPOS="451"
                          CONTENT="dem"
                          SUBS_TYPE="HypPart2"
                          SUBS_CONTENT="eadem"/>
                  <SP HEIGHT="55" WIDTH="19" VPOS="522" HPOS="583"/>
                  <String HEIGHT="55"
                          WIDTH="226"
                          VPOS="522"
                          HPOS="527"
                          CONTENT="potentia"/>
                  <SP HEIGHT="55" WIDTH="19" VPOS="522" HPOS="753"/>
                  <String HEIGHT="55"
                          WIDTH="226"
                          VPOS="522"
                          HPOS="696"
                          CONTENT="materiae"/>
                  <SP HEIGHT="55" WIDTH="19" VPOS="522" HPOS="923"/>
                  <String HEIGHT="55" WIDTH="132" VPOS="522" HPOS="866" CONTENT="non"/>
                  <SP HEIGHT="55" WIDTH="19" VPOS="522" HPOS="998"/>
                  <String HEIGHT="55"
                          WIDTH="170"
                          VPOS="522"
                          HPOS="942"
                          CONTENT="habet"/>
                  <SP HEIGHT="55" WIDTH="19" VPOS="522" HPOS="1111"/>
                  <String HEIGHT="55"
                          WIDTH="170"
                          VPOS="522"
                          HPOS="1055"
                          CONTENT="educi"/>
                  <SP HEIGHT="55" WIDTH="19" VPOS="522" HPOS="1224"/>
                  <String HEIGHT="55"
                          WIDTH="151"
                          VPOS="522"
                          HPOS="1168"
                          CONTENT="nisi"/>
                  <SP HEIGHT="55" WIDTH="19" VPOS="522" HPOS="1319"/>
                  <String HEIGHT="55"
                          WIDTH="170"
                          VPOS="522"
                          HPOS="1262"
                          CONTENT="eadem"/>
                  <SP HEIGHT="55" WIDTH="19" VPOS="522" HPOS="1432"/>
                  <String HEIGHT="55"
                          WIDTH="170"
                          VPOS="522"
                          HPOS="1375"
                          CONTENT="forma"/>
                  <SP HEIGHT="55" WIDTH="19" VPOS="522" HPOS="1545"/>
                  <String HEIGHT="55"
                          WIDTH="207"
                          VPOS="522"
                          HPOS="1489"
                          CONTENT="specie,"/>
                  <SP HEIGHT="55" WIDTH="19" VPOS="522" HPOS="1696"/>
                  <String HEIGHT="55" WIDTH="94" VPOS="522" HPOS="1639" CONTENT="&amp;"/>
                  <SP HEIGHT="55" WIDTH="19" VPOS="522" HPOS="1734"/>
                  <String HEIGHT="55"
                          WIDTH="226"
                          VPOS="522"
                          HPOS="1677"
                          CONTENT="diuersae"/>
                  <SP HEIGHT="55" WIDTH="19" VPOS="522" HPOS="1903"/>
                  <String HEIGHT="55"
                          WIDTH="207"
                          VPOS="522"
                          HPOS="1847"
                          CONTENT="numero,"/>
                  <SP HEIGHT="55" WIDTH="19" VPOS="522" HPOS="2054"/>
                  <String HEIGHT="55" WIDTH="113" VPOS="522" HPOS="1998" CONTENT="ad"/>
                  <SP HEIGHT="55" WIDTH="19" VPOS="522" HPOS="2111"/>
                  <String HEIGHT="55"
                          WIDTH="151"
                          VPOS="522"
                          HPOS="2054"
                          CONTENT="quas"/>
                  <SP HEIGHT="55" WIDTH="19" VPOS="522" HPOS="2205"/>
                  <String HEIGHT="55"
                          WIDTH="132"
                          VPOS="522"
                          HPOS="2149"
                          CONTENT="non"/>
                  <SP HEIGHT="55" WIDTH="19" VPOS="522" HPOS="2281"/>
                  <String HEIGHT="55" WIDTH="38" VPOS="522" HPOS="2205" CONTENT=""/>
               </TextLine>
               <TextLine ID="r2l6"
                         BASELINE="630"
                         HEIGHT="64"
                         WIDTH="1768"
                         VPOS="566"
                         HPOS="473">
                  <String HEIGHT="64"
                          WIDTH="135"
                          VPOS="566"
                          HPOS="456"
                          CONTENT="sunt"/>
                  <SP HEIGHT="64" WIDTH="17" VPOS="566" HPOS="591"/>
                  <String HEIGHT="64"
                          WIDTH="152"
                          VPOS="566"
                          HPOS="540"
                          CONTENT="motus"/>
                  <SP HEIGHT="64" WIDTH="17" VPOS="566" HPOS="692"/>
                  <String HEIGHT="64" WIDTH="118" VPOS="566" HPOS="641" CONTENT="aut"/>
                  <SP HEIGHT="64" WIDTH="17" VPOS="566" HPOS="759"/>
                  <String HEIGHT="64"
                          WIDTH="253"
                          VPOS="566"
                          HPOS="709"
                          CONTENT="mutationes,"/>
                  <SP HEIGHT="64" WIDTH="17" VPOS="566" HPOS="961"/>
                  <String HEIGHT="64"
                          WIDTH="135"
                          VPOS="566"
                          HPOS="911"
                          CONTENT="nisi"/>
                  <SP HEIGHT="64" WIDTH="17" VPOS="566" HPOS="1045"/>
                  <String HEIGHT="64"
                          WIDTH="168"
                          VPOS="566"
                          HPOS="995"
                          CONTENT="eaedem"/>
                  <SP HEIGHT="64" WIDTH="17" VPOS="566" HPOS="1163"/>
                  <String HEIGHT="64"
                          WIDTH="185"
                          VPOS="566"
                          HPOS="1113"
                          CONTENT="specie,"/>
                  <SP HEIGHT="64" WIDTH="17" VPOS="566" HPOS="1298"/>
                  <String HEIGHT="64"
                          WIDTH="202"
                          VPOS="566"
                          HPOS="1248"
                          CONTENT="diuersae"/>
                  <SP HEIGHT="64" WIDTH="17" VPOS="566" HPOS="1450"/>
                  <String HEIGHT="64"
                          WIDTH="152"
                          VPOS="566"
                          HPOS="1399"
                          CONTENT="autem"/>
                  <SP HEIGHT="64" WIDTH="17" VPOS="566" HPOS="1551"/>
                  <String HEIGHT="64"
                          WIDTH="135"
                          VPOS="566"
                          HPOS="1500"
                          CONTENT="solo"/>
                  <SP HEIGHT="64" WIDTH="17" VPOS="566" HPOS="1635"/>
                  <String HEIGHT="64"
                          WIDTH="185"
                          VPOS="566"
                          HPOS="1584"
                          CONTENT="numero."/>
                  <SP HEIGHT="64" WIDTH="17" VPOS="566" HPOS="1770"/>
                  <String HEIGHT="64"
                          WIDTH="202"
                          VPOS="566"
                          HPOS="1719"
                          CONTENT="secundum"/>
                  <SP HEIGHT="64" WIDTH="17" VPOS="566" HPOS="1921"/>
                  <String HEIGHT="64"
                          WIDTH="253"
                          VPOS="566"
                          HPOS="1871"
                          CONTENT="Philosophum"/>
                  <SP HEIGHT="64" WIDTH="17" VPOS="566" HPOS="2123"/>
                  <String HEIGHT="64" WIDTH="101" VPOS="566" HPOS="2073" CONTENT="in"/>
                  <SP HEIGHT="64" WIDTH="17" VPOS="566" HPOS="2174"/>
                  <String HEIGHT="64"
                          WIDTH="135"
                          VPOS="566"
                          HPOS="2106"
                          CONTENT="quinto"/>
               </TextLine>
               <TextLine ID="r2l7"
                         BASELINE="686"
                         HEIGHT="67"
                         WIDTH="1779"
                         VPOS="619"
                         HPOS="467">
                  <String HEIGHT="67"
                          WIDTH="254"
                          VPOS="619"
                          HPOS="450"
                          CONTENT="Physicorum."/>
                  <SP HEIGHT="67" WIDTH="17" VPOS="619" HPOS="704"/>
                  <String HEIGHT="67"
                          WIDTH="136"
                          VPOS="619"
                          HPOS="653"
                          CONTENT="ldem"/>
                  <SP HEIGHT="67" WIDTH="17" VPOS="619" HPOS="789"/>
                  <String HEIGHT="67"
                          WIDTH="136"
                          VPOS="619"
                          HPOS="738"
                          CONTENT="ergo"/>
                  <SP HEIGHT="67" WIDTH="17" VPOS="619" HPOS="874"/>
                  <String HEIGHT="67" WIDTH="119" VPOS="619" HPOS="823" CONTENT="num"/>
                  <SP HEIGHT="67" WIDTH="17" VPOS="619" HPOS="941"/>
                  <String HEIGHT="67" WIDTH="119" VPOS="619" HPOS="891" CONTENT="ero"/>
                  <SP HEIGHT="67" WIDTH="17" VPOS="619" HPOS="1009"/>
                  <String HEIGHT="67" WIDTH="102" VPOS="619" HPOS="958" CONTENT="vt"/>
                  <SP HEIGHT="67" WIDTH="17" VPOS="619" HPOS="1060"/>
                  <String HEIGHT="67"
                          WIDTH="136"
                          VPOS="619"
                          HPOS="1009"
                          CONTENT="ipsa"/>
                  <SP HEIGHT="67" WIDTH="17" VPOS="619" HPOS="1145"/>
                  <String HEIGHT="67"
                          WIDTH="186"
                          VPOS="619"
                          HPOS="1094"
                          CONTENT="materia"/>
                  <SP HEIGHT="67" WIDTH="17" VPOS="619" HPOS="1280"/>
                  <String HEIGHT="67"
                          WIDTH="203"
                          VPOS="619"
                          HPOS="1229"
                          CONTENT="secundum"/>
                  <SP HEIGHT="67" WIDTH="17" VPOS="619" HPOS="1433"/>
                  <String HEIGHT="67"
                          WIDTH="169"
                          VPOS="619"
                          HPOS="1382"
                          CONTENT="eandem"/>
                  <SP HEIGHT="67" WIDTH="17" VPOS="619" HPOS="1551"/>
                  <String HEIGHT="67"
                          WIDTH="186"
                          VPOS="619"
                          HPOS="1501"
                          CONTENT="speciem"/>
                  <SP HEIGHT="67" WIDTH="17" VPOS="619" HPOS="1687"/>
                  <String HEIGHT="67"
                          WIDTH="220"
                          VPOS="619"
                          HPOS="1636"
                          CONTENT="mouebitur"/>
                  <SP HEIGHT="67" WIDTH="17" VPOS="619" HPOS="1856"/>
                  <String HEIGHT="67"
                          WIDTH="119"
                          VPOS="619"
                          HPOS="1805"
                          CONTENT="aut"/>
                  <SP HEIGHT="67" WIDTH="17" VPOS="619" HPOS="1924"/>
                  <String HEIGHT="67"
                          WIDTH="220"
                          VPOS="619"
                          HPOS="1873"
                          CONTENT="mutabitur"/>
                  <SP HEIGHT="67" WIDTH="17" VPOS="619" HPOS="2094"/>
                  <String HEIGHT="67"
                          WIDTH="203"
                          VPOS="619"
                          HPOS="2043"
                          CONTENT="diuersis"/>
                  <SP HEIGHT="67" WIDTH="17" VPOS="619" HPOS="2246"/>
                  <String HEIGHT="67" WIDTH="68" VPOS="619" HPOS="2178" CONTENT="mo"/>
               </TextLine>
               <TextLine ID="r2l8"
                         BASELINE="732"
                         HEIGHT="58"
                         WIDTH="1778"
                         VPOS="674"
                         HPOS="473">
                  <String HEIGHT="58"
                          WIDTH="167"
                          VPOS="674"
                          HPOS="454"
                          CONTENT="tibus"/>
                  <SP HEIGHT="58" WIDTH="19" VPOS="674" HPOS="621"/>
                  <String HEIGHT="58" WIDTH="130" VPOS="674" HPOS="566" CONTENT="aut"/>
                  <SP HEIGHT="58" WIDTH="19" VPOS="674" HPOS="695"/>
                  <String HEIGHT="58"
                          WIDTH="296"
                          VPOS="674"
                          HPOS="640"
                          CONTENT="mutationibus"/>
                  <SP HEIGHT="58" WIDTH="19" VPOS="674" HPOS="936"/>
                  <String HEIGHT="58"
                          WIDTH="222"
                          VPOS="674"
                          HPOS="880"
                          CONTENT="secundum"/>
                  <SP HEIGHT="58" WIDTH="19" VPOS="674" HPOS="1103"/>
                  <String HEIGHT="58"
                          WIDTH="222"
                          VPOS="674"
                          HPOS="1047"
                          CONTENT="numerum,"/>
                  <SP HEIGHT="58" WIDTH="19" VPOS="674" HPOS="1269"/>
                  <String HEIGHT="58" WIDTH="93" VPOS="674" HPOS="1214" CONTENT="&amp;"/>
                  <SP HEIGHT="58" WIDTH="19" VPOS="674" HPOS="1306"/>
                  <String HEIGHT="58" WIDTH="111" VPOS="674" HPOS="1251" CONTENT="in"/>
                  <SP HEIGHT="58" WIDTH="19" VPOS="674" HPOS="1362"/>
                  <String HEIGHT="58"
                          WIDTH="222"
                          VPOS="674"
                          HPOS="1306"
                          CONTENT="diuersas"/>
                  <SP HEIGHT="58" WIDTH="19" VPOS="674" HPOS="1529"/>
                  <String HEIGHT="58"
                          WIDTH="185"
                          VPOS="674"
                          HPOS="1473"
                          CONTENT="formas"/>
                  <SP HEIGHT="58" WIDTH="19" VPOS="674" HPOS="1658"/>
                  <String HEIGHT="58"
                          WIDTH="222"
                          VPOS="674"
                          HPOS="1603"
                          CONTENT="secundum"/>
                  <SP HEIGHT="58" WIDTH="19" VPOS="674" HPOS="1825"/>
                  <String HEIGHT="58"
                          WIDTH="222"
                          VPOS="674"
                          HPOS="1769"
                          CONTENT="numerum:"/>
                  <SP HEIGHT="58" WIDTH="19" VPOS="674" HPOS="1992"/>
                  <String HEIGHT="58"
                          WIDTH="185"
                          VPOS="674"
                          HPOS="1936"
                          CONTENT="easdem"/>
                  <SP HEIGHT="58" WIDTH="19" VPOS="674" HPOS="2121"/>
                  <String HEIGHT="58"
                          WIDTH="167"
                          VPOS="674"
                          HPOS="2066"
                          CONTENT="autem"/>
                  <SP HEIGHT="58" WIDTH="19" VPOS="674" HPOS="2232"/>
                  <String HEIGHT="58" WIDTH="93" VPOS="674" HPOS="2158" CONTENT="spe"/>
               </TextLine>
               <TextLine ID="r2l9"
                         BASELINE="797"
                         HEIGHT="68"
                         WIDTH="1775"
                         VPOS="729"
                         HPOS="479">
                  <String HEIGHT="68"
                          WIDTH="131"
                          VPOS="729"
                          HPOS="463"
                          CONTENT="cie:"/>
                  <SP HEIGHT="68" WIDTH="16" VPOS="729" HPOS="594"/>
                  <String HEIGHT="68"
                          WIDTH="131"
                          VPOS="729"
                          HPOS="545"
                          CONTENT="quid"/>
                  <SP HEIGHT="68" WIDTH="16" VPOS="729" HPOS="676"/>
                  <String HEIGHT="68"
                          WIDTH="164"
                          VPOS="729"
                          HPOS="627"
                          CONTENT="omnino"/>
                  <SP HEIGHT="68" WIDTH="16" VPOS="729" HPOS="791"/>
                  <String HEIGHT="68" WIDTH="115" VPOS="729" HPOS="742" CONTENT="est"/>
                  <SP HEIGHT="68" WIDTH="16" VPOS="729" HPOS="857"/>
                  <String HEIGHT="68"
                          WIDTH="247"
                          VPOS="729"
                          HPOS="808"
                          CONTENT="ipossibile:"/>
                  <SP HEIGHT="68" WIDTH="16" VPOS="729" HPOS="1054"/>
                  <String HEIGHT="68" WIDTH="99" VPOS="729" HPOS="1005" CONTENT="vt"/>
                  <SP HEIGHT="68" WIDTH="16" VPOS="729" HPOS="1104"/>
                  <String HEIGHT="68"
                          WIDTH="197"
                          VPOS="729"
                          HPOS="1054"
                          CONTENT="scilicet"/>
                  <SP HEIGHT="68" WIDTH="16" VPOS="729" HPOS="1251"/>
                  <String HEIGHT="68"
                          WIDTH="131"
                          VPOS="729"
                          HPOS="1202"
                          CONTENT="quod"/>
                  <SP HEIGHT="68" WIDTH="16" VPOS="729" HPOS="1334"/>
                  <String HEIGHT="68"
                          WIDTH="131"
                          VPOS="729"
                          HPOS="1284"
                          CONTENT="idem"/>
                  <SP HEIGHT="68" WIDTH="16" VPOS="729" HPOS="1416"/>
                  <String HEIGHT="68"
                          WIDTH="148"
                          VPOS="729"
                          HPOS="1366"
                          CONTENT="simul"/>
                  <SP HEIGHT="68" WIDTH="16" VPOS="729" HPOS="1514"/>
                  <String HEIGHT="68"
                          WIDTH="197"
                          VPOS="729"
                          HPOS="1465"
                          CONTENT="moueatur"/>
                  <SP HEIGHT="68" WIDTH="16" VPOS="729" HPOS="1662"/>
                  <String HEIGHT="68"
                          WIDTH="197"
                          VPOS="729"
                          HPOS="1613"
                          CONTENT="secundum"/>
                  <SP HEIGHT="68" WIDTH="16" VPOS="729" HPOS="1810"/>
                  <String HEIGHT="68"
                          WIDTH="131"
                          VPOS="729"
                          HPOS="1761"
                          CONTENT="duas"/>
                  <SP HEIGHT="68" WIDTH="16" VPOS="729" HPOS="1892"/>
                  <String HEIGHT="68"
                          WIDTH="279"
                          VPOS="729"
                          HPOS="1843"
                          CONTENT="dealbationes,"/>
                  <SP HEIGHT="68" WIDTH="16" VPOS="729" HPOS="2123"/>
                  <String HEIGHT="68" WIDTH="82" VPOS="729" HPOS="2073" CONTENT="&amp;"/>
                  <SP HEIGHT="68" WIDTH="16" VPOS="729" HPOS="2155"/>
                  <String HEIGHT="68"
                          WIDTH="131"
                          VPOS="729"
                          HPOS="2106"
                          CONTENT="sint"/>
                  <SP HEIGHT="68" WIDTH="16" VPOS="729" HPOS="2238"/>
                  <String HEIGHT="68" WIDTH="99" VPOS="729" HPOS="2188" CONTENT="in"/>
                  <SP HEIGHT="68" WIDTH="16" VPOS="729" HPOS="2287"/>
                  <String HEIGHT="68" WIDTH="33" VPOS="729" HPOS="2221" CONTENT=""/>
               </TextLine>
               <TextLine ID="r2l10"
                         BASELINE="846"
                         HEIGHT="64"
                         WIDTH="1772"
                         VPOS="782"
                         HPOS="477">
                  <String HEIGHT="64"
                          WIDTH="161"
                          VPOS="782"
                          HPOS="459"
                          CONTENT="eodem"/>
                  <SP HEIGHT="64" WIDTH="18" VPOS="782" HPOS="620"/>
                  <String HEIGHT="64"
                          WIDTH="143"
                          VPOS="782"
                          HPOS="566"
                          CONTENT="duae"/>
                  <SP HEIGHT="64" WIDTH="18" VPOS="782" HPOS="710"/>
                  <String HEIGHT="64"
                          WIDTH="251"
                          VPOS="782"
                          HPOS="656"
                          CONTENT="albedines."/>
                  <SP HEIGHT="64" WIDTH="18" VPOS="782" HPOS="907"/>
                  <String HEIGHT="64"
                          WIDTH="143"
                          VPOS="782"
                          HPOS="853"
                          CONTENT="dico"/>
                  <SP HEIGHT="64" WIDTH="18" VPOS="782" HPOS="996"/>
                  <String HEIGHT="64"
                          WIDTH="215"
                          VPOS="782"
                          HPOS="942"
                          CONTENT="secundum"/>
                  <SP HEIGHT="64" WIDTH="18" VPOS="782" HPOS="1157"/>
                  <String HEIGHT="64"
                          WIDTH="161"
                          VPOS="782"
                          HPOS="1103"
                          CONTENT="idem."/>
                  <SP HEIGHT="64" WIDTH="18" VPOS="782" HPOS="1265"/>
                  <String HEIGHT="64" WIDTH="107" VPOS="782" HPOS="1211" CONTENT="Et"/>
                  <SP HEIGHT="64" WIDTH="18" VPOS="782" HPOS="1318"/>
                  <String HEIGHT="64"
                          WIDTH="125"
                          VPOS="782"
                          HPOS="1265"
                          CONTENT="cum"/>
                  <SP HEIGHT="64" WIDTH="18" VPOS="782" HPOS="1390"/>
                  <String HEIGHT="64"
                          WIDTH="125"
                          VPOS="782"
                          HPOS="1336"
                          CONTENT="hoc"/>
                  <SP HEIGHT="64" WIDTH="18" VPOS="782" HPOS="1461"/>
                  <String HEIGHT="64"
                          WIDTH="197"
                          VPOS="782"
                          HPOS="1408"
                          CONTENT="frustra"/>
                  <SP HEIGHT="64" WIDTH="18" VPOS="782" HPOS="1605"/>
                  <String HEIGHT="64" WIDTH="89" VPOS="782" HPOS="1551" CONTENT="&amp;"/>
                  <SP HEIGHT="64" WIDTH="18" VPOS="782" HPOS="1640"/>
                  <String HEIGHT="64"
                          WIDTH="179"
                          VPOS="782"
                          HPOS="1587"
                          CONTENT="omnino"/>
                  <SP HEIGHT="64" WIDTH="18" VPOS="782" HPOS="1766"/>
                  <String HEIGHT="64"
                          WIDTH="251"
                          VPOS="782"
                          HPOS="1712"
                          CONTENT="supersluum"/>
                  <SP HEIGHT="64" WIDTH="18" VPOS="782" HPOS="1963"/>
                  <String HEIGHT="64"
                          WIDTH="161"
                          VPOS="782"
                          HPOS="1909"
                          CONTENT="esset"/>
                  <SP HEIGHT="64" WIDTH="18" VPOS="782" HPOS="2070"/>
                  <String HEIGHT="64"
                          WIDTH="143"
                          VPOS="782"
                          HPOS="2016"
                          CONTENT="plur"/>
                  <SP HEIGHT="64" WIDTH="18" VPOS="782" HPOS="2160"/>
                  <String HEIGHT="64" WIDTH="107" VPOS="782" HPOS="2106" CONTENT="es"/>
                  <SP HEIGHT="64" WIDTH="18" VPOS="782" HPOS="2213"/>
                  <String HEIGHT="64"
                          WIDTH="107"
                          VPOS="782"
                          HPOS="2142"
                          CONTENT="for"
                          SUBS_TYPE="HypPart1"
                          SUBS_CONTENT="formas"/>
                  <HYP CONTENT="-"/>
               </TextLine>
               <TextLine ID="r2l11"
                         BASELINE="903"
                         HEIGHT="66"
                         WIDTH="1790"
                         VPOS="837"
                         HPOS="464">
                  <String HEIGHT="66"
                          WIDTH="119"
                          VPOS="837"
                          HPOS="447"
                          CONTENT="mas"
                          SUBS_TYPE="HypPart2"
                          SUBS_CONTENT="formas"/>
                  <SP HEIGHT="66" WIDTH="17" VPOS="837" HPOS="566"/>
                  <String HEIGHT="66"
                          WIDTH="188"
                          VPOS="837"
                          HPOS="515"
                          CONTENT="eiusdem"/>
                  <SP HEIGHT="66" WIDTH="17" VPOS="837" HPOS="703"/>
                  <String HEIGHT="66"
                          WIDTH="188"
                          VPOS="837"
                          HPOS="652"
                          CONTENT="speciei"/>
                  <SP HEIGHT="66" WIDTH="17" VPOS="837" HPOS="839"/>
                  <String HEIGHT="66"
                          WIDTH="153"
                          VPOS="837"
                          HPOS="788"
                          CONTENT="simul"/>
                  <SP HEIGHT="66" WIDTH="17" VPOS="837" HPOS="941"/>
                  <String HEIGHT="66"
                          WIDTH="136"
                          VPOS="837"
                          HPOS="890"
                          CONTENT="esse"/>
                  <SP HEIGHT="66" WIDTH="17" VPOS="837" HPOS="1027"/>
                  <String HEIGHT="66" WIDTH="102" VPOS="837" HPOS="975" CONTENT="in"/>
                  <SP HEIGHT="66" WIDTH="17" VPOS="837" HPOS="1078"/>
                  <String HEIGHT="66"
                          WIDTH="170"
                          VPOS="837"
                          HPOS="1027"
                          CONTENT="eodem:"/>
                  <SP HEIGHT="66" WIDTH="17" VPOS="837" HPOS="1197"/>
                  <String HEIGHT="66"
                          WIDTH="188"
                          VPOS="837"
                          HPOS="1146"
                          CONTENT="quoniam"/>
                  <SP HEIGHT="66" WIDTH="17" VPOS="837" HPOS="1333"/>
                  <String HEIGHT="66"
                          WIDTH="205"
                          VPOS="837"
                          HPOS="1282"
                          CONTENT="quicquid"/>
                  <SP HEIGHT="66" WIDTH="17" VPOS="837" HPOS="1487"/>
                  <String HEIGHT="66"
                          WIDTH="119"
                          VPOS="837"
                          HPOS="1436"
                          CONTENT="per"/>
                  <SP HEIGHT="66" WIDTH="17" VPOS="837" HPOS="1555"/>
                  <String HEIGHT="66"
                          WIDTH="170"
                          VPOS="837"
                          HPOS="1504"
                          CONTENT="plures"/>
                  <SP HEIGHT="66" WIDTH="17" VPOS="837" HPOS="1674"/>
                  <String HEIGHT="66"
                          WIDTH="188"
                          VPOS="837"
                          HPOS="1623"
                          CONTENT="illarum"/>
                  <SP HEIGHT="66" WIDTH="17" VPOS="837" HPOS="1811"/>
                  <String HEIGHT="66"
                          WIDTH="153"
                          VPOS="837"
                          HPOS="1760"
                          CONTENT="fieri"/>
                  <SP HEIGHT="66" WIDTH="17" VPOS="837" HPOS="1913"/>
                  <String HEIGHT="66"
                          WIDTH="273"
                          VPOS="837"
                          HPOS="1862"
                          CONTENT="contingeret,"/>
                  <SP HEIGHT="66" WIDTH="17" VPOS="837" HPOS="2135"/>
                  <String HEIGHT="66" WIDTH="85" VPOS="837" HPOS="2084" CONTENT="&amp;"/>
                  <SP HEIGHT="66" WIDTH="17" VPOS="837" HPOS="2169"/>
                  <String HEIGHT="66"
                          WIDTH="119"
                          VPOS="837"
                          HPOS="2118"
                          CONTENT="per"/>
                  <SP HEIGHT="66" WIDTH="17" VPOS="837" HPOS="2237"/>
                  <String HEIGHT="66" WIDTH="85" VPOS="837" HPOS="2169" CONTENT="vni"/>
               </TextLine>
               <TextLine ID="r2l12"
                         BASELINE="954"
                         HEIGHT="53"
                         WIDTH="1777"
                         VPOS="901"
                         HPOS="475">
                  <String HEIGHT="53"
                          WIDTH="139"
                          VPOS="901"
                          HPOS="458"
                          CONTENT="cam,"/>
                  <SP HEIGHT="53" WIDTH="17" VPOS="901" HPOS="597"/>
                  <String HEIGHT="53" WIDTH="87" VPOS="901" HPOS="545" CONTENT="&amp;"/>
                  <SP HEIGHT="53" WIDTH="17" VPOS="901" HPOS="632"/>
                  <String HEIGHT="53" WIDTH="122" VPOS="901" HPOS="580" CONTENT="sic"/>
                  <SP HEIGHT="53" WIDTH="17" VPOS="901" HPOS="701"/>
                  <String HEIGHT="53"
                          WIDTH="192"
                          VPOS="901"
                          HPOS="649"
                          CONTENT="aliquid"/>
                  <SP HEIGHT="53" WIDTH="17" VPOS="901" HPOS="841"/>
                  <String HEIGHT="53"
                          WIDTH="244"
                          VPOS="901"
                          HPOS="789"
                          CONTENT="supersluum"/>
                  <SP HEIGHT="53" WIDTH="17" VPOS="901" HPOS="1032"/>
                  <String HEIGHT="53"
                          WIDTH="174"
                          VPOS="901"
                          HPOS="980"
                          CONTENT="fieret"/>
                  <SP HEIGHT="53" WIDTH="17" VPOS="901" HPOS="1154"/>
                  <String HEIGHT="53"
                          WIDTH="261"
                          VPOS="901"
                          HPOS="1102"
                          CONTENT="naturaliter"/>
                  <SP HEIGHT="53" WIDTH="17" VPOS="901" HPOS="1364"/>
                  <String HEIGHT="53" WIDTH="87" VPOS="901" HPOS="1311" CONTENT="&amp;"/>
                  <SP HEIGHT="53" WIDTH="17" VPOS="901" HPOS="1398"/>
                  <String HEIGHT="53"
                          WIDTH="209"
                          VPOS="901"
                          HPOS="1346"
                          CONTENT="frustra:"/>
                  <SP HEIGHT="53" WIDTH="17" VPOS="901" HPOS="1555"/>
                  <String HEIGHT="53"
                          WIDTH="139"
                          VPOS="901"
                          HPOS="1503"
                          CONTENT="quod"/>
                  <SP HEIGHT="53" WIDTH="17" VPOS="901" HPOS="1642"/>
                  <String HEIGHT="53"
                          WIDTH="122"
                          VPOS="901"
                          HPOS="1590"
                          CONTENT="non"/>
                  <SP HEIGHT="53" WIDTH="17" VPOS="901" HPOS="1712"/>
                  <String HEIGHT="53"
                          WIDTH="122"
                          VPOS="901"
                          HPOS="1660"
                          CONTENT="est"/>
                  <SP HEIGHT="53" WIDTH="17" VPOS="901" HPOS="1782"/>
                  <String HEIGHT="53"
                          WIDTH="192"
                          VPOS="901"
                          HPOS="1729"
                          CONTENT="naturae"/>
                  <SP HEIGHT="53" WIDTH="17" VPOS="901" HPOS="1921"/>
                  <String HEIGHT="53"
                          WIDTH="157"
                          VPOS="901"
                          HPOS="1869"
                          CONTENT="opus."/>
                  <SP HEIGHT="53" WIDTH="17" VPOS="901" HPOS="2026"/>
                  <String HEIGHT="53"
                          WIDTH="122"
                          VPOS="901"
                          HPOS="1973"
                          CONTENT="non"/>
                  <SP HEIGHT="53" WIDTH="17" VPOS="901" HPOS="2095"/>
                  <String HEIGHT="53"
                          WIDTH="139"
                          VPOS="901"
                          HPOS="2043"
                          CONTENT="enim"/>
                  <SP HEIGHT="53" WIDTH="17" VPOS="901" HPOS="2182"/>
                  <String HEIGHT="53"
                          WIDTH="139"
                          VPOS="901"
                          HPOS="2113"
                          CONTENT="contin"/>
               </TextLine>
               <TextLine ID="r2l13"
                         BASELINE="1012"
                         HEIGHT="67"
                         WIDTH="1770"
                         VPOS="945"
                         HPOS="474">
                  <String HEIGHT="67" WIDTH="129" VPOS="945" HPOS="456" CONTENT="git"/>
                  <SP HEIGHT="67" WIDTH="18" VPOS="945" HPOS="585"/>
                  <String HEIGHT="67"
                          WIDTH="203"
                          VPOS="945"
                          HPOS="529"
                          CONTENT="frustra"/>
                  <SP HEIGHT="67" WIDTH="18" VPOS="945" HPOS="732"/>
                  <String HEIGHT="67" WIDTH="111" VPOS="945" HPOS="677" CONTENT="in"/>
                  <SP HEIGHT="67" WIDTH="18" VPOS="945" HPOS="787"/>
                  <String HEIGHT="67"
                          WIDTH="258"
                          VPOS="945"
                          HPOS="732"
                          CONTENT="fundamento"/>
                  <SP HEIGHT="67" WIDTH="18" VPOS="945" HPOS="990"/>
                  <String HEIGHT="67"
                          WIDTH="203"
                          VPOS="945"
                          HPOS="935"
                          CONTENT="naturae"/>
                  <SP HEIGHT="67" WIDTH="18" VPOS="945" HPOS="1138"/>
                  <String HEIGHT="67" WIDTH="92" VPOS="945" HPOS="1082" CONTENT="&amp;"/>
                  <SP HEIGHT="67" WIDTH="18" VPOS="945" HPOS="1175"/>
                  <String HEIGHT="67"
                          WIDTH="258"
                          VPOS="945"
                          HPOS="1119"
                          CONTENT="creaturae:"/>
                  <SP HEIGHT="67" WIDTH="18" VPOS="945" HPOS="1377"/>
                  <String HEIGHT="67" WIDTH="111" VPOS="945" HPOS="1322" CONTENT="vt"/>
                  <SP HEIGHT="67" WIDTH="18" VPOS="945" HPOS="1433"/>
                  <String HEIGHT="67"
                          WIDTH="166"
                          VPOS="945"
                          HPOS="1377"
                          CONTENT="dicit"/>
                  <SP HEIGHT="67" WIDTH="18" VPOS="945" HPOS="1543"/>
                  <String HEIGHT="67"
                          WIDTH="277"
                          VPOS="945"
                          HPOS="1488"
                          CONTENT="Commentator"/>
                  <SP HEIGHT="67" WIDTH="18" VPOS="945" HPOS="1765"/>
                  <String HEIGHT="67"
                          WIDTH="148"
                          VPOS="945"
                          HPOS="1709"
                          CONTENT="supe"/>
                  <SP HEIGHT="67" WIDTH="18" VPOS="945" HPOS="1857"/>
                  <String HEIGHT="67"
                          WIDTH="258"
                          VPOS="945"
                          HPOS="1802"
                          CONTENT="principium"/>
                  <SP HEIGHT="67" WIDTH="18" VPOS="945" HPOS="2060"/>
                  <String HEIGHT="67"
                          WIDTH="203"
                          VPOS="945"
                          HPOS="2004"
                          CONTENT="secundi"/>
                  <SP HEIGHT="67" WIDTH="18" VPOS="945" HPOS="2207"/>
                  <String HEIGHT="67"
                          WIDTH="111"
                          VPOS="945"
                          HPOS="2133"
                          CONTENT="meta"/>
               </TextLine>
               <TextLine ID="r2l14"
                         BASELINE="1067"
                         HEIGHT="69"
                         WIDTH="1784"
                         VPOS="998"
                         HPOS="474">
                  <String HEIGHT="69"
                          WIDTH="223"
                          VPOS="998"
                          HPOS="457"
                          CONTENT="physicae."/>
                  <SP HEIGHT="69" WIDTH="17" VPOS="998" HPOS="680"/>
                  <String HEIGHT="69"
                          WIDTH="137"
                          VPOS="998"
                          HPOS="628"
                          CONTENT="Vnde"/>
                  <SP HEIGHT="69" WIDTH="17" VPOS="998" HPOS="766"/>
                  <String HEIGHT="69" WIDTH="86" VPOS="998" HPOS="714" CONTENT="&amp;"/>
                  <SP HEIGHT="69" WIDTH="17" VPOS="998" HPOS="800"/>
                  <String HEIGHT="69"
                          WIDTH="154"
                          VPOS="998"
                          HPOS="748"
                          CONTENT="dicit"/>
                  <SP HEIGHT="69" WIDTH="17" VPOS="998" HPOS="903"/>
                  <String HEIGHT="69"
                          WIDTH="154"
                          VPOS="998"
                          HPOS="851"
                          CONTENT="super"/>
                  <SP HEIGHT="69" WIDTH="17" VPOS="998" HPOS="1006"/>
                  <String HEIGHT="69"
                          WIDTH="240"
                          VPOS="998"
                          HPOS="954"
                          CONTENT="duodecimum"/>
                  <SP HEIGHT="69" WIDTH="17" VPOS="998" HPOS="1194"/>
                  <String HEIGHT="69"
                          WIDTH="292"
                          VPOS="998"
                          HPOS="1143"
                          CONTENT="metaphysicae."/>
                  <SP HEIGHT="69" WIDTH="17" VPOS="998" HPOS="1435"/>
                  <String HEIGHT="69" WIDTH="103" VPOS="998" HPOS="1383" CONTENT="Si"/>
                  <SP HEIGHT="69" WIDTH="17" VPOS="998" HPOS="1486"/>
                  <String HEIGHT="69"
                          WIDTH="189"
                          VPOS="998"
                          HPOS="1435"
                          CONTENT="materia"/>
                  <SP HEIGHT="69" WIDTH="17" VPOS="998" HPOS="1623"/>
                  <String HEIGHT="69"
                          WIDTH="172"
                          VPOS="998"
                          HPOS="1572"
                          CONTENT="fuerit"/>
                  <SP HEIGHT="69" WIDTH="17" VPOS="998" HPOS="1743"/>
                  <String HEIGHT="69"
                          WIDTH="137"
                          VPOS="998"
                          HPOS="1692"
                          CONTENT="vna,"/>
                  <SP HEIGHT="69" WIDTH="17" VPOS="998" HPOS="1829"/>
                  <String HEIGHT="69" WIDTH="86" VPOS="998" HPOS="1778" CONTENT="&amp;"/>
                  <SP HEIGHT="69" WIDTH="17" VPOS="998" HPOS="1863"/>
                  <String HEIGHT="69"
                          WIDTH="206"
                          VPOS="998"
                          HPOS="1812"
                          CONTENT="generans"/>
                  <SP HEIGHT="69" WIDTH="17" VPOS="998" HPOS="2018"/>
                  <String HEIGHT="69"
                          WIDTH="154"
                          VPOS="998"
                          HPOS="1966"
                          CONTENT="vnum,"/>
                  <SP HEIGHT="69" WIDTH="17" VPOS="998" HPOS="2121"/>
                  <String HEIGHT="69" WIDTH="86" VPOS="998" HPOS="2069" CONTENT="&amp;"/>
                  <SP HEIGHT="69" WIDTH="17" VPOS="998" HPOS="2155"/>
                  <String HEIGHT="69"
                          WIDTH="172"
                          VPOS="998"
                          HPOS="2086"
                          CONTENT="potentia"/>
               </TextLine>
               <TextLine ID="r2l15"
                         BASELINE="1116"
                         HEIGHT="55"
                         WIDTH="1774"
                         VPOS="1061"
                         HPOS="481">
                  <String HEIGHT="55"
                          WIDTH="134"
                          VPOS="1061"
                          HPOS="464"
                          CONTENT="vna:"/>
                  <SP HEIGHT="55" WIDTH="17" VPOS="1061" HPOS="598"/>
                  <String HEIGHT="55"
                          WIDTH="134"
                          VPOS="1061"
                          HPOS="548"
                          CONTENT="tunc"/>
                  <SP HEIGHT="55" WIDTH="17" VPOS="1061" HPOS="682"/>
                  <String HEIGHT="55"
                          WIDTH="151"
                          VPOS="1061"
                          HPOS="632"
                          CONTENT="nulla"/>
                  <SP HEIGHT="55" WIDTH="17" VPOS="1061" HPOS="782"/>
                  <String HEIGHT="55"
                          WIDTH="134"
                          VPOS="1061"
                          HPOS="732"
                          CONTENT="erit"/>
                  <SP HEIGHT="55" WIDTH="17" VPOS="1061" HPOS="866"/>
                  <String HEIGHT="55"
                          WIDTH="151"
                          VPOS="1061"
                          HPOS="816"
                          CONTENT="causa"/>
                  <SP HEIGHT="55" WIDTH="17" VPOS="1061" HPOS="966"/>
                  <String HEIGHT="55"
                          WIDTH="285"
                          VPOS="1061"
                          HPOS="916"
                          CONTENT="multitudinis."/>
                  <SP HEIGHT="55" WIDTH="17" VPOS="1061" HPOS="1201"/>
                  <String HEIGHT="55"
                          WIDTH="100"
                          VPOS="1061"
                          HPOS="1150"
                          CONTENT="Et"/>
                  <SP HEIGHT="55" WIDTH="17" VPOS="1061" HPOS="1251"/>
                  <String HEIGHT="55"
                          WIDTH="134"
                          VPOS="1061"
                          HPOS="1201"
                          CONTENT="ideo"/>
                  <SP HEIGHT="55" WIDTH="17" VPOS="1061" HPOS="1335"/>
                  <String HEIGHT="55"
                          WIDTH="117"
                          VPOS="1061"
                          HPOS="1284"
                          CONTENT="(ut"/>
                  <SP HEIGHT="55" WIDTH="17" VPOS="1061" HPOS="1401"/>
                  <String HEIGHT="55"
                          WIDTH="234"
                          VPOS="1061"
                          HPOS="1351"
                          CONTENT="determinat"/>
                  <SP HEIGHT="55" WIDTH="17" VPOS="1061" HPOS="1586"/>
                  <String HEIGHT="55"
                          WIDTH="184"
                          VPOS="1061"
                          HPOS="1535"
                          CONTENT="ibidem,"/>
                  <SP HEIGHT="55" WIDTH="17" VPOS="1061" HPOS="1719"/>
                  <String HEIGHT="55"
                          WIDTH="134"
                          VPOS="1061"
                          HPOS="1669"
                          CONTENT="quod"/>
                  <SP HEIGHT="55" WIDTH="17" VPOS="1061" HPOS="1803"/>
                  <String HEIGHT="55"
                          WIDTH="184"
                          VPOS="1061"
                          HPOS="1753"
                          CONTENT="materia"/>
                  <SP HEIGHT="55" WIDTH="17" VPOS="1061" HPOS="1937"/>
                  <String HEIGHT="55"
                          WIDTH="117"
                          VPOS="1061"
                          HPOS="1887"
                          CONTENT="est"/>
                  <SP HEIGHT="55" WIDTH="17" VPOS="1061" HPOS="2004"/>
                  <String HEIGHT="55"
                          WIDTH="117"
                          VPOS="1061"
                          HPOS="1954"
                          CONTENT="vna"/>
                  <SP HEIGHT="55" WIDTH="17" VPOS="1061" HPOS="2071"/>
                  <String HEIGHT="55"
                          WIDTH="201"
                          VPOS="1061"
                          HPOS="2021"
                          CONTENT="secundum"/>
                  <SP HEIGHT="55" WIDTH="17" VPOS="1061" HPOS="2222"/>
                  <String HEIGHT="55"
                          WIDTH="117"
                          VPOS="1061"
                          HPOS="2171"
                          CONTENT="sub"/>
                  <SP HEIGHT="55" WIDTH="17" VPOS="1061" HPOS="2288"/>
                  <String HEIGHT="55" WIDTH="33" VPOS="1061" HPOS="2222" CONTENT=""/>
               </TextLine>
               <TextLine ID="r2l16"
                         BASELINE="1164"
                         HEIGHT="62"
                         WIDTH="1768"
                         VPOS="1102"
                         HPOS="479">
                  <String HEIGHT="62"
                          WIDTH="232"
                          VPOS="1102"
                          HPOS="461"
                          CONTENT="stantiam,"/>
                  <SP HEIGHT="62" WIDTH="18" VPOS="1102" HPOS="693"/>
                  <String HEIGHT="62" WIDTH="89" VPOS="1102" HPOS="640" CONTENT="&amp;"/>
                  <SP HEIGHT="62" WIDTH="18" VPOS="1102" HPOS="729"/>
                  <String HEIGHT="62"
                          WIDTH="179"
                          VPOS="1102"
                          HPOS="675"
                          CONTENT="plures"/>
                  <SP HEIGHT="62" WIDTH="18" VPOS="1102" HPOS="854"/>
                  <String HEIGHT="62"
                          WIDTH="214"
                          VPOS="1102"
                          HPOS="800"
                          CONTENT="secundum"/>
                  <SP HEIGHT="62" WIDTH="18" VPOS="1102" HPOS="1015"/>
                  <String HEIGHT="62"
                          WIDTH="250"
                          VPOS="1102"
                          HPOS="961"
                          CONTENT="potentias,"/>
                  <SP HEIGHT="62" WIDTH="18" VPOS="1102" HPOS="1211"/>
                  <String HEIGHT="62" WIDTH="89" VPOS="1102" HPOS="1158" CONTENT="&amp;"/>
                  <SP HEIGHT="62" WIDTH="18" VPOS="1102" HPOS="1247"/>
                  <String HEIGHT="62"
                          WIDTH="268"
                          VPOS="1102"
                          HPOS="1193"
                          CONTENT="habilitates"/>
                  <SP HEIGHT="62" WIDTH="18" VPOS="1102" HPOS="1461"/>
                  <String HEIGHT="62"
                          WIDTH="107"
                          VPOS="1102"
                          HPOS="1408"
                          CONTENT="ad"/>
                  <SP HEIGHT="62" WIDTH="18" VPOS="1102" HPOS="1515"/>
                  <String HEIGHT="62"
                          WIDTH="196"
                          VPOS="1102"
                          HPOS="1461"
                          CONTENT="formas:"/>
                  <SP HEIGHT="62" WIDTH="18" VPOS="1102" HPOS="1658"/>
                  <String HEIGHT="62"
                          WIDTH="125"
                          VPOS="1102"
                          HPOS="1604"
                          CONTENT="hoc"/>
                  <SP HEIGHT="62" WIDTH="18" VPOS="1102" HPOS="1729"/>
                  <String HEIGHT="62"
                          WIDTH="125"
                          VPOS="1102"
                          HPOS="1676"
                          CONTENT="est"/>
                  <SP HEIGHT="62" WIDTH="18" VPOS="1102" HPOS="1801"/>
                  <String HEIGHT="62"
                          WIDTH="161"
                          VPOS="1102"
                          HPOS="1747"
                          CONTENT="causa"/>
                  <SP HEIGHT="62" WIDTH="18" VPOS="1102" HPOS="1908"/>
                  <String HEIGHT="62"
                          WIDTH="107"
                          VPOS="1102"
                          HPOS="1854"
                          CONTENT="in"/>
                  <SP HEIGHT="62" WIDTH="18" VPOS="1102" HPOS="1961"/>
                  <String HEIGHT="62"
                          WIDTH="268"
                          VPOS="1102"
                          HPOS="1908"
                          CONTENT="multitudine"/>
                  <SP HEIGHT="62" WIDTH="18" VPOS="1102" HPOS="2176"/>
                  <String HEIGHT="62"
                          WIDTH="143"
                          VPOS="1102"
                          HPOS="2104"
                          CONTENT="entium"/>
               </TextLine>
               <TextLine ID="r2l17"
                         BASELINE="1223"
                         HEIGHT="53"
                         WIDTH="1768"
                         VPOS="1170"
                         HPOS="478">
                  <String HEIGHT="53" WIDTH="111" VPOS="1170" HPOS="460" CONTENT="ex"/>
                  <SP HEIGHT="53" WIDTH="18" VPOS="1170" HPOS="570"/>
                  <String HEIGHT="53"
                          WIDTH="166"
                          VPOS="1170"
                          HPOS="515"
                          CONTENT="eadem"/>
                  <SP HEIGHT="53" WIDTH="18" VPOS="1170" HPOS="681"/>
                  <String HEIGHT="53"
                          WIDTH="221"
                          VPOS="1170"
                          HPOS="625"
                          CONTENT="materia."/>
                  <SP HEIGHT="53" WIDTH="18" VPOS="1170" HPOS="846"/>
                  <String HEIGHT="53" WIDTH="111" VPOS="1170" HPOS="791" CONTENT="Si"/>
                  <SP HEIGHT="53" WIDTH="18" VPOS="1170" HPOS="902"/>
                  <String HEIGHT="53"
                          WIDTH="147"
                          VPOS="1170"
                          HPOS="846"
                          CONTENT="vero"/>
                  <SP HEIGHT="53" WIDTH="18" VPOS="1170" HPOS="994"/>
                  <String HEIGHT="53"
                          WIDTH="221"
                          VPOS="1170"
                          HPOS="938"
                          CONTENT="diuersae"/>
                  <SP HEIGHT="53" WIDTH="18" VPOS="1170" HPOS="1159"/>
                  <String HEIGHT="53"
                          WIDTH="184"
                          VPOS="1170"
                          HPOS="1104"
                          CONTENT="forma:"/>
                  <SP HEIGHT="53" WIDTH="18" VPOS="1170" HPOS="1288"/>
                  <String HEIGHT="53"
                          WIDTH="129"
                          VPOS="1170"
                          HPOS="1233"
                          CONTENT="per"/>
                  <SP HEIGHT="53" WIDTH="18" VPOS="1170" HPOS="1362"/>
                  <String HEIGHT="53"
                          WIDTH="221"
                          VPOS="1170"
                          HPOS="1307"
                          CONTENT="diuersos"/>
                  <SP HEIGHT="53" WIDTH="18" VPOS="1170" HPOS="1528"/>
                  <String HEIGHT="53"
                          WIDTH="166"
                          VPOS="1170"
                          HPOS="1473"
                          CONTENT="motus"/>
                  <SP HEIGHT="53" WIDTH="18" VPOS="1170" HPOS="1638"/>
                  <String HEIGHT="53"
                          WIDTH="129"
                          VPOS="1170"
                          HPOS="1583"
                          CONTENT="aut"/>
                  <SP HEIGHT="53" WIDTH="18" VPOS="1170" HPOS="1712"/>
                  <String HEIGHT="53"
                          WIDTH="258"
                          VPOS="1170"
                          HPOS="1657"
                          CONTENT="mutationes"/>
                  <SP HEIGHT="53" WIDTH="18" VPOS="1170" HPOS="1914"/>
                  <String HEIGHT="53"
                          WIDTH="166"
                          VPOS="1170"
                          HPOS="1859"
                          CONTENT="simul"/>
                  <SP HEIGHT="53" WIDTH="18" VPOS="1170" HPOS="2025"/>
                  <String HEIGHT="53"
                          WIDTH="258"
                          VPOS="1170"
                          HPOS="1970"
                          CONTENT="existentes"/>
                  <SP HEIGHT="53" WIDTH="18" VPOS="1170" HPOS="2228"/>
                  <String HEIGHT="53"
                          WIDTH="92"
                          VPOS="1170"
                          HPOS="2154"
                          CONTENT="per"/>
               </TextLine>
               <TextLine ID="r2l18"
                         BASELINE="1279"
                         HEIGHT="65"
                         WIDTH="1766"
                         VPOS="1214"
                         HPOS="480">
                  <String HEIGHT="65"
                          WIDTH="190"
                          VPOS="1214"
                          HPOS="463"
                          CONTENT="naturam"/>
                  <SP HEIGHT="65" WIDTH="17" VPOS="1214" HPOS="653"/>
                  <String HEIGHT="65"
                          WIDTH="260"
                          VPOS="1214"
                          HPOS="601"
                          CONTENT="producantur"/>
                  <SP HEIGHT="65" WIDTH="17" VPOS="1214" HPOS="861"/>
                  <String HEIGHT="65" WIDTH="104" VPOS="1214" HPOS="809" CONTENT="in"/>
                  <SP HEIGHT="65" WIDTH="17" VPOS="1214" HPOS="913"/>
                  <String HEIGHT="65"
                          WIDTH="156"
                          VPOS="1214"
                          HPOS="861"
                          CONTENT="esse:"/>
                  <SP HEIGHT="65" WIDTH="17" VPOS="1214" HPOS="1017"/>
                  <String HEIGHT="65"
                          WIDTH="121"
                          VPOS="1214"
                          HPOS="965"
                          CONTENT="hoc"/>
                  <SP HEIGHT="65" WIDTH="17" VPOS="1214" HPOS="1086"/>
                  <String HEIGHT="65"
                          WIDTH="121"
                          VPOS="1214"
                          HPOS="1034"
                          CONTENT="non"/>
                  <SP HEIGHT="65" WIDTH="17" VPOS="1214" HPOS="1155"/>
                  <String HEIGHT="65"
                          WIDTH="225"
                          VPOS="1214"
                          HPOS="1103"
                          CONTENT="contingit"/>
                  <SP HEIGHT="65" WIDTH="17" VPOS="1214" HPOS="1328"/>
                  <String HEIGHT="65"
                          WIDTH="139"
                          VPOS="1214"
                          HPOS="1276"
                          CONTENT="nisi"/>
                  <SP HEIGHT="65" WIDTH="17" VPOS="1214" HPOS="1415"/>
                  <String HEIGHT="65"
                          WIDTH="139"
                          VPOS="1214"
                          HPOS="1363"
                          CONTENT="quia"/>
                  <SP HEIGHT="65" WIDTH="17" VPOS="1214" HPOS="1502"/>
                  <String HEIGHT="65"
                          WIDTH="156"
                          VPOS="1214"
                          HPOS="1450"
                          CONTENT="illud"/>
                  <SP HEIGHT="65" WIDTH="17" VPOS="1214" HPOS="1605"/>
                  <String HEIGHT="65"
                          WIDTH="139"
                          VPOS="1214"
                          HPOS="1553"
                          CONTENT="quod"/>
                  <SP HEIGHT="65" WIDTH="17" VPOS="1214" HPOS="1692"/>
                  <String HEIGHT="65"
                          WIDTH="208"
                          VPOS="1214"
                          HPOS="1640"
                          CONTENT="mouetur,"/>
                  <SP HEIGHT="65" WIDTH="17" VPOS="1214" HPOS="1848"/>
                  <String HEIGHT="65"
                          WIDTH="121"
                          VPOS="1214"
                          HPOS="1796"
                          CONTENT="est"/>
                  <SP HEIGHT="65" WIDTH="17" VPOS="1214" HPOS="1917"/>
                  <String HEIGHT="65"
                          WIDTH="139"
                          VPOS="1214"
                          HPOS="1865"
                          CONTENT="vnum"/>
                  <SP HEIGHT="65" WIDTH="17" VPOS="1214" HPOS="2004"/>
                  <String HEIGHT="65"
                          WIDTH="121"
                          VPOS="1214"
                          HPOS="1952"
                          CONTENT="non"/>
                  <SP HEIGHT="65" WIDTH="17" VPOS="1214" HPOS="2073"/>
                  <String HEIGHT="65"
                          WIDTH="121"
                          VPOS="1214"
                          HPOS="2021"
                          CONTENT="per"/>
                  <SP HEIGHT="65" WIDTH="17" VPOS="1214" HPOS="2142"/>
                  <String HEIGHT="65"
                          WIDTH="121"
                          VPOS="1214"
                          HPOS="2090"
                          CONTENT="se:"/>
                  <SP HEIGHT="65" WIDTH="17" VPOS="1214" HPOS="2211"/>
                  <String HEIGHT="65"
                          WIDTH="121"
                          VPOS="1214"
                          HPOS="2159"
                          CONTENT="sed"/>
                  <SP HEIGHT="65" WIDTH="17" VPOS="1214" HPOS="2281"/>
                  <String HEIGHT="65" WIDTH="35" VPOS="1214" HPOS="2211" CONTENT=""/>
               </TextLine>
               <TextLine ID="r2l19"
                         BASELINE="1321"
                         HEIGHT="55"
                         WIDTH="1761"
                         VPOS="1266"
                         HPOS="480">
                  <String HEIGHT="55"
                          WIDTH="201"
                          VPOS="1266"
                          HPOS="463"
                          CONTENT="secundum"/>
                  <SP HEIGHT="55" WIDTH="17" VPOS="1266" HPOS="664"/>
                  <String HEIGHT="55"
                          WIDTH="218"
                          VPOS="1266"
                          HPOS="614"
                          CONTENT="accidens."/>
                  <SP HEIGHT="55" WIDTH="17" VPOS="1266" HPOS="832"/>
                  <String HEIGHT="55"
                          WIDTH="201"
                          VPOS="1266"
                          HPOS="782"
                          CONTENT="secundum"/>
                  <SP HEIGHT="55" WIDTH="17" VPOS="1266" HPOS="983"/>
                  <String HEIGHT="55"
                          WIDTH="134"
                          VPOS="1266"
                          HPOS="933"
                          CONTENT="quod"/>
                  <SP HEIGHT="55" WIDTH="17" VPOS="1266" HPOS="1067"/>
                  <String HEIGHT="55"
                          WIDTH="151"
                          VPOS="1266"
                          HPOS="1017"
                          CONTENT="dicit"/>
                  <SP HEIGHT="55" WIDTH="17" VPOS="1266" HPOS="1168"/>
                  <String HEIGHT="55"
                          WIDTH="252"
                          VPOS="1266"
                          HPOS="1117"
                          CONTENT="Philosophus"/>
                  <SP HEIGHT="55" WIDTH="17" VPOS="1266" HPOS="1369"/>
                  <String HEIGHT="55"
                          WIDTH="101"
                          VPOS="1266"
                          HPOS="1319"
                          CONTENT="in"/>
                  <SP HEIGHT="55" WIDTH="17" VPOS="1266" HPOS="1419"/>
                  <String HEIGHT="55"
                          WIDTH="168"
                          VPOS="1266"
                          HPOS="1369"
                          CONTENT="quinto"/>
                  <SP HEIGHT="55" WIDTH="17" VPOS="1266" HPOS="1537"/>
                  <String HEIGHT="55"
                          WIDTH="252"
                          VPOS="1266"
                          HPOS="1486"
                          CONTENT="Physicorum."/>
                  <SP HEIGHT="55" WIDTH="17" VPOS="1266" HPOS="1738"/>
                  <String HEIGHT="55"
                          WIDTH="252"
                          VPOS="1266"
                          HPOS="1688"
                          CONTENT="Simpliciter"/>
                  <SP HEIGHT="55" WIDTH="17" VPOS="1266" HPOS="1939"/>
                  <String HEIGHT="55"
                          WIDTH="151"
                          VPOS="1266"
                          HPOS="1889"
                          CONTENT="motum"/>
                  <SP HEIGHT="55" WIDTH="17" VPOS="1266" HPOS="2040"/>
                  <String HEIGHT="55"
                          WIDTH="134"
                          VPOS="1266"
                          HPOS="1989"
                          CONTENT="esse"/>
                  <SP HEIGHT="55" WIDTH="17" VPOS="1266" HPOS="2124"/>
                  <String HEIGHT="55"
                          WIDTH="134"
                          VPOS="1266"
                          HPOS="2073"
                          CONTENT="vnum"/>
                  <SP HEIGHT="55" WIDTH="17" VPOS="1266" HPOS="2207"/>
                  <String HEIGHT="55"
                          WIDTH="101"
                          VPOS="1266"
                          HPOS="2140"
                          CONTENT="nume"/>
               </TextLine>
               <TextLine ID="r2l20"
                         BASELINE="1379"
                         HEIGHT="60"
                         WIDTH="1768"
                         VPOS="1319"
                         HPOS="482">
                  <String HEIGHT="60"
                          WIDTH="120"
                          VPOS="1319"
                          HPOS="465"
                          CONTENT="ro,"/>
                  <SP HEIGHT="60" WIDTH="17" VPOS="1319" HPOS="585"/>
                  <String HEIGHT="60"
                          WIDTH="223"
                          VPOS="1319"
                          HPOS="533"
                          CONTENT="consistit"/>
                  <SP HEIGHT="60" WIDTH="17" VPOS="1319" HPOS="757"/>
                  <String HEIGHT="60" WIDTH="103" VPOS="1319" HPOS="705" CONTENT="in"/>
                  <SP HEIGHT="60" WIDTH="17" VPOS="1319" HPOS="808"/>
                  <String HEIGHT="60"
                          WIDTH="120"
                          VPOS="1319"
                          HPOS="757"
                          CONTENT="his"/>
                  <SP HEIGHT="60" WIDTH="17" VPOS="1319" HPOS="877"/>
                  <String HEIGHT="60"
                          WIDTH="189"
                          VPOS="1319"
                          HPOS="825"
                          CONTENT="tribus."/>
                  <SP HEIGHT="60" WIDTH="17" VPOS="1319" HPOS="1014"/>
                  <String HEIGHT="60"
                          WIDTH="172"
                          VPOS="1319"
                          HPOS="963"
                          CONTENT="etenim"/>
                  <SP HEIGHT="60" WIDTH="17" VPOS="1319" HPOS="1134"/>
                  <String HEIGHT="60"
                          WIDTH="103"
                          VPOS="1319"
                          HPOS="1083"
                          CONTENT="in"/>
                  <SP HEIGHT="60" WIDTH="17" VPOS="1319" HPOS="1186"/>
                  <String HEIGHT="60"
                          WIDTH="120"
                          VPOS="1319"
                          HPOS="1134"
                          CONTENT="quo"/>
                  <SP HEIGHT="60" WIDTH="17" VPOS="1319" HPOS="1254"/>
                  <String HEIGHT="60"
                          WIDTH="137"
                          VPOS="1319"
                          HPOS="1203"
                          CONTENT="est,"/>
                  <SP HEIGHT="60" WIDTH="17" VPOS="1319" HPOS="1340"/>
                  <String HEIGHT="60"
                          WIDTH="137"
                          VPOS="1319"
                          HPOS="1289"
                          CONTENT="vnum"/>
                  <SP HEIGHT="60" WIDTH="17" VPOS="1319" HPOS="1426"/>
                  <String HEIGHT="60"
                          WIDTH="189"
                          VPOS="1319"
                          HPOS="1375"
                          CONTENT="oportet"/>
                  <SP HEIGHT="60" WIDTH="17" VPOS="1319" HPOS="1563"/>
                  <String HEIGHT="60"
                          WIDTH="137"
                          VPOS="1319"
                          HPOS="1512"
                          CONTENT="esse"/>
                  <SP HEIGHT="60" WIDTH="17" VPOS="1319" HPOS="1649"/>
                  <String HEIGHT="60" WIDTH="86" VPOS="1319" HPOS="1598" CONTENT="&amp;"/>
                  <SP HEIGHT="60" WIDTH="17" VPOS="1319" HPOS="1684"/>
                  <String HEIGHT="60"
                          WIDTH="275"
                          VPOS="1319"
                          HPOS="1632"
                          CONTENT="indiuisibile"/>
                  <SP HEIGHT="60" WIDTH="17" VPOS="1319" HPOS="1907"/>
                  <String HEIGHT="60"
                          WIDTH="103"
                          VPOS="1319"
                          HPOS="1855"
                          CONTENT="vt"/>
                  <SP HEIGHT="60" WIDTH="17" VPOS="1319" HPOS="1958"/>
                  <String HEIGHT="60"
                          WIDTH="189"
                          VPOS="1319"
                          HPOS="1907"
                          CONTENT="speciem"/>
                  <SP HEIGHT="60" WIDTH="17" VPOS="1319" HPOS="2096"/>
                  <String HEIGHT="60"
                          WIDTH="137"
                          VPOS="1319"
                          HPOS="2044"
                          CONTENT="siue"/>
                  <SP HEIGHT="60" WIDTH="17" VPOS="1319" HPOS="2181"/>
                  <String HEIGHT="60"
                          WIDTH="137"
                          VPOS="1319"
                          HPOS="2113"
                          CONTENT="formam"/>
               </TextLine>
               <TextLine ID="r2l21"
                         BASELINE="1436"
                         HEIGHT="64"
                         WIDTH="1764"
                         VPOS="1372"
                         HPOS="487">
                  <String HEIGHT="64" WIDTH="88" VPOS="1372" HPOS="469" CONTENT="&amp;"/>
                  <SP HEIGHT="64" WIDTH="18" VPOS="1372" HPOS="558"/>
                  <String HEIGHT="64"
                          WIDTH="141"
                          VPOS="1372"
                          HPOS="505"
                          CONTENT="vnum"/>
                  <SP HEIGHT="64" WIDTH="18" VPOS="1372" HPOS="646"/>
                  <String HEIGHT="64"
                          WIDTH="176"
                          VPOS="1372"
                          HPOS="593"
                          CONTENT="tempus"/>
                  <SP HEIGHT="64" WIDTH="18" VPOS="1372" HPOS="769"/>
                  <String HEIGHT="64"
                          WIDTH="123"
                          VPOS="1372"
                          HPOS="716"
                          CONTENT="non"/>
                  <SP HEIGHT="64" WIDTH="18" VPOS="1372" HPOS="840"/>
                  <String HEIGHT="64"
                          WIDTH="247"
                          VPOS="1372"
                          HPOS="787"
                          CONTENT="deficiens:"/>
                  <SP HEIGHT="64" WIDTH="18" VPOS="1372" HPOS="1034"/>
                  <String HEIGHT="64" WIDTH="88" VPOS="1372" HPOS="981" CONTENT="&amp;"/>
                  <SP HEIGHT="64" WIDTH="18" VPOS="1372" HPOS="1069"/>
                  <String HEIGHT="64"
                          WIDTH="141"
                          VPOS="1372"
                          HPOS="1016"
                          CONTENT="quod"/>
                  <SP HEIGHT="64" WIDTH="18" VPOS="1372" HPOS="1157"/>
                  <String HEIGHT="64"
                          WIDTH="194"
                          VPOS="1372"
                          HPOS="1104"
                          CONTENT="mouetur"/>
                  <SP HEIGHT="64" WIDTH="18" VPOS="1372" HPOS="1298"/>
                  <String HEIGHT="64"
                          WIDTH="141"
                          VPOS="1372"
                          HPOS="1246"
                          CONTENT="vnum"/>
                  <SP HEIGHT="64" WIDTH="18" VPOS="1372" HPOS="1387"/>
                  <String HEIGHT="64"
                          WIDTH="141"
                          VPOS="1372"
                          HPOS="1334"
                          CONTENT="esse"/>
                  <SP HEIGHT="64" WIDTH="18" VPOS="1372" HPOS="1475"/>
                  <String HEIGHT="64"
                          WIDTH="123"
                          VPOS="1372"
                          HPOS="1422"
                          CONTENT="non"/>
                  <SP HEIGHT="64" WIDTH="18" VPOS="1372" HPOS="1545"/>
                  <String HEIGHT="64"
                          WIDTH="212"
                          VPOS="1372"
                          HPOS="1492"
                          CONTENT="secundum"/>
                  <SP HEIGHT="64" WIDTH="18" VPOS="1372" HPOS="1704"/>
                  <String HEIGHT="64"
                          WIDTH="229"
                          VPOS="1372"
                          HPOS="1651"
                          CONTENT="accidens:"/>
                  <SP HEIGHT="64" WIDTH="18" VPOS="1372" HPOS="1881"/>
                  <String HEIGHT="64"
                          WIDTH="106"
                          VPOS="1372"
                          HPOS="1828"
                          CONTENT="vt"/>
                  <SP HEIGHT="64" WIDTH="18" VPOS="1372" HPOS="1933"/>
                  <String HEIGHT="64"
                          WIDTH="159"
                          VPOS="1372"
                          HPOS="1881"
                          CONTENT="album"/>
                  <SP HEIGHT="64" WIDTH="18" VPOS="1372" HPOS="2039"/>
                  <String HEIGHT="64" WIDTH="88" VPOS="1372" HPOS="1986" CONTENT="&amp;"/>
                  <SP HEIGHT="64" WIDTH="18" VPOS="1372" HPOS="2075"/>
                  <String HEIGHT="64"
                          WIDTH="176"
                          VPOS="1372"
                          HPOS="2022"
                          CONTENT="nigrum"/>
                  <SP HEIGHT="64" WIDTH="18" VPOS="1372" HPOS="2198"/>
                  <String HEIGHT="64"
                          WIDTH="123"
                          VPOS="1372"
                          HPOS="2128"
                          CONTENT="fieri"/>
               </TextLine>
               <TextLine ID="r2l22"
                         BASELINE="1487"
                         HEIGHT="61"
                         WIDTH="1764"
                         VPOS="1426"
                         HPOS="487">
                  <String HEIGHT="61" WIDTH="90" VPOS="1426" HPOS="469" CONTENT="&amp;"/>
                  <SP HEIGHT="61" WIDTH="18" VPOS="1426" HPOS="559"/>
                  <String HEIGHT="61"
                          WIDTH="216"
                          VPOS="1426"
                          HPOS="505"
                          CONTENT="Coryscum"/>
                  <SP HEIGHT="61" WIDTH="18" VPOS="1426" HPOS="721"/>
                  <String HEIGHT="61"
                          WIDTH="234"
                          VPOS="1426"
                          HPOS="667"
                          CONTENT="ambulare."/>
                  <SP HEIGHT="61" WIDTH="18" VPOS="1426" HPOS="901"/>
                  <String HEIGHT="61"
                          WIDTH="144"
                          VPOS="1426"
                          HPOS="847"
                          CONTENT="vnum"/>
                  <SP HEIGHT="61" WIDTH="18" VPOS="1426" HPOS="991"/>
                  <String HEIGHT="61"
                          WIDTH="144"
                          VPOS="1426"
                          HPOS="937"
                          CONTENT="enim"/>
                  <SP HEIGHT="61" WIDTH="18" VPOS="1426" HPOS="1081"/>
                  <String HEIGHT="61"
                          WIDTH="126"
                          VPOS="1426"
                          HPOS="1027"
                          CONTENT="est"/>
                  <SP HEIGHT="61" WIDTH="18" VPOS="1426" HPOS="1153"/>
                  <String HEIGHT="61"
                          WIDTH="216"
                          VPOS="1426"
                          HPOS="1099"
                          CONTENT="Coryscus"/>
                  <SP HEIGHT="61" WIDTH="18" VPOS="1426" HPOS="1315"/>
                  <String HEIGHT="61" WIDTH="90" VPOS="1426" HPOS="1261" CONTENT="&amp;"/>
                  <SP HEIGHT="61" WIDTH="18" VPOS="1426" HPOS="1351"/>
                  <String HEIGHT="61"
                          WIDTH="180"
                          VPOS="1426"
                          HPOS="1297"
                          CONTENT="albus:"/>
                  <SP HEIGHT="61" WIDTH="18" VPOS="1426" HPOS="1477"/>
                  <String HEIGHT="61"
                          WIDTH="126"
                          VPOS="1426"
                          HPOS="1423"
                          CONTENT="sed"/>
                  <SP HEIGHT="61" WIDTH="18" VPOS="1426" HPOS="1549"/>
                  <String HEIGHT="61"
                          WIDTH="216"
                          VPOS="1426"
                          HPOS="1495"
                          CONTENT="secundum"/>
                  <SP HEIGHT="61" WIDTH="18" VPOS="1426" HPOS="1711"/>
                  <String HEIGHT="61"
                          WIDTH="234"
                          VPOS="1426"
                          HPOS="1657"
                          CONTENT="accidens."/>
                  <SP HEIGHT="61" WIDTH="18" VPOS="1426" HPOS="1891"/>
                  <String HEIGHT="61"
                          WIDTH="126"
                          VPOS="1426"
                          HPOS="1837"
                          CONTENT="Vbi"/>
                  <SP HEIGHT="61" WIDTH="18" VPOS="1426" HPOS="1963"/>
                  <String HEIGHT="61"
                          WIDTH="162"
                          VPOS="1426"
                          HPOS="1909"
                          CONTENT="dicit"/>
                  <SP HEIGHT="61" WIDTH="18" VPOS="1426" HPOS="2071"/>
                  <String HEIGHT="61"
                          WIDTH="270"
                          VPOS="1426"
                          HPOS="2017"
                          CONTENT="Commentator"/>
                  <SP HEIGHT="61" WIDTH="18" VPOS="1426" HPOS="2287"/>
                  <String HEIGHT="61" WIDTH="36" VPOS="1426" HPOS="2215" CONTENT=""/>
               </TextLine>
               <TextLine ID="r2l23"
                         BASELINE="1549"
                         HEIGHT="69"
                         WIDTH="1763"
                         VPOS="1480"
                         HPOS="483">
                  <String HEIGHT="69" WIDTH="110" VPOS="1480" HPOS="465" CONTENT="Si"/>
                  <SP HEIGHT="69" WIDTH="18" VPOS="1480" HPOS="575"/>
                  <String HEIGHT="69"
                          WIDTH="184"
                          VPOS="1480"
                          HPOS="520"
                          CONTENT="fuerit"/>
                  <SP HEIGHT="69" WIDTH="18" VPOS="1480" HPOS="703"/>
                  <String HEIGHT="69"
                          WIDTH="147"
                          VPOS="1480"
                          HPOS="648"
                          CONTENT="vnum"/>
                  <SP HEIGHT="69" WIDTH="18" VPOS="1480" HPOS="795"/>
                  <String HEIGHT="69"
                          WIDTH="129"
                          VPOS="1480"
                          HPOS="740"
                          CONTENT="per"/>
                  <SP HEIGHT="69" WIDTH="18" VPOS="1480" HPOS="869"/>
                  <String HEIGHT="69"
                          WIDTH="239"
                          VPOS="1480"
                          HPOS="814"
                          CONTENT="accidens:"/>
                  <SP HEIGHT="69" WIDTH="18" VPOS="1480" HPOS="1052"/>
                  <String HEIGHT="69"
                          WIDTH="147"
                          VPOS="1480"
                          HPOS="997"
                          CONTENT="tunc"/>
                  <SP HEIGHT="69" WIDTH="18" VPOS="1480" HPOS="1144"/>
                  <String HEIGHT="69"
                          WIDTH="147"
                          VPOS="1480"
                          HPOS="1089"
                          CONTENT="erit"/>
                  <SP HEIGHT="69" WIDTH="18" VPOS="1480" HPOS="1236"/>
                  <String HEIGHT="69"
                          WIDTH="239"
                          VPOS="1480"
                          HPOS="1181"
                          CONTENT="possibile"/>
                  <SP HEIGHT="69" WIDTH="18" VPOS="1480" HPOS="1420"/>
                  <String HEIGHT="69"
                          WIDTH="110"
                          VPOS="1480"
                          HPOS="1365"
                          CONTENT="vt"/>
                  <SP HEIGHT="69" WIDTH="18" VPOS="1480" HPOS="1475"/>
                  <String HEIGHT="69"
                          WIDTH="220"
                          VPOS="1480"
                          HPOS="1420"
                          CONTENT="moueatur"/>
                  <SP HEIGHT="69" WIDTH="18" VPOS="1480" HPOS="1640"/>
                  <String HEIGHT="69"
                          WIDTH="184"
                          VPOS="1480"
                          HPOS="1585"
                          CONTENT="duobus"/>
                  <SP HEIGHT="69" WIDTH="18" VPOS="1480" HPOS="1769"/>
                  <String HEIGHT="69"
                          WIDTH="202"
                          VPOS="1480"
                          HPOS="1713"
                          CONTENT="motibus"/>
                  <SP HEIGHT="69" WIDTH="18" VPOS="1480" HPOS="1915"/>
                  <String HEIGHT="69"
                          WIDTH="165"
                          VPOS="1480"
                          HPOS="1860"
                          CONTENT="simul"/>
                  <SP HEIGHT="69" WIDTH="18" VPOS="1480" HPOS="2026"/>
                  <String HEIGHT="69"
                          WIDTH="110"
                          VPOS="1480"
                          HPOS="1971"
                          CONTENT="in"/>
                  <SP HEIGHT="69" WIDTH="18" VPOS="1480" HPOS="2081"/>
                  <String HEIGHT="69"
                          WIDTH="165"
                          VPOS="1480"
                          HPOS="2026"
                          CONTENT="eodem"/>
                  <SP HEIGHT="69" WIDTH="18" VPOS="1480" HPOS="2191"/>
                  <String HEIGHT="69"
                          WIDTH="129"
                          VPOS="1480"
                          HPOS="2117"
                          CONTENT="tempo"/>
               </TextLine>
               <TextLine ID="r2l24"
                         BASELINE="1600"
                         HEIGHT="53"
                         WIDTH="1755"
                         VPOS="1547"
                         HPOS="491">
                  <String HEIGHT="53"
                          WIDTH="118"
                          VPOS="1547"
                          HPOS="474"
                          CONTENT="re."/>
                  <SP HEIGHT="53" WIDTH="17" VPOS="1547" HPOS="592"/>
                  <String HEIGHT="53"
                          WIDTH="152"
                          VPOS="1547"
                          HPOS="542"
                          CONTENT="verbi"/>
                  <SP HEIGHT="53" WIDTH="17" VPOS="1547" HPOS="694"/>
                  <String HEIGHT="53"
                          WIDTH="186"
                          VPOS="1547"
                          HPOS="643"
                          CONTENT="gratia:"/>
                  <SP HEIGHT="53" WIDTH="17" VPOS="1547" HPOS="829"/>
                  <String HEIGHT="53"
                          WIDTH="186"
                          VPOS="1547"
                          HPOS="778"
                          CONTENT="quoniam"/>
                  <SP HEIGHT="53" WIDTH="17" VPOS="1547" HPOS="964"/>
                  <String HEIGHT="53"
                          WIDTH="152"
                          VPOS="1547"
                          HPOS="913"
                          CONTENT="album"/>
                  <SP HEIGHT="53" WIDTH="17" VPOS="1547" HPOS="1065"/>
                  <String HEIGHT="53" WIDTH="84" VPOS="1547" HPOS="1014" CONTENT="&amp;"/>
                  <SP HEIGHT="53" WIDTH="17" VPOS="1547" HPOS="1099"/>
                  <String HEIGHT="53"
                          WIDTH="169"
                          VPOS="1547"
                          HPOS="1048"
                          CONTENT="Sortes"/>
                  <SP HEIGHT="53" WIDTH="17" VPOS="1547" HPOS="1217"/>
                  <String HEIGHT="53"
                          WIDTH="135"
                          VPOS="1547"
                          HPOS="1166"
                          CONTENT="sunt"/>
                  <SP HEIGHT="53" WIDTH="17" VPOS="1547" HPOS="1301"/>
                  <String HEIGHT="53"
                          WIDTH="135"
                          VPOS="1547"
                          HPOS="1250"
                          CONTENT="idem"/>
                  <SP HEIGHT="53" WIDTH="17" VPOS="1547" HPOS="1385"/>
                  <String HEIGHT="53"
                          WIDTH="118"
                          VPOS="1547"
                          HPOS="1335"
                          CONTENT="per"/>
                  <SP HEIGHT="53" WIDTH="17" VPOS="1547" HPOS="1453"/>
                  <String HEIGHT="53"
                          WIDTH="219"
                          VPOS="1547"
                          HPOS="1402"
                          CONTENT="accidens:"/>
                  <SP HEIGHT="53" WIDTH="17" VPOS="1547" HPOS="1622"/>
                  <String HEIGHT="53" WIDTH="84" VPOS="1547" HPOS="1571" CONTENT="&amp;"/>
                  <SP HEIGHT="53" WIDTH="17" VPOS="1547" HPOS="1655"/>
                  <String HEIGHT="53"
                          WIDTH="236"
                          VPOS="1547"
                          HPOS="1605"
                          CONTENT="nigrificat"/>
                  <SP HEIGHT="53" WIDTH="17" VPOS="1547" HPOS="1841"/>
                  <String HEIGHT="53"
                          WIDTH="203"
                          VPOS="1547"
                          HPOS="1790"
                          CONTENT="secundum"/>
                  <SP HEIGHT="53" WIDTH="17" VPOS="1547" HPOS="1993"/>
                  <String HEIGHT="53"
                          WIDTH="135"
                          VPOS="1547"
                          HPOS="1942"
                          CONTENT="quod"/>
                  <SP HEIGHT="53" WIDTH="17" VPOS="1547" HPOS="2077"/>
                  <String HEIGHT="53"
                          WIDTH="118"
                          VPOS="1547"
                          HPOS="2027"
                          CONTENT="est"/>
                  <SP HEIGHT="53" WIDTH="17" VPOS="1547" HPOS="2145"/>
                  <String HEIGHT="53"
                          WIDTH="169"
                          VPOS="1547"
                          HPOS="2094"
                          CONTENT="albus:"/>
                  <SP HEIGHT="53" WIDTH="17" VPOS="1547" HPOS="2263"/>
                  <String HEIGHT="53" WIDTH="51" VPOS="1547" HPOS="2195" CONTENT="&amp;"/>
               </TextLine>
               <TextLine ID="r2l25"
                         BASELINE="1658"
                         HEIGHT="69"
                         WIDTH="1768"
                         VPOS="1589"
                         HPOS="481">
                  <String HEIGHT="69"
                          WIDTH="168"
                          VPOS="1589"
                          HPOS="466"
                          CONTENT="ambulat"/>
                  <SP HEIGHT="69" WIDTH="15" VPOS="1589" HPOS="633"/>
                  <String HEIGHT="69"
                          WIDTH="183"
                          VPOS="1589"
                          HPOS="588"
                          CONTENT="secundum"/>
                  <SP HEIGHT="69" WIDTH="15" VPOS="1589" HPOS="771"/>
                  <String HEIGHT="69"
                          WIDTH="122"
                          VPOS="1589"
                          HPOS="725"
                          CONTENT="quod"/>
                  <SP HEIGHT="69" WIDTH="15" VPOS="1589" HPOS="847"/>
                  <String HEIGHT="69"
                          WIDTH="107"
                          VPOS="1589"
                          HPOS="801"
                          CONTENT="est"/>
                  <SP HEIGHT="69" WIDTH="15" VPOS="1589" HPOS="908"/>
                  <String HEIGHT="69"
                          WIDTH="168"
                          VPOS="1589"
                          HPOS="862"
                          CONTENT="Sortes."/>
                  <SP HEIGHT="69" WIDTH="15" VPOS="1589" HPOS="1030"/>
                  <String HEIGHT="69" WIDTH="91" VPOS="1589" HPOS="984" CONTENT="Et"/>
                  <SP HEIGHT="69" WIDTH="15" VPOS="1589" HPOS="1075"/>
                  <String HEIGHT="69"
                          WIDTH="244"
                          VPOS="1589"
                          HPOS="1030"
                          CONTENT="consimiliter"/>
                  <SP HEIGHT="69" WIDTH="15" VPOS="1589" HPOS="1274"/>
                  <String HEIGHT="69"
                          WIDTH="213"
                          VPOS="1589"
                          HPOS="1228"
                          CONTENT="contingit:"/>
                  <SP HEIGHT="69" WIDTH="15" VPOS="1589" HPOS="1441"/>
                  <String HEIGHT="69" WIDTH="91" VPOS="1589" HPOS="1395" CONTENT="si"/>
                  <SP HEIGHT="69" WIDTH="15" VPOS="1589" HPOS="1487"/>
                  <String HEIGHT="69"
                          WIDTH="107"
                          VPOS="1589"
                          HPOS="1441"
                          CONTENT="duo"/>
                  <SP HEIGHT="69" WIDTH="15" VPOS="1589" HPOS="1548"/>
                  <String HEIGHT="69"
                          WIDTH="183"
                          VPOS="1589"
                          HPOS="1502"
                          CONTENT="accidunt"/>
                  <SP HEIGHT="69" WIDTH="15" VPOS="1589" HPOS="1685"/>
                  <String HEIGHT="69"
                          WIDTH="152"
                          VPOS="1589"
                          HPOS="1639"
                          CONTENT="eidem:"/>
                  <SP HEIGHT="69" WIDTH="15" VPOS="1589" HPOS="1792"/>
                  <String HEIGHT="69" WIDTH="91" VPOS="1589" HPOS="1746" CONTENT="vt"/>
                  <SP HEIGHT="69" WIDTH="15" VPOS="1589" HPOS="1837"/>
                  <String HEIGHT="69"
                          WIDTH="137"
                          VPOS="1589"
                          HPOS="1792"
                          CONTENT="album"/>
                  <SP HEIGHT="69" WIDTH="15" VPOS="1589" HPOS="1929"/>
                  <String HEIGHT="69" WIDTH="76" VPOS="1589" HPOS="1883" CONTENT="&amp;"/>
                  <SP HEIGHT="69" WIDTH="15" VPOS="1589" HPOS="1959"/>
                  <String HEIGHT="69"
                          WIDTH="152"
                          VPOS="1589"
                          HPOS="1914"
                          CONTENT="dulce:"/>
                  <SP HEIGHT="69" WIDTH="15" VPOS="1589" HPOS="2066"/>
                  <String HEIGHT="69"
                          WIDTH="122"
                          VPOS="1589"
                          HPOS="2020"
                          CONTENT="quod"/>
                  <SP HEIGHT="69" WIDTH="15" VPOS="1589" HPOS="2142"/>
                  <String HEIGHT="69"
                          WIDTH="152"
                          VPOS="1589"
                          HPOS="2097"
                          CONTENT="potest"/>
                  <SP HEIGHT="69" WIDTH="15" VPOS="1589" HPOS="2249"/>
                  <String HEIGHT="69" WIDTH="61" VPOS="1589" HPOS="2188" CONTENT="ni"/>
               </TextLine>
               <TextLine ID="r2l26"
                         BASELINE="1707"
                         HEIGHT="68"
                         WIDTH="1764"
                         VPOS="1639"
                         HPOS="483">
                  <String HEIGHT="68"
                          WIDTH="181"
                          VPOS="1639"
                          HPOS="468"
                          CONTENT="grescere"/>
                  <SP HEIGHT="68" WIDTH="15" VPOS="1639" HPOS="649"/>
                  <String HEIGHT="68"
                          WIDTH="181"
                          VPOS="1639"
                          HPOS="604"
                          CONTENT="secundum"/>
                  <SP HEIGHT="68" WIDTH="15" VPOS="1639" HPOS="785"/>
                  <String HEIGHT="68"
                          WIDTH="121"
                          VPOS="1639"
                          HPOS="739"
                          CONTENT="quod"/>
                  <SP HEIGHT="68" WIDTH="15" VPOS="1639" HPOS="860"/>
                  <String HEIGHT="68"
                          WIDTH="106"
                          VPOS="1639"
                          HPOS="815"
                          CONTENT="est"/>
                  <SP HEIGHT="68" WIDTH="15" VPOS="1639" HPOS="920"/>
                  <String HEIGHT="68"
                          WIDTH="151"
                          VPOS="1639"
                          HPOS="875"
                          CONTENT="album:"/>
                  <SP HEIGHT="68" WIDTH="15" VPOS="1639" HPOS="1026"/>
                  <String HEIGHT="68" WIDTH="75" VPOS="1639" HPOS="981" CONTENT="&amp;"/>
                  <SP HEIGHT="68" WIDTH="15" VPOS="1639" HPOS="1056"/>
                  <String HEIGHT="68"
                          WIDTH="211"
                          VPOS="1639"
                          HPOS="1011"
                          CONTENT="amarescere"/>
                  <SP HEIGHT="68" WIDTH="15" VPOS="1639" HPOS="1222"/>
                  <String HEIGHT="68"
                          WIDTH="181"
                          VPOS="1639"
                          HPOS="1177"
                          CONTENT="secundum"/>
                  <SP HEIGHT="68" WIDTH="15" VPOS="1639" HPOS="1357"/>
                  <String HEIGHT="68"
                          WIDTH="121"
                          VPOS="1639"
                          HPOS="1312"
                          CONTENT="quod"/>
                  <SP HEIGHT="68" WIDTH="15" VPOS="1639" HPOS="1433"/>
                  <String HEIGHT="68"
                          WIDTH="106"
                          VPOS="1639"
                          HPOS="1388"
                          CONTENT="est"/>
                  <SP HEIGHT="68" WIDTH="15" VPOS="1639" HPOS="1493"/>
                  <String HEIGHT="68"
                          WIDTH="151"
                          VPOS="1639"
                          HPOS="1448"
                          CONTENT="dulce."/>
                  <SP HEIGHT="68" WIDTH="15" VPOS="1639" HPOS="1599"/>
                  <String HEIGHT="68" WIDTH="90" VPOS="1639" HPOS="1553" CONTENT="Si"/>
                  <SP HEIGHT="68" WIDTH="15" VPOS="1639" HPOS="1644"/>
                  <String HEIGHT="68"
                          WIDTH="121"
                          VPOS="1639"
                          HPOS="1599"
                          CONTENT="ergo"/>
                  <SP HEIGHT="68" WIDTH="15" VPOS="1639" HPOS="1719"/>
                  <String HEIGHT="68"
                          WIDTH="166"
                          VPOS="1639"
                          HPOS="1674"
                          CONTENT="materia"/>
                  <SP HEIGHT="68" WIDTH="15" VPOS="1639" HPOS="1840"/>
                  <String HEIGHT="68"
                          WIDTH="166"
                          VPOS="1639"
                          HPOS="1795"
                          CONTENT="mouetur"/>
                  <SP HEIGHT="68" WIDTH="15" VPOS="1639" HPOS="1961"/>
                  <String HEIGHT="68"
                          WIDTH="136"
                          VPOS="1639"
                          HPOS="1915"
                          CONTENT="simul"/>
                  <SP HEIGHT="68" WIDTH="15" VPOS="1639" HPOS="2051"/>
                  <String HEIGHT="68" WIDTH="90" VPOS="1639" HPOS="2006" CONTENT="ad"/>
                  <SP HEIGHT="68" WIDTH="15" VPOS="1639" HPOS="2096"/>
                  <String HEIGHT="68"
                          WIDTH="181"
                          VPOS="1639"
                          HPOS="2051"
                          CONTENT="diuersas"/>
                  <SP HEIGHT="68" WIDTH="15" VPOS="1639" HPOS="2232"/>
                  <String HEIGHT="68"
                          WIDTH="75"
                          VPOS="1639"
                          HPOS="2172"
                          CONTENT="for"/>
               </TextLine>
               <TextLine ID="r2l27"
                         BASELINE="1756"
                         HEIGHT="62"
                         WIDTH="1772"
                         VPOS="1694"
                         HPOS="479">
                  <String HEIGHT="62"
                          WIDTH="112"
                          VPOS="1694"
                          HPOS="463"
                          CONTENT="mas"/>
                  <SP HEIGHT="62" WIDTH="16" VPOS="1694" HPOS="575"/>
                  <String HEIGHT="62"
                          WIDTH="192"
                          VPOS="1694"
                          HPOS="527"
                          CONTENT="diuersis"/>
                  <SP HEIGHT="62" WIDTH="16" VPOS="1694" HPOS="718"/>
                  <String HEIGHT="62"
                          WIDTH="192"
                          VPOS="1694"
                          HPOS="671"
                          CONTENT="motibus:"/>
                  <SP HEIGHT="62" WIDTH="16" VPOS="1694" HPOS="862"/>
                  <String HEIGHT="62"
                          WIDTH="112"
                          VPOS="1694"
                          HPOS="814"
                          CONTENT="cum"/>
                  <SP HEIGHT="62" WIDTH="16" VPOS="1694" HPOS="926"/>
                  <String HEIGHT="62"
                          WIDTH="112"
                          VPOS="1694"
                          HPOS="878"
                          CONTENT="non"/>
                  <SP HEIGHT="62" WIDTH="16" VPOS="1694" HPOS="990"/>
                  <String HEIGHT="62"
                          WIDTH="112"
                          VPOS="1694"
                          HPOS="942"
                          CONTENT="est"/>
                  <SP HEIGHT="62" WIDTH="16" VPOS="1694" HPOS="1054"/>
                  <String HEIGHT="62"
                          WIDTH="144"
                          VPOS="1694"
                          HPOS="1006"
                          CONTENT="motus"/>
                  <SP HEIGHT="62" WIDTH="16" VPOS="1694" HPOS="1149"/>
                  <String HEIGHT="62"
                          WIDTH="112"
                          VPOS="1694"
                          HPOS="1102"
                          CONTENT="vel"/>
                  <SP HEIGHT="62" WIDTH="16" VPOS="1694" HPOS="1213"/>
                  <String HEIGHT="62"
                          WIDTH="176"
                          VPOS="1694"
                          HPOS="1165"
                          CONTENT="mutatio"/>
                  <SP HEIGHT="62" WIDTH="16" VPOS="1694" HPOS="1341"/>
                  <String HEIGHT="62"
                          WIDTH="192"
                          VPOS="1694"
                          HPOS="1293"
                          CONTENT="secundum"/>
                  <SP HEIGHT="62" WIDTH="16" VPOS="1694" HPOS="1485"/>
                  <String HEIGHT="62"
                          WIDTH="160"
                          VPOS="1694"
                          HPOS="1437"
                          CONTENT="formam"/>
                  <SP HEIGHT="62" WIDTH="16" VPOS="1694" HPOS="1596"/>
                  <String HEIGHT="62"
                          WIDTH="128"
                          VPOS="1694"
                          HPOS="1549"
                          CONTENT="nisi"/>
                  <SP HEIGHT="62" WIDTH="16" VPOS="1694" HPOS="1676"/>
                  <String HEIGHT="62" WIDTH="80" VPOS="1694" HPOS="1628" CONTENT="a"/>
                  <SP HEIGHT="62" WIDTH="16" VPOS="1694" HPOS="1708"/>
                  <String HEIGHT="62"
                          WIDTH="176"
                          VPOS="1694"
                          HPOS="1660"
                          CONTENT="termino"/>
                  <SP HEIGHT="62" WIDTH="16" VPOS="1694" HPOS="1836"/>
                  <String HEIGHT="62" WIDTH="96" VPOS="1694" HPOS="1788" CONTENT="in"/>
                  <SP HEIGHT="62" WIDTH="16" VPOS="1694" HPOS="1884"/>
                  <String HEIGHT="62"
                          WIDTH="208"
                          VPOS="1694"
                          HPOS="1836"
                          CONTENT="terminum:"/>
                  <SP HEIGHT="62" WIDTH="16" VPOS="1694" HPOS="2043"/>
                  <String HEIGHT="62" WIDTH="96" VPOS="1694" HPOS="1996" CONTENT="ab"/>
                  <SP HEIGHT="62" WIDTH="16" VPOS="1694" HPOS="2091"/>
                  <String HEIGHT="62"
                          WIDTH="112"
                          VPOS="1694"
                          HPOS="2043"
                          CONTENT="vna"/>
                  <SP HEIGHT="62" WIDTH="16" VPOS="1694" HPOS="2155"/>
                  <String HEIGHT="62"
                          WIDTH="160"
                          VPOS="1694"
                          HPOS="2091"
                          CONTENT="scilicet"/>
               </TextLine>
               <TextLine ID="r2l28"
                         BASELINE="1818"
                         HEIGHT="70"
                         WIDTH="1777"
                         VPOS="1748"
                         HPOS="473">
                  <String HEIGHT="70"
                          WIDTH="139"
                          VPOS="1748"
                          HPOS="458"
                          CONTENT="forma"/>
                  <SP HEIGHT="70" WIDTH="15" VPOS="1748" HPOS="597"/>
                  <String HEIGHT="70" WIDTH="93" VPOS="1748" HPOS="550" CONTENT="in"/>
                  <SP HEIGHT="70" WIDTH="15" VPOS="1748" HPOS="643"/>
                  <String HEIGHT="70"
                          WIDTH="155"
                          VPOS="1748"
                          HPOS="597"
                          CONTENT="aliam:"/>
                  <SP HEIGHT="70" WIDTH="15" VPOS="1748" HPOS="751"/>
                  <String HEIGHT="70"
                          WIDTH="170"
                          VPOS="1748"
                          HPOS="705"
                          CONTENT="oportet"/>
                  <SP HEIGHT="70" WIDTH="15" VPOS="1748" HPOS="875"/>
                  <String HEIGHT="70"
                          WIDTH="124"
                          VPOS="1748"
                          HPOS="828"
                          CONTENT="ergo"/>
                  <SP HEIGHT="70" WIDTH="15" VPOS="1748" HPOS="952"/>
                  <String HEIGHT="70"
                          WIDTH="124"
                          VPOS="1748"
                          HPOS="906"
                          CONTENT="quod"/>
                  <SP HEIGHT="70" WIDTH="15" VPOS="1748" HPOS="1029"/>
                  <String HEIGHT="70"
                          WIDTH="185"
                          VPOS="1748"
                          HPOS="983"
                          CONTENT="moueatur"/>
                  <SP HEIGHT="70" WIDTH="15" VPOS="1748" HPOS="1168"/>
                  <String HEIGHT="70"
                          WIDTH="139"
                          VPOS="1748"
                          HPOS="1122"
                          CONTENT="simul"/>
                  <SP HEIGHT="70" WIDTH="15" VPOS="1748" HPOS="1261"/>
                  <String HEIGHT="70" WIDTH="77" VPOS="1748" HPOS="1215" CONTENT="a"/>
                  <SP HEIGHT="70" WIDTH="15" VPOS="1748" HPOS="1292"/>
                  <String HEIGHT="70"
                          WIDTH="185"
                          VPOS="1748"
                          HPOS="1246"
                          CONTENT="diuersis"/>
                  <SP HEIGHT="70" WIDTH="15" VPOS="1748" HPOS="1431"/>
                  <String HEIGHT="70"
                          WIDTH="155"
                          VPOS="1748"
                          HPOS="1385"
                          CONTENT="formis"/>
                  <SP HEIGHT="70" WIDTH="15" VPOS="1748" HPOS="1539"/>
                  <String HEIGHT="70" WIDTH="93" VPOS="1748" HPOS="1493" CONTENT="in"/>
                  <SP HEIGHT="70" WIDTH="15" VPOS="1748" HPOS="1586"/>
                  <String HEIGHT="70"
                          WIDTH="201"
                          VPOS="1748"
                          HPOS="1539"
                          CONTENT="diuersas."/>
                  <SP HEIGHT="70" WIDTH="15" VPOS="1748" HPOS="1740"/>
                  <String HEIGHT="70"
                          WIDTH="108"
                          VPOS="1748"
                          HPOS="1694"
                          CONTENT="lta"/>
                  <SP HEIGHT="70" WIDTH="15" VPOS="1748" HPOS="1802"/>
                  <String HEIGHT="70"
                          WIDTH="124"
                          VPOS="1748"
                          HPOS="1756"
                          CONTENT="quod"/>
                  <SP HEIGHT="70" WIDTH="15" VPOS="1748" HPOS="1879"/>
                  <String HEIGHT="70"
                          WIDTH="139"
                          VPOS="1748"
                          HPOS="1833"
                          CONTENT="illae"/>
                  <SP HEIGHT="70" WIDTH="15" VPOS="1748" HPOS="1972"/>
                  <String HEIGHT="70" WIDTH="77" VPOS="1748" HPOS="1926" CONTENT="a"/>
                  <SP HEIGHT="70" WIDTH="15" VPOS="1748" HPOS="2003"/>
                  <String HEIGHT="70"
                          WIDTH="155"
                          VPOS="1748"
                          HPOS="1956"
                          CONTENT="quibus"/>
                  <SP HEIGHT="70" WIDTH="15" VPOS="1748" HPOS="2111"/>
                  <String HEIGHT="70"
                          WIDTH="185"
                          VPOS="1748"
                          HPOS="2065"
                          CONTENT="mouetur,"/>
                  <SP HEIGHT="70" WIDTH="15" VPOS="1748" HPOS="2250"/>
                  <String HEIGHT="70" WIDTH="62" VPOS="1748" HPOS="2188" CONTENT="si"/>
               </TextLine>
               <TextLine ID="r2l29"
                         BASELINE="1868"
                         HEIGHT="66"
                         WIDTH="1772"
                         VPOS="1802"
                         HPOS="480">
                  <String HEIGHT="66"
                          WIDTH="112"
                          VPOS="1802"
                          HPOS="464"
                          CONTENT="mul"/>
                  <SP HEIGHT="66" WIDTH="16" VPOS="1802" HPOS="576"/>
                  <String HEIGHT="66"
                          WIDTH="128"
                          VPOS="1802"
                          HPOS="528"
                          CONTENT="sint"/>
                  <SP HEIGHT="66" WIDTH="16" VPOS="1802" HPOS="656"/>
                  <String HEIGHT="66" WIDTH="96" VPOS="1802" HPOS="608" CONTENT="in"/>
                  <SP HEIGHT="66" WIDTH="16" VPOS="1802" HPOS="703"/>
                  <String HEIGHT="66"
                          WIDTH="192"
                          VPOS="1802"
                          HPOS="656"
                          CONTENT="materia,"/>
                  <SP HEIGHT="66" WIDTH="16" VPOS="1802" HPOS="847"/>
                  <String HEIGHT="66" WIDTH="80" VPOS="1802" HPOS="799" CONTENT="&amp;"/>
                  <SP HEIGHT="66" WIDTH="16" VPOS="1802" HPOS="879"/>
                  <String HEIGHT="66" WIDTH="96" VPOS="1802" HPOS="831" CONTENT="de"/>
                  <SP HEIGHT="66" WIDTH="16" VPOS="1802" HPOS="927"/>
                  <String HEIGHT="66"
                          WIDTH="128"
                          VPOS="1802"
                          HPOS="879"
                          CONTENT="quod"/>
                  <SP HEIGHT="66" WIDTH="16" VPOS="1802" HPOS="1007"/>
                  <String HEIGHT="66"
                          WIDTH="128"
                          VPOS="1802"
                          HPOS="959"
                          CONTENT="sint"/>
                  <SP HEIGHT="66" WIDTH="16" VPOS="1802" HPOS="1087"/>
                  <String HEIGHT="66"
                          WIDTH="128"
                          VPOS="1802"
                          HPOS="1039"
                          CONTENT="vnum"/>
                  <SP HEIGHT="66" WIDTH="16" VPOS="1802" HPOS="1166"/>
                  <String HEIGHT="66"
                          WIDTH="112"
                          VPOS="1802"
                          HPOS="1119"
                          CONTENT="per"/>
                  <SP HEIGHT="66" WIDTH="16" VPOS="1802" HPOS="1230"/>
                  <String HEIGHT="66"
                          WIDTH="192"
                          VPOS="1802"
                          HPOS="1182"
                          CONTENT="accidens"/>
                  <SP HEIGHT="66" WIDTH="16" VPOS="1802" HPOS="1374"/>
                  <String HEIGHT="66" WIDTH="96" VPOS="1802" HPOS="1326" CONTENT="in"/>
                  <SP HEIGHT="66" WIDTH="16" VPOS="1802" HPOS="1422"/>
                  <String HEIGHT="66"
                          WIDTH="112"
                          VPOS="1802"
                          HPOS="1374"
                          CONTENT="ea."/>
                  <SP HEIGHT="66" WIDTH="16" VPOS="1802" HPOS="1486"/>
                  <String HEIGHT="66"
                          WIDTH="128"
                          VPOS="1802"
                          HPOS="1438"
                          CONTENT="Quia"/>
                  <SP HEIGHT="66" WIDTH="16" VPOS="1802" HPOS="1566"/>
                  <String HEIGHT="66" WIDTH="96" VPOS="1802" HPOS="1518" CONTENT="si"/>
                  <SP HEIGHT="66" WIDTH="16" VPOS="1802" HPOS="1613"/>
                  <String HEIGHT="66"
                          WIDTH="128"
                          VPOS="1802"
                          HPOS="1566"
                          CONTENT="sic:"/>
                  <SP HEIGHT="66" WIDTH="16" VPOS="1802" HPOS="1693"/>
                  <String HEIGHT="66"
                          WIDTH="128"
                          VPOS="1802"
                          HPOS="1645"
                          CONTENT="ergo"/>
                  <SP HEIGHT="66" WIDTH="16" VPOS="1802" HPOS="1773"/>
                  <String HEIGHT="66"
                          WIDTH="144"
                          VPOS="1802"
                          HPOS="1725"
                          CONTENT="illud"/>
                  <SP HEIGHT="66" WIDTH="16" VPOS="1802" HPOS="1869"/>
                  <String HEIGHT="66"
                          WIDTH="223"
                          VPOS="1802"
                          HPOS="1821"
                          CONTENT="suppositum"/>
                  <SP HEIGHT="66" WIDTH="16" VPOS="1802" HPOS="2044"/>
                  <String HEIGHT="66"
                          WIDTH="255"
                          VPOS="1802"
                          HPOS="1997"
                          CONTENT="corrumpendum"/>
                  <SP HEIGHT="66" WIDTH="16" VPOS="1802" HPOS="2252"/>
                  <String HEIGHT="66" WIDTH="64" VPOS="1802" HPOS="2188" CONTENT="ha"/>
               </TextLine>
               <TextLine ID="r2l30"
                         BASELINE="1913"
                         HEIGHT="59"
                         WIDTH="1757"
                         VPOS="1854"
                         HPOS="487">
                  <String HEIGHT="59"
                          WIDTH="135"
                          VPOS="1854"
                          HPOS="470"
                          CONTENT="bens"/>
                  <SP HEIGHT="59" WIDTH="17" VPOS="1854" HPOS="605"/>
                  <String HEIGHT="59" WIDTH="101" VPOS="1854" HPOS="555" CONTENT="in"/>
                  <SP HEIGHT="59" WIDTH="17" VPOS="1854" HPOS="656"/>
                  <String HEIGHT="59" WIDTH="101" VPOS="1854" HPOS="605" CONTENT="se"/>
                  <SP HEIGHT="59" WIDTH="17" VPOS="1854" HPOS="707"/>
                  <String HEIGHT="59"
                          WIDTH="169"
                          VPOS="1854"
                          HPOS="656"
                          CONTENT="plures"/>
                  <SP HEIGHT="59" WIDTH="17" VPOS="1854" HPOS="825"/>
                  <String HEIGHT="59"
                          WIDTH="169"
                          VPOS="1854"
                          HPOS="774"
                          CONTENT="formas"/>
                  <SP HEIGHT="59" WIDTH="17" VPOS="1854" HPOS="943"/>
                  <String HEIGHT="59"
                          WIDTH="287"
                          VPOS="1854"
                          HPOS="892"
                          CONTENT="substantiales"/>
                  <SP HEIGHT="59" WIDTH="17" VPOS="1854" HPOS="1180"/>
                  <String HEIGHT="59"
                          WIDTH="287"
                          VPOS="1854"
                          HPOS="1129"
                          CONTENT="corrumpendas,"/>
                  <SP HEIGHT="59" WIDTH="17" VPOS="1854" HPOS="1416"/>
                  <String HEIGHT="59"
                          WIDTH="135"
                          VPOS="1854"
                          HPOS="1366"
                          CONTENT="quod"/>
                  <SP HEIGHT="59" WIDTH="17" VPOS="1854" HPOS="1501"/>
                  <String HEIGHT="59"
                          WIDTH="118"
                          VPOS="1854"
                          HPOS="1450"
                          CONTENT="est"/>
                  <SP HEIGHT="59" WIDTH="17" VPOS="1854" HPOS="1568"/>
                  <String HEIGHT="59"
                          WIDTH="237"
                          VPOS="1854"
                          HPOS="1518"
                          CONTENT="compositum"/>
                  <SP HEIGHT="59" WIDTH="17" VPOS="1854" HPOS="1754"/>
                  <String HEIGHT="59"
                          WIDTH="101"
                          VPOS="1854"
                          HPOS="1703"
                          CONTENT="ex"/>
                  <SP HEIGHT="59" WIDTH="17" VPOS="1854" HPOS="1805"/>
                  <String HEIGHT="59"
                          WIDTH="152"
                          VPOS="1854"
                          HPOS="1754"
                          CONTENT="illis"/>
                  <SP HEIGHT="59" WIDTH="17" VPOS="1854" HPOS="1906"/>
                  <String HEIGHT="59"
                          WIDTH="118"
                          VPOS="1854"
                          HPOS="1855"
                          CONTENT="cum"/>
                  <SP HEIGHT="59" WIDTH="17" VPOS="1854" HPOS="1974"/>
                  <String HEIGHT="59"
                          WIDTH="203"
                          VPOS="1854"
                          HPOS="1923"
                          CONTENT="materia,"/>
                  <SP HEIGHT="59" WIDTH="17" VPOS="1854" HPOS="2126"/>
                  <String HEIGHT="59"
                          WIDTH="118"
                          VPOS="1854"
                          HPOS="2075"
                          CONTENT="non"/>
                  <SP HEIGHT="59" WIDTH="17" VPOS="1854" HPOS="2193"/>
                  <String HEIGHT="59"
                          WIDTH="118"
                          VPOS="1854"
                          HPOS="2126"
                          CONTENT="esset"/>
               </TextLine>
               <TextLine ID="r2l31"
                         BASELINE="1974"
                         HEIGHT="62"
                         WIDTH="1765"
                         VPOS="1912"
                         HPOS="489">
                  <String HEIGHT="62"
                          WIDTH="127"
                          VPOS="1912"
                          HPOS="473"
                          CONTENT="vnum"/>
                  <SP HEIGHT="62" WIDTH="16" VPOS="1912" HPOS="600"/>
                  <String HEIGHT="62"
                          WIDTH="127"
                          VPOS="1912"
                          HPOS="553"
                          CONTENT="nisi"/>
                  <SP HEIGHT="62" WIDTH="16" VPOS="1912" HPOS="680"/>
                  <String HEIGHT="62"
                          WIDTH="111"
                          VPOS="1912"
                          HPOS="632"
                          CONTENT="per"/>
                  <SP HEIGHT="62" WIDTH="16" VPOS="1912" HPOS="743"/>
                  <String HEIGHT="62"
                          WIDTH="207"
                          VPOS="1912"
                          HPOS="696"
                          CONTENT="accidens,"/>
                  <SP HEIGHT="62" WIDTH="16" VPOS="1912" HPOS="902"/>
                  <String HEIGHT="62" WIDTH="80" VPOS="1912" HPOS="855" CONTENT="&amp;"/>
                  <SP HEIGHT="62" WIDTH="16" VPOS="1912" HPOS="934"/>
                  <String HEIGHT="62"
                          WIDTH="111"
                          VPOS="1912"
                          HPOS="887"
                          CONTENT="ita"/>
                  <SP HEIGHT="62" WIDTH="16" VPOS="1912" HPOS="998"/>
                  <String HEIGHT="62"
                          WIDTH="143"
                          VPOS="1912"
                          HPOS="950"
                          CONTENT="neque"/>
                  <SP HEIGHT="62" WIDTH="16" VPOS="1912" HPOS="1093"/>
                  <String HEIGHT="62"
                          WIDTH="143"
                          VPOS="1912"
                          HPOS="1046"
                          CONTENT="esset"/>
                  <SP HEIGHT="62" WIDTH="16" VPOS="1912" HPOS="1189"/>
                  <String HEIGHT="62"
                          WIDTH="111"
                          VPOS="1912"
                          HPOS="1141"
                          CONTENT="ens"/>
                  <SP HEIGHT="62" WIDTH="16" VPOS="1912" HPOS="1252"/>
                  <String HEIGHT="62"
                          WIDTH="127"
                          VPOS="1912"
                          HPOS="1205"
                          CONTENT="nisi"/>
                  <SP HEIGHT="62" WIDTH="16" VPOS="1912" HPOS="1332"/>
                  <String HEIGHT="62"
                          WIDTH="111"
                          VPOS="1912"
                          HPOS="1284"
                          CONTENT="per"/>
                  <SP HEIGHT="62" WIDTH="16" VPOS="1912" HPOS="1395"/>
                  <String HEIGHT="62"
                          WIDTH="207"
                          VPOS="1912"
                          HPOS="1348"
                          CONTENT="accidens,"/>
                  <SP HEIGHT="62" WIDTH="16" VPOS="1912" HPOS="1554"/>
                  <String HEIGHT="62" WIDTH="80" VPOS="1912" HPOS="1507" CONTENT="&amp;"/>
                  <SP HEIGHT="62" WIDTH="16" VPOS="1912" HPOS="1586"/>
                  <String HEIGHT="62"
                          WIDTH="143"
                          VPOS="1912"
                          HPOS="1538"
                          CONTENT="esset"/>
                  <SP HEIGHT="62" WIDTH="16" VPOS="1912" HPOS="1682"/>
                  <String HEIGHT="62"
                          WIDTH="127"
                          VPOS="1912"
                          HPOS="1634"
                          CONTENT="suum"/>
                  <SP HEIGHT="62" WIDTH="16" VPOS="1912" HPOS="1761"/>
                  <String HEIGHT="62"
                          WIDTH="143"
                          VPOS="1912"
                          HPOS="1713"
                          CONTENT="esse:"/>
                  <SP HEIGHT="62" WIDTH="16" VPOS="1912" HPOS="1856"/>
                  <String HEIGHT="62"
                          WIDTH="127"
                          VPOS="1912"
                          HPOS="1809"
                          CONTENT="quod"/>
                  <SP HEIGHT="62" WIDTH="16" VPOS="1912" HPOS="1936"/>
                  <String HEIGHT="62"
                          WIDTH="143"
                          VPOS="1912"
                          HPOS="1888"
                          CONTENT="habet"/>
                  <SP HEIGHT="62" WIDTH="16" VPOS="1912" HPOS="2031"/>
                  <String HEIGHT="62" WIDTH="95" VPOS="1912" HPOS="1984" CONTENT="ab"/>
                  <SP HEIGHT="62" WIDTH="16" VPOS="1912" HPOS="2079"/>
                  <String HEIGHT="62"
                          WIDTH="143"
                          VPOS="1912"
                          HPOS="2031"
                          CONTENT="illis"/>
                  <SP HEIGHT="62" WIDTH="16" VPOS="1912" HPOS="2174"/>
                  <String HEIGHT="62"
                          WIDTH="143"
                          VPOS="1912"
                          HPOS="2111"
                          CONTENT="omnibus"/>
               </TextLine>
               <TextLine ID="r2l32"
                         BASELINE="2032"
                         HEIGHT="69"
                         WIDTH="1760"
                         VPOS="1963"
                         HPOS="486">
                  <String HEIGHT="69"
                          WIDTH="164"
                          VPOS="1963"
                          HPOS="470"
                          CONTENT="simul,"/>
                  <SP HEIGHT="69" WIDTH="16" VPOS="1963" HPOS="634"/>
                  <String HEIGHT="69"
                          WIDTH="115"
                          VPOS="1963"
                          HPOS="585"
                          CONTENT="vel"/>
                  <SP HEIGHT="69" WIDTH="16" VPOS="1963" HPOS="700"/>
                  <String HEIGHT="69"
                          WIDTH="132"
                          VPOS="1963"
                          HPOS="650"
                          CONTENT="quod"/>
                  <SP HEIGHT="69" WIDTH="16" VPOS="1963" HPOS="782"/>
                  <String HEIGHT="69"
                          WIDTH="148"
                          VPOS="1963"
                          HPOS="733"
                          CONTENT="habet"/>
                  <SP HEIGHT="69" WIDTH="16" VPOS="1963" HPOS="881"/>
                  <String HEIGHT="69" WIDTH="99" VPOS="1963" HPOS="831" CONTENT="ab"/>
                  <SP HEIGHT="69" WIDTH="16" VPOS="1963" HPOS="930"/>
                  <String HEIGHT="69"
                          WIDTH="164"
                          VPOS="1963"
                          HPOS="881"
                          CONTENT="aliqua"/>
                  <SP HEIGHT="69" WIDTH="16" VPOS="1963" HPOS="1045"/>
                  <String HEIGHT="69"
                          WIDTH="181"
                          VPOS="1963"
                          HPOS="996"
                          CONTENT="illarum"/>
                  <SP HEIGHT="69" WIDTH="16" VPOS="1963" HPOS="1177"/>
                  <String HEIGHT="69"
                          WIDTH="263"
                          VPOS="1963"
                          HPOS="1127"
                          CONTENT="accidentale:"/>
                  <SP HEIGHT="69" WIDTH="16" VPOS="1963" HPOS="1391"/>
                  <String HEIGHT="69" WIDTH="82" VPOS="1963" HPOS="1341" CONTENT="&amp;"/>
                  <SP HEIGHT="69" WIDTH="16" VPOS="1963" HPOS="1424"/>
                  <String HEIGHT="69"
                          WIDTH="115"
                          VPOS="1963"
                          HPOS="1374"
                          CONTENT="hoc"/>
                  <SP HEIGHT="69" WIDTH="16" VPOS="1963" HPOS="1489"/>
                  <String HEIGHT="69"
                          WIDTH="197"
                          VPOS="1963"
                          HPOS="1440"
                          CONTENT="secundum"/>
                  <SP HEIGHT="69" WIDTH="16" VPOS="1963" HPOS="1637"/>
                  <String HEIGHT="69"
                          WIDTH="132"
                          VPOS="1963"
                          HPOS="1588"
                          CONTENT="duos"/>
                  <SP HEIGHT="69" WIDTH="16" VPOS="1963" HPOS="1720"/>
                  <String HEIGHT="69"
                          WIDTH="148"
                          VPOS="1963"
                          HPOS="1670"
                          CONTENT="modos"/>
                  <SP HEIGHT="69" WIDTH="16" VPOS="1963" HPOS="1818"/>
                  <String HEIGHT="69"
                          WIDTH="148"
                          VPOS="1963"
                          HPOS="1769"
                          CONTENT="vnius"/>
                  <SP HEIGHT="69" WIDTH="16" VPOS="1963" HPOS="1917"/>
                  <String HEIGHT="69"
                          WIDTH="115"
                          VPOS="1963"
                          HPOS="1868"
                          CONTENT="per"/>
                  <SP HEIGHT="69" WIDTH="16" VPOS="1963" HPOS="1983"/>
                  <String HEIGHT="69"
                          WIDTH="214"
                          VPOS="1963"
                          HPOS="1933"
                          CONTENT="accidens:"/>
                  <SP HEIGHT="69" WIDTH="16" VPOS="1963" HPOS="2147"/>
                  <String HEIGHT="69"
                          WIDTH="115"
                          VPOS="1963"
                          HPOS="2098"
                          CONTENT="vel"/>
                  <SP HEIGHT="69" WIDTH="16" VPOS="1963" HPOS="2213"/>
                  <String HEIGHT="69"
                          WIDTH="99"
                          VPOS="1963"
                          HPOS="2147"
                          CONTENT="ali"
                          SUBS_TYPE="HypPart1"
                          SUBS_CONTENT="aliquem"/>
                  <HYP CONTENT="-"/>
               </TextLine>
               <TextLine ID="r2l33"
                         BASELINE="2087"
                         HEIGHT="57"
                         WIDTH="1764"
                         VPOS="2030"
                         HPOS="483">
                  <String HEIGHT="57"
                          WIDTH="137"
                          VPOS="2030"
                          HPOS="466"
                          CONTENT="quem"
                          SUBS_TYPE="HypPart2"
                          SUBS_CONTENT="aliquem"/>
                  <SP HEIGHT="57" WIDTH="17" VPOS="2030" HPOS="603"/>
                  <String HEIGHT="57" WIDTH="103" VPOS="2030" HPOS="552" CONTENT="ex"/>
                  <SP HEIGHT="57" WIDTH="17" VPOS="2030" HPOS="654"/>
                  <String HEIGHT="57"
                          WIDTH="137"
                          VPOS="2030"
                          HPOS="603"
                          CONTENT="eis."/>
                  <SP HEIGHT="57" WIDTH="17" VPOS="2030" HPOS="740"/>
                  <String HEIGHT="57"
                          WIDTH="206"
                          VPOS="2030"
                          HPOS="689"
                          CONTENT="Dicuntur"/>
                  <SP HEIGHT="57" WIDTH="17" VPOS="2030" HPOS="894"/>
                  <String HEIGHT="57"
                          WIDTH="137"
                          VPOS="2030"
                          HPOS="843"
                          CONTENT="enim"/>
                  <SP HEIGHT="57" WIDTH="17" VPOS="2030" HPOS="980"/>
                  <String HEIGHT="57"
                          WIDTH="154"
                          VPOS="2030"
                          HPOS="928"
                          CONTENT="plura"/>
                  <SP HEIGHT="57" WIDTH="17" VPOS="2030" HPOS="1082"/>
                  <String HEIGHT="57"
                          WIDTH="137"
                          VPOS="2030"
                          HPOS="1031"
                          CONTENT="vnum"/>
                  <SP HEIGHT="57" WIDTH="17" VPOS="2030" HPOS="1168"/>
                  <String HEIGHT="57"
                          WIDTH="120"
                          VPOS="2030"
                          HPOS="1117"
                          CONTENT="per"/>
                  <SP HEIGHT="57" WIDTH="17" VPOS="2030" HPOS="1237"/>
                  <String HEIGHT="57"
                          WIDTH="223"
                          VPOS="2030"
                          HPOS="1185"
                          CONTENT="accidens:"/>
                  <SP HEIGHT="57" WIDTH="17" VPOS="2030" HPOS="1408"/>
                  <String HEIGHT="57"
                          WIDTH="120"
                          VPOS="2030"
                          HPOS="1356"
                          CONTENT="aut"/>
                  <SP HEIGHT="57" WIDTH="17" VPOS="2030" HPOS="1476"/>
                  <String HEIGHT="57"
                          WIDTH="137"
                          VPOS="2030"
                          HPOS="1425"
                          CONTENT="quia"/>
                  <SP HEIGHT="57" WIDTH="17" VPOS="2030" HPOS="1562"/>
                  <String HEIGHT="57"
                          WIDTH="206"
                          VPOS="2030"
                          HPOS="1511"
                          CONTENT="accidunt"/>
                  <SP HEIGHT="57" WIDTH="17" VPOS="2030" HPOS="1716"/>
                  <String HEIGHT="57"
                          WIDTH="171"
                          VPOS="2030"
                          HPOS="1665"
                          CONTENT="eidem:"/>
                  <SP HEIGHT="57" WIDTH="17" VPOS="2030" HPOS="1836"/>
                  <String HEIGHT="57"
                          WIDTH="103"
                          VPOS="2030"
                          HPOS="1785"
                          CONTENT="vt"/>
                  <SP HEIGHT="57" WIDTH="17" VPOS="2030" HPOS="1887"/>
                  <String HEIGHT="57"
                          WIDTH="154"
                          VPOS="2030"
                          HPOS="1836"
                          CONTENT="album"/>
                  <SP HEIGHT="57" WIDTH="17" VPOS="2030" HPOS="1990"/>
                  <String HEIGHT="57" WIDTH="86" VPOS="2030" HPOS="1939" CONTENT="&amp;"/>
                  <SP HEIGHT="57" WIDTH="17" VPOS="2030" HPOS="2024"/>
                  <String HEIGHT="57"
                          WIDTH="154"
                          VPOS="2030"
                          HPOS="1973"
                          CONTENT="dulce"/>
                  <SP HEIGHT="57" WIDTH="17" VPOS="2030" HPOS="2127"/>
                  <String HEIGHT="57"
                          WIDTH="103"
                          VPOS="2030"
                          HPOS="2076"
                          CONTENT="in"/>
                  <SP HEIGHT="57" WIDTH="17" VPOS="2030" HPOS="2178"/>
                  <String HEIGHT="57"
                          WIDTH="137"
                          VPOS="2030"
                          HPOS="2110"
                          CONTENT="lacte:"/>
               </TextLine>
               <TextLine ID="r2l34"
                         BASELINE="2140"
                         HEIGHT="64"
                         WIDTH="1777"
                         VPOS="2076"
                         HPOS="481">
                  <String HEIGHT="64"
                          WIDTH="116"
                          VPOS="2076"
                          HPOS="464"
                          CONTENT="aut"/>
                  <SP HEIGHT="64" WIDTH="17" VPOS="2076" HPOS="581"/>
                  <String HEIGHT="64"
                          WIDTH="133"
                          VPOS="2076"
                          HPOS="531"
                          CONTENT="quia"/>
                  <SP HEIGHT="64" WIDTH="17" VPOS="2076" HPOS="664"/>
                  <String HEIGHT="64"
                          WIDTH="133"
                          VPOS="2076"
                          HPOS="614"
                          CONTENT="vnum"/>
                  <SP HEIGHT="64" WIDTH="17" VPOS="2076" HPOS="747"/>
                  <String HEIGHT="64"
                          WIDTH="183"
                          VPOS="2076"
                          HPOS="697"
                          CONTENT="accidit"/>
                  <SP HEIGHT="64" WIDTH="17" VPOS="2076" HPOS="880"/>
                  <String HEIGHT="64"
                          WIDTH="183"
                          VPOS="2076"
                          HPOS="830"
                          CONTENT="alteri:"/>
                  <SP HEIGHT="64" WIDTH="17" VPOS="2076" HPOS="1012"/>
                  <String HEIGHT="64" WIDTH="100" VPOS="2076" HPOS="963" CONTENT="vt"/>
                  <SP HEIGHT="64" WIDTH="17" VPOS="2076" HPOS="1062"/>
                  <String HEIGHT="64"
                          WIDTH="149"
                          VPOS="2076"
                          HPOS="1012"
                          CONTENT="album"/>
                  <SP HEIGHT="64" WIDTH="17" VPOS="2076" HPOS="1162"/>
                  <String HEIGHT="64"
                          WIDTH="166"
                          VPOS="2076"
                          HPOS="1112"
                          CONTENT="Sorti."/>
                  <SP HEIGHT="64" WIDTH="17" VPOS="2076" HPOS="1278"/>
                  <String HEIGHT="64"
                          WIDTH="133"
                          VPOS="2076"
                          HPOS="1228"
                          CONTENT="Esse"/>
                  <SP HEIGHT="64" WIDTH="17" VPOS="2076" HPOS="1361"/>
                  <String HEIGHT="64"
                          WIDTH="149"
                          VPOS="2076"
                          HPOS="1311"
                          CONTENT="autem"/>
                  <SP HEIGHT="64" WIDTH="17" VPOS="2076" HPOS="1461"/>
                  <String HEIGHT="64"
                          WIDTH="133"
                          VPOS="2076"
                          HPOS="1411"
                          CONTENT="quod"/>
                  <SP HEIGHT="64" WIDTH="17" VPOS="2076" HPOS="1544"/>
                  <String HEIGHT="64"
                          WIDTH="100"
                          VPOS="2076"
                          HPOS="1494"
                          CONTENT="ab"/>
                  <SP HEIGHT="64" WIDTH="17" VPOS="2076" HPOS="1594"/>
                  <String HEIGHT="64"
                          WIDTH="149"
                          VPOS="2076"
                          HPOS="1544"
                          CONTENT="illis"/>
                  <SP HEIGHT="64" WIDTH="17" VPOS="2076" HPOS="1693"/>
                  <String HEIGHT="64"
                          WIDTH="116"
                          VPOS="2076"
                          HPOS="1644"
                          CONTENT="est"/>
                  <SP HEIGHT="64" WIDTH="17" VPOS="2076" HPOS="1760"/>
                  <String HEIGHT="64"
                          WIDTH="133"
                          VPOS="2076"
                          HPOS="1710"
                          CONTENT="quae"/>
                  <SP HEIGHT="64" WIDTH="17" VPOS="2076" HPOS="1843"/>
                  <String HEIGHT="64"
                          WIDTH="133"
                          VPOS="2076"
                          HPOS="1793"
                          CONTENT="sunt"/>
                  <SP HEIGHT="64" WIDTH="17" VPOS="2076" HPOS="1926"/>
                  <String HEIGHT="64"
                          WIDTH="133"
                          VPOS="2076"
                          HPOS="1876"
                          CONTENT="vnum"/>
                  <SP HEIGHT="64" WIDTH="17" VPOS="2076" HPOS="2009"/>
                  <String HEIGHT="64"
                          WIDTH="199"
                          VPOS="2076"
                          HPOS="1959"
                          CONTENT="secundum"/>
                  <SP HEIGHT="64" WIDTH="17" VPOS="2076" HPOS="2158"/>
                  <String HEIGHT="64"
                          WIDTH="166"
                          VPOS="2076"
                          HPOS="2092"
                          CONTENT="accidens"/>
               </TextLine>
               <TextLine ID="r2l35"
                         BASELINE="2189"
                         HEIGHT="64"
                         WIDTH="1770"
                         VPOS="2125"
                         HPOS="481">
                  <String HEIGHT="64"
                          WIDTH="145"
                          VPOS="2125"
                          HPOS="465"
                          CONTENT="primo"/>
                  <SP HEIGHT="64" WIDTH="16" VPOS="2125" HPOS="610"/>
                  <String HEIGHT="64"
                          WIDTH="129"
                          VPOS="2125"
                          HPOS="561"
                          CONTENT="modo"/>
                  <SP HEIGHT="64" WIDTH="16" VPOS="2125" HPOS="690"/>
                  <String HEIGHT="64"
                          WIDTH="241"
                          VPOS="2125"
                          HPOS="642"
                          CONTENT="accidentale"/>
                  <SP HEIGHT="64" WIDTH="16" VPOS="2125" HPOS="883"/>
                  <String HEIGHT="64"
                          WIDTH="129"
                          VPOS="2125"
                          HPOS="835"
                          CONTENT="est,"/>
                  <SP HEIGHT="64" WIDTH="16" VPOS="2125" HPOS="964"/>
                  <String HEIGHT="64"
                          WIDTH="193"
                          VPOS="2125"
                          HPOS="915"
                          CONTENT="secundum"/>
                  <SP HEIGHT="64" WIDTH="16" VPOS="2125" HPOS="1109"/>
                  <String HEIGHT="64"
                          WIDTH="129"
                          VPOS="2125"
                          HPOS="1060"
                          CONTENT="quod"/>
                  <SP HEIGHT="64" WIDTH="16" VPOS="2125" HPOS="1189"/>
                  <String HEIGHT="64"
                          WIDTH="113"
                          VPOS="2125"
                          HPOS="1141"
                          CONTENT="est"/>
                  <SP HEIGHT="64" WIDTH="16" VPOS="2125" HPOS="1253"/>
                  <String HEIGHT="64" WIDTH="97" VPOS="2125" HPOS="1205" CONTENT="ab"/>
                  <SP HEIGHT="64" WIDTH="16" VPOS="2125" HPOS="1302"/>
                  <String HEIGHT="64"
                          WIDTH="177"
                          VPOS="2125"
                          HPOS="1253"
                          CONTENT="omnibus"/>
                  <SP HEIGHT="64" WIDTH="16" VPOS="2125" HPOS="1430"/>
                  <String HEIGHT="64"
                          WIDTH="161"
                          VPOS="2125"
                          HPOS="1382"
                          CONTENT="illis."/>
                  <SP HEIGHT="64" WIDTH="16" VPOS="2125" HPOS="1543"/>
                  <String HEIGHT="64" WIDTH="80" VPOS="2125" HPOS="1495" CONTENT="&amp;"/>
                  <SP HEIGHT="64" WIDTH="16" VPOS="2125" HPOS="1575"/>
                  <String HEIGHT="64"
                          WIDTH="129"
                          VPOS="2125"
                          HPOS="1527"
                          CONTENT="esse"/>
                  <SP HEIGHT="64" WIDTH="16" VPOS="2125" HPOS="1656"/>
                  <String HEIGHT="64"
                          WIDTH="129"
                          VPOS="2125"
                          HPOS="1607"
                          CONTENT="quod"/>
                  <SP HEIGHT="64" WIDTH="16" VPOS="2125" HPOS="1736"/>
                  <String HEIGHT="64"
                          WIDTH="113"
                          VPOS="2125"
                          HPOS="1688"
                          CONTENT="est"/>
                  <SP HEIGHT="64" WIDTH="16" VPOS="2125" HPOS="1800"/>
                  <String HEIGHT="64" WIDTH="97" VPOS="2125" HPOS="1752" CONTENT="ab"/>
                  <SP HEIGHT="64" WIDTH="16" VPOS="2125" HPOS="1849"/>
                  <String HEIGHT="64"
                          WIDTH="145"
                          VPOS="2125"
                          HPOS="1800"
                          CONTENT="illis"/>
                  <SP HEIGHT="64" WIDTH="16" VPOS="2125" HPOS="1945"/>
                  <String HEIGHT="64"
                          WIDTH="129"
                          VPOS="2125"
                          HPOS="1897"
                          CONTENT="quae"/>
                  <SP HEIGHT="64" WIDTH="16" VPOS="2125" HPOS="2026"/>
                  <String HEIGHT="64"
                          WIDTH="129"
                          VPOS="2125"
                          HPOS="1977"
                          CONTENT="sunt"/>
                  <SP HEIGHT="64" WIDTH="16" VPOS="2125" HPOS="2106"/>
                  <String HEIGHT="64"
                          WIDTH="129"
                          VPOS="2125"
                          HPOS="2058"
                          CONTENT="vnum"/>
                  <SP HEIGHT="64" WIDTH="16" VPOS="2125" HPOS="2187"/>
                  <String HEIGHT="64"
                          WIDTH="113"
                          VPOS="2125"
                          HPOS="2138"
                          CONTENT="per"/>
                  <SP HEIGHT="64" WIDTH="16" VPOS="2125" HPOS="2251"/>
                  <String HEIGHT="64" WIDTH="64" VPOS="2125" HPOS="2187" CONTENT="ac"/>
               </TextLine>
               <TextLine ID="r2l36"
                         BASELINE="2244"
                         HEIGHT="57"
                         WIDTH="1764"
                         VPOS="2187"
                         HPOS="487">
                  <String HEIGHT="57"
                          WIDTH="170"
                          VPOS="2187"
                          HPOS="470"
                          CONTENT="cidens"/>
                  <SP HEIGHT="57" WIDTH="17" VPOS="2187" HPOS="640"/>
                  <String HEIGHT="57"
                          WIDTH="187"
                          VPOS="2187"
                          HPOS="589"
                          CONTENT="secundo"/>
                  <SP HEIGHT="57" WIDTH="17" VPOS="2187" HPOS="775"/>
                  <String HEIGHT="57"
                          WIDTH="153"
                          VPOS="2187"
                          HPOS="724"
                          CONTENT="modo,"/>
                  <SP HEIGHT="57" WIDTH="17" VPOS="2187" HPOS="877"/>
                  <String HEIGHT="57"
                          WIDTH="170"
                          VPOS="2187"
                          HPOS="826"
                          CONTENT="potest"/>
                  <SP HEIGHT="57" WIDTH="17" VPOS="2187" HPOS="996"/>
                  <String HEIGHT="57"
                          WIDTH="136"
                          VPOS="2187"
                          HPOS="945"
                          CONTENT="esse"/>
                  <SP HEIGHT="57" WIDTH="17" VPOS="2187" HPOS="1081"/>
                  <String HEIGHT="57"
                          WIDTH="254"
                          VPOS="2187"
                          HPOS="1030"
                          CONTENT="accidentale"/>
                  <SP HEIGHT="57" WIDTH="17" VPOS="2187" HPOS="1284"/>
                  <String HEIGHT="57"
                          WIDTH="102"
                          VPOS="2187"
                          HPOS="1233"
                          CONTENT="ab"/>
                  <SP HEIGHT="57" WIDTH="17" VPOS="2187" HPOS="1335"/>
                  <String HEIGHT="57"
                          WIDTH="136"
                          VPOS="2187"
                          HPOS="1284"
                          CONTENT="vno,"/>
                  <SP HEIGHT="57" WIDTH="17" VPOS="2187" HPOS="1420"/>
                  <String HEIGHT="57"
                          WIDTH="102"
                          VPOS="2187"
                          HPOS="1369"
                          CONTENT="vt"/>
                  <SP HEIGHT="57" WIDTH="17" VPOS="2187" HPOS="1471"/>
                  <String HEIGHT="57"
                          WIDTH="102"
                          VPOS="2187"
                          HPOS="1420"
                          CONTENT="ab"/>
                  <SP HEIGHT="57" WIDTH="17" VPOS="2187" HPOS="1522"/>
                  <String HEIGHT="57"
                          WIDTH="136"
                          VPOS="2187"
                          HPOS="1471"
                          CONTENT="albo"/>
                  <SP HEIGHT="57" WIDTH="17" VPOS="2187" HPOS="1606"/>
                  <String HEIGHT="57"
                          WIDTH="136"
                          VPOS="2187"
                          HPOS="1556"
                          CONTENT="quod"/>
                  <SP HEIGHT="57" WIDTH="17" VPOS="2187" HPOS="1691"/>
                  <String HEIGHT="57"
                          WIDTH="119"
                          VPOS="2187"
                          HPOS="1640"
                          CONTENT="est"/>
                  <SP HEIGHT="57" WIDTH="17" VPOS="2187" HPOS="1759"/>
                  <String HEIGHT="57"
                          WIDTH="102"
                          VPOS="2187"
                          HPOS="1708"
                          CONTENT="in"/>
                  <SP HEIGHT="57" WIDTH="17" VPOS="2187" HPOS="1810"/>
                  <String HEIGHT="57"
                          WIDTH="170"
                          VPOS="2187"
                          HPOS="1759"
                          CONTENT="Sorte,"/>
                  <SP HEIGHT="57" WIDTH="17" VPOS="2187" HPOS="1929"/>
                  <String HEIGHT="57" WIDTH="85" VPOS="2187" HPOS="1878" CONTENT="&amp;"/>
                  <SP HEIGHT="57" WIDTH="17" VPOS="2187" HPOS="1963"/>
                  <String HEIGHT="57"
                          WIDTH="102"
                          VPOS="2187"
                          HPOS="1912"
                          CONTENT="ab"/>
                  <SP HEIGHT="57" WIDTH="17" VPOS="2187" HPOS="2014"/>
                  <String HEIGHT="57"
                          WIDTH="170"
                          VPOS="2187"
                          HPOS="1963"
                          CONTENT="altero"/>
                  <SP HEIGHT="57" WIDTH="17" VPOS="2187" HPOS="2132"/>
                  <String HEIGHT="57"
                          WIDTH="204"
                          VPOS="2187"
                          HPOS="2081"
                          CONTENT="substan-"/>
                  <SP HEIGHT="57" WIDTH="17" VPOS="2187" HPOS="2285"/>
                  <String HEIGHT="57" WIDTH="34" VPOS="2187" HPOS="2217" CONTENT=""/>
               </TextLine>
               <TextLine ID="r2l37"
                         BASELINE="2300"
                         HEIGHT="66"
                         WIDTH="1766"
                         VPOS="2234"
                         HPOS="482">
                  <String HEIGHT="66"
                          WIDTH="168"
                          VPOS="2234"
                          HPOS="465"
                          CONTENT="tiale,"/>
                  <SP HEIGHT="66" WIDTH="17" VPOS="2234" HPOS="633"/>
                  <String HEIGHT="66" WIDTH="101" VPOS="2234" HPOS="583" CONTENT="vt"/>
                  <SP HEIGHT="66" WIDTH="17" VPOS="2234" HPOS="684"/>
                  <String HEIGHT="66" WIDTH="84" VPOS="2234" HPOS="633" CONTENT="a"/>
                  <SP HEIGHT="66" WIDTH="17" VPOS="2234" HPOS="717"/>
                  <String HEIGHT="66"
                          WIDTH="151"
                          VPOS="2234"
                          HPOS="667"
                          CONTENT="Sorte"/>
                  <SP HEIGHT="66" WIDTH="17" VPOS="2234" HPOS="818"/>
                  <String HEIGHT="66"
                          WIDTH="185"
                          VPOS="2234"
                          HPOS="768"
                          CONTENT="ratione"/>
                  <SP HEIGHT="66" WIDTH="17" VPOS="2234" HPOS="953"/>
                  <String HEIGHT="66"
                          WIDTH="135"
                          VPOS="2234"
                          HPOS="902"
                          CONTENT="suae"/>
                  <SP HEIGHT="66" WIDTH="17" VPOS="2234" HPOS="1037"/>
                  <String HEIGHT="66"
                          WIDTH="168"
                          VPOS="2234"
                          HPOS="987"
                          CONTENT="formae"/>
                  <SP HEIGHT="66" WIDTH="17" VPOS="2234" HPOS="1155"/>
                  <String HEIGHT="66"
                          WIDTH="303"
                          VPOS="2234"
                          HPOS="1104"
                          CONTENT="substantialis."/>
                  <SP HEIGHT="66" WIDTH="17" VPOS="2234" HPOS="1407"/>
                  <String HEIGHT="66"
                          WIDTH="101"
                          VPOS="2234"
                          HPOS="1357"
                          CONTENT="Et"/>
                  <SP HEIGHT="66" WIDTH="17" VPOS="2234" HPOS="1458"/>
                  <String HEIGHT="66"
                          WIDTH="219"
                          VPOS="2234"
                          HPOS="1407"
                          CONTENT="quocumque"/>
                  <SP HEIGHT="66" WIDTH="17" VPOS="2234" HPOS="1626"/>
                  <String HEIGHT="66"
                          WIDTH="135"
                          VPOS="2234"
                          HPOS="1575"
                          CONTENT="modo"/>
                  <SP HEIGHT="66" WIDTH="17" VPOS="2234" HPOS="1710"/>
                  <String HEIGHT="66"
                          WIDTH="118"
                          VPOS="2234"
                          HPOS="1659"
                          CONTENT="per"/>
                  <SP HEIGHT="66" WIDTH="17" VPOS="2234" HPOS="1777"/>
                  <String HEIGHT="66"
                          WIDTH="202"
                          VPOS="2234"
                          HPOS="1727"
                          CONTENT="accidens"/>
                  <SP HEIGHT="66" WIDTH="17" VPOS="2234" HPOS="1928"/>
                  <String HEIGHT="66"
                          WIDTH="151"
                          VPOS="2234"
                          HPOS="1878"
                          CONTENT="illud"/>
                  <SP HEIGHT="66" WIDTH="17" VPOS="2234" HPOS="2029"/>
                  <String HEIGHT="66"
                          WIDTH="118"
                          VPOS="2234"
                          HPOS="1979"
                          CONTENT="ens"/>
                  <SP HEIGHT="66" WIDTH="17" VPOS="2234" HPOS="2097"/>
                  <String HEIGHT="66"
                          WIDTH="135"
                          VPOS="2234"
                          HPOS="2046"
                          CONTENT="quod"/>
                  <SP HEIGHT="66" WIDTH="17" VPOS="2234" HPOS="2181"/>
                  <String HEIGHT="66"
                          WIDTH="135"
                          VPOS="2234"
                          HPOS="2113"
                          CONTENT="corrum"/>
               </TextLine>
               <TextLine ID="r2l38"
                         BASELINE="2357"
                         HEIGHT="69"
                         WIDTH="1770"
                         VPOS="2288"
                         HPOS="479">
                  <String HEIGHT="69"
                          WIDTH="153"
                          VPOS="2288"
                          HPOS="462"
                          CONTENT="pitur"/>
                  <SP HEIGHT="69" WIDTH="17" VPOS="2288" HPOS="615"/>
                  <String HEIGHT="69"
                          WIDTH="204"
                          VPOS="2288"
                          HPOS="564"
                          CONTENT="secundum"/>
                  <SP HEIGHT="69" WIDTH="17" VPOS="2288" HPOS="768"/>
                  <String HEIGHT="69"
                          WIDTH="170"
                          VPOS="2288"
                          HPOS="717"
                          CONTENT="plures"/>
                  <SP HEIGHT="69" WIDTH="17" VPOS="2288" HPOS="887"/>
                  <String HEIGHT="69"
                          WIDTH="170"
                          VPOS="2288"
                          HPOS="836"
                          CONTENT="formas"/>
                  <SP HEIGHT="69" WIDTH="17" VPOS="2288" HPOS="1007"/>
                  <String HEIGHT="69"
                          WIDTH="289"
                          VPOS="2288"
                          HPOS="956"
                          CONTENT="substantiales"/>
                  <SP HEIGHT="69" WIDTH="17" VPOS="2288" HPOS="1245"/>
                  <String HEIGHT="69"
                          WIDTH="119"
                          VPOS="2288"
                          HPOS="1194"
                          CONTENT="est"/>
                  <SP HEIGHT="69" WIDTH="17" VPOS="2288" HPOS="1313"/>
                  <String HEIGHT="69"
                          WIDTH="119"
                          VPOS="2288"
                          HPOS="1262"
                          CONTENT="ens"/>
                  <SP HEIGHT="69" WIDTH="17" VPOS="2288" HPOS="1381"/>
                  <String HEIGHT="69" WIDTH="85" VPOS="2288" HPOS="1330" CONTENT="&amp;"/>
                  <SP HEIGHT="69" WIDTH="17" VPOS="2288" HPOS="1415"/>
                  <String HEIGHT="69"
                          WIDTH="136"
                          VPOS="2288"
                          HPOS="1364"
                          CONTENT="vnum"/>
                  <SP HEIGHT="69" WIDTH="17" VPOS="2288" HPOS="1500"/>
                  <String HEIGHT="69"
                          WIDTH="204"
                          VPOS="2288"
                          HPOS="1449"
                          CONTENT="secundum"/>
                  <SP HEIGHT="69" WIDTH="17" VPOS="2288" HPOS="1653"/>
                  <String HEIGHT="69"
                          WIDTH="221"
                          VPOS="2288"
                          HPOS="1602"
                          CONTENT="accidens,"/>
                  <SP HEIGHT="69" WIDTH="17" VPOS="2288" HPOS="1824"/>
                  <String HEIGHT="69"
                          WIDTH="153"
                          VPOS="2288"
                          HPOS="1772"
                          CONTENT="eadem"/>
                  <SP HEIGHT="69" WIDTH="17" VPOS="2288" HPOS="1926"/>
                  <String HEIGHT="69"
                          WIDTH="187"
                          VPOS="2288"
                          HPOS="1875"
                          CONTENT="ratione"/>
                  <SP HEIGHT="69" WIDTH="17" VPOS="2288" HPOS="2062"/>
                  <String HEIGHT="69" WIDTH="85" VPOS="2288" HPOS="2011" CONTENT="&amp;"/>
                  <SP HEIGHT="69" WIDTH="17" VPOS="2288" HPOS="2096"/>
                  <String HEIGHT="69"
                          WIDTH="153"
                          VPOS="2288"
                          HPOS="2045"
                          CONTENT="illud"/>
                  <SP HEIGHT="69" WIDTH="17" VPOS="2288" HPOS="2198"/>
                  <String HEIGHT="69"
                          WIDTH="136"
                          VPOS="2288"
                          HPOS="2147"
                          CONTENT="quid"/>
                  <SP HEIGHT="69" WIDTH="17" VPOS="2288" HPOS="2283"/>
                  <String HEIGHT="69" WIDTH="34" VPOS="2288" HPOS="2215" CONTENT=""/>
               </TextLine>
               <TextLine ID="r2l39"
                         BASELINE="2404"
                         HEIGHT="61"
                         WIDTH="1768"
                         VPOS="2343"
                         HPOS="486">
                  <String HEIGHT="61"
                          WIDTH="232"
                          VPOS="2343"
                          HPOS="468"
                          CONTENT="generatur"/>
                  <SP HEIGHT="61" WIDTH="18" VPOS="2343" HPOS="700"/>
                  <String HEIGHT="61" WIDTH="107" VPOS="2343" HPOS="647" CONTENT="ex"/>
                  <SP HEIGHT="61" WIDTH="18" VPOS="2343" HPOS="754"/>
                  <String HEIGHT="61"
                          WIDTH="143"
                          VPOS="2343"
                          HPOS="700"
                          CONTENT="illo"/>
                  <SP HEIGHT="61" WIDTH="18" VPOS="2343" HPOS="843"/>
                  <String HEIGHT="61"
                          WIDTH="161"
                          VPOS="2343"
                          HPOS="790"
                          CONTENT="simul"/>
                  <SP HEIGHT="61" WIDTH="18" VPOS="2343" HPOS="950"/>
                  <String HEIGHT="61"
                          WIDTH="214"
                          VPOS="2343"
                          HPOS="897"
                          CONTENT="secundum"/>
                  <SP HEIGHT="61" WIDTH="18" VPOS="2343" HPOS="1111"/>
                  <String HEIGHT="61"
                          WIDTH="179"
                          VPOS="2343"
                          HPOS="1057"
                          CONTENT="plures"/>
                  <SP HEIGHT="61" WIDTH="18" VPOS="2343" HPOS="1236"/>
                  <String HEIGHT="61"
                          WIDTH="179"
                          VPOS="2343"
                          HPOS="1182"
                          CONTENT="formas"/>
                  <SP HEIGHT="61" WIDTH="18" VPOS="2343" HPOS="1361"/>
                  <String HEIGHT="61"
                          WIDTH="304"
                          VPOS="2343"
                          HPOS="1307"
                          CONTENT="substantiales"/>
                  <SP HEIGHT="61" WIDTH="18" VPOS="2343" HPOS="1611"/>
                  <String HEIGHT="61"
                          WIDTH="143"
                          VPOS="2343"
                          HPOS="1558"
                          CONTENT="erit"/>
                  <SP HEIGHT="61" WIDTH="18" VPOS="2343" HPOS="1700"/>
                  <String HEIGHT="61"
                          WIDTH="143"
                          VPOS="2343"
                          HPOS="1647"
                          CONTENT="vnum"/>
                  <SP HEIGHT="61" WIDTH="18" VPOS="2343" HPOS="1790"/>
                  <String HEIGHT="61"
                          WIDTH="143"
                          VPOS="2343"
                          HPOS="1736"
                          CONTENT="ens."/>
                  <SP HEIGHT="61" WIDTH="18" VPOS="2343" HPOS="1879"/>
                  <String HEIGHT="61" WIDTH="89" VPOS="2343" HPOS="1825" CONTENT="&amp;"/>
                  <SP HEIGHT="61" WIDTH="18" VPOS="2343" HPOS="1915"/>
                  <String HEIGHT="61"
                          WIDTH="125"
                          VPOS="2343"
                          HPOS="1861"
                          CONTENT="non"/>
                  <SP HEIGHT="61" WIDTH="18" VPOS="2343" HPOS="1986"/>
                  <String HEIGHT="61"
                          WIDTH="143"
                          VPOS="2343"
                          HPOS="1933"
                          CONTENT="nisi"/>
                  <SP HEIGHT="61" WIDTH="18" VPOS="2343" HPOS="2075"/>
                  <String HEIGHT="61"
                          WIDTH="125"
                          VPOS="2343"
                          HPOS="2022"
                          CONTENT="per"/>
                  <SP HEIGHT="61" WIDTH="18" VPOS="2343" HPOS="2147"/>
                  <String HEIGHT="61"
                          WIDTH="179"
                          VPOS="2343"
                          HPOS="2075"
                          CONTENT="accidens"/>
               </TextLine>
               <TextLine ID="r2l40"
                         BASELINE="2461"
                         HEIGHT="68"
                         WIDTH="1761"
                         VPOS="2393"
                         HPOS="484">
                  <String HEIGHT="68"
                          WIDTH="128"
                          VPOS="2393"
                          HPOS="466"
                          CONTENT="hoc"/>
                  <SP HEIGHT="68" WIDTH="18" VPOS="2393" HPOS="594"/>
                  <String HEIGHT="68"
                          WIDTH="165"
                          VPOS="2393"
                          HPOS="539"
                          CONTENT="autem"/>
                  <SP HEIGHT="68" WIDTH="18" VPOS="2393" HPOS="704"/>
                  <String HEIGHT="68"
                          WIDTH="128"
                          VPOS="2393"
                          HPOS="649"
                          CONTENT="est"/>
                  <SP HEIGHT="68" WIDTH="18" VPOS="2393" HPOS="778"/>
                  <String HEIGHT="68"
                          WIDTH="312"
                          VPOS="2393"
                          HPOS="722"
                          CONTENT="inconueniens:"/>
                  <SP HEIGHT="68" WIDTH="18" VPOS="2393" HPOS="1034"/>
                  <String HEIGHT="68"
                          WIDTH="220"
                          VPOS="2393"
                          HPOS="979"
                          CONTENT="scilicet"/>
                  <SP HEIGHT="68" WIDTH="18" VPOS="2393" HPOS="1199"/>
                  <String HEIGHT="68"
                          WIDTH="147"
                          VPOS="2393"
                          HPOS="1144"
                          CONTENT="quod"/>
                  <SP HEIGHT="68" WIDTH="18" VPOS="2393" HPOS="1291"/>
                  <String HEIGHT="68"
                          WIDTH="220"
                          VPOS="2393"
                          HPOS="1236"
                          CONTENT="secundum"/>
                  <SP HEIGHT="68" WIDTH="18" VPOS="2393" HPOS="1456"/>
                  <String HEIGHT="68"
                          WIDTH="183"
                          VPOS="2393"
                          HPOS="1401"
                          CONTENT="formas"/>
                  <SP HEIGHT="68" WIDTH="18" VPOS="2393" HPOS="1585"/>
                  <String HEIGHT="68"
                          WIDTH="312"
                          VPOS="2393"
                          HPOS="1530"
                          CONTENT="substantiales"/>
                  <SP HEIGHT="68" WIDTH="18" VPOS="2393" HPOS="1841"/>
                  <String HEIGHT="68"
                          WIDTH="165"
                          VPOS="2393"
                          HPOS="1786"
                          CONTENT="habet"/>
                  <SP HEIGHT="68" WIDTH="18" VPOS="2393" HPOS="1952"/>
                  <String HEIGHT="68"
                          WIDTH="202"
                          VPOS="2393"
                          HPOS="1896"
                          CONTENT="aliquid"/>
                  <SP HEIGHT="68" WIDTH="18" VPOS="2393" HPOS="2098"/>
                  <String HEIGHT="68"
                          WIDTH="147"
                          VPOS="2393"
                          HPOS="2043"
                          CONTENT="esse"/>
                  <SP HEIGHT="68" WIDTH="18" VPOS="2393" HPOS="2190"/>
                  <String HEIGHT="68"
                          WIDTH="128"
                          VPOS="2393"
                          HPOS="2135"
                          CONTENT="ens"/>
                  <SP HEIGHT="68" WIDTH="18" VPOS="2393" HPOS="2263"/>
                  <String HEIGHT="68" WIDTH="55" VPOS="2393" HPOS="2190" CONTENT="&amp;"/>
               </TextLine>
               <TextLine ID="r2l41"
                         BASELINE="2508"
                         HEIGHT="62"
                         WIDTH="1766"
                         VPOS="2446"
                         HPOS="481">
                  <String HEIGHT="62"
                          WIDTH="143"
                          VPOS="2446"
                          HPOS="463"
                          CONTENT="vnum"/>
                  <SP HEIGHT="62" WIDTH="18" VPOS="2446" HPOS="606"/>
                  <String HEIGHT="62"
                          WIDTH="214"
                          VPOS="2446"
                          HPOS="552"
                          CONTENT="secundum"/>
                  <SP HEIGHT="62" WIDTH="18" VPOS="2446" HPOS="766"/>
                  <String HEIGHT="62"
                          WIDTH="232"
                          VPOS="2446"
                          HPOS="713"
                          CONTENT="accidens:"/>
                  <SP HEIGHT="62" WIDTH="18" VPOS="2446" HPOS="945"/>
                  <String HEIGHT="62"
                          WIDTH="143"
                          VPOS="2446"
                          HPOS="891"
                          CONTENT="quia"/>
                  <SP HEIGHT="62" WIDTH="18" VPOS="2446" HPOS="1034"/>
                  <String HEIGHT="62"
                          WIDTH="250"
                          VPOS="2446"
                          HPOS="980"
                          CONTENT="sequeretur"/>
                  <SP HEIGHT="62" WIDTH="18" VPOS="2446" HPOS="1230"/>
                  <String HEIGHT="62"
                          WIDTH="143"
                          VPOS="2446"
                          HPOS="1177"
                          CONTENT="quod"/>
                  <SP HEIGHT="62" WIDTH="18" VPOS="2446" HPOS="1319"/>
                  <String HEIGHT="62"
                          WIDTH="161"
                          VPOS="2446"
                          HPOS="1266"
                          CONTENT="omnes"/>
                  <SP HEIGHT="62" WIDTH="18" VPOS="2446" HPOS="1426"/>
                  <String HEIGHT="62"
                          WIDTH="178"
                          VPOS="2446"
                          HPOS="1373"
                          CONTENT="formae"/>
                  <SP HEIGHT="62" WIDTH="18" VPOS="2446" HPOS="1551"/>
                  <String HEIGHT="62"
                          WIDTH="161"
                          VPOS="2446"
                          HPOS="1498"
                          CONTENT="illae"/>
                  <SP HEIGHT="62" WIDTH="18" VPOS="2446" HPOS="1658"/>
                  <String HEIGHT="62"
                          WIDTH="303"
                          VPOS="2446"
                          HPOS="1605"
                          CONTENT="substantiales"/>
                  <SP HEIGHT="62" WIDTH="18" VPOS="2446" HPOS="1908"/>
                  <String HEIGHT="62"
                          WIDTH="250"
                          VPOS="2446"
                          HPOS="1855"
                          CONTENT="acciderent"/>
                  <SP HEIGHT="62" WIDTH="18" VPOS="2446" HPOS="2104"/>
                  <String HEIGHT="62"
                          WIDTH="232"
                          VPOS="2446"
                          HPOS="2051"
                          CONTENT="materiae:"/>
                  <SP HEIGHT="62" WIDTH="18" VPOS="2446" HPOS="2283"/>
                  <String HEIGHT="62" WIDTH="36" VPOS="2446" HPOS="2211" CONTENT=""/>
               </TextLine>
               <TextLine ID="r2l42"
                         BASELINE="2560"
                         HEIGHT="59"
                         WIDTH="1759"
                         VPOS="2501"
                         HPOS="486">
                  <String HEIGHT="59"
                          WIDTH="120"
                          VPOS="2501"
                          HPOS="469"
                          CONTENT="vel"/>
                  <SP HEIGHT="59" WIDTH="17" VPOS="2501" HPOS="588"/>
                  <String HEIGHT="59"
                          WIDTH="137"
                          VPOS="2501"
                          HPOS="537"
                          CONTENT="quod"/>
                  <SP HEIGHT="59" WIDTH="17" VPOS="2501" HPOS="674"/>
                  <String HEIGHT="59"
                          WIDTH="171"
                          VPOS="2501"
                          HPOS="623"
                          CONTENT="aliqua"/>
                  <SP HEIGHT="59" WIDTH="17" VPOS="2501" HPOS="793"/>
                  <String HEIGHT="59"
                          WIDTH="154"
                          VPOS="2501"
                          HPOS="742"
                          CONTENT="esset"/>
                  <SP HEIGHT="59" WIDTH="17" VPOS="2501" HPOS="896"/>
                  <String HEIGHT="59"
                          WIDTH="290"
                          VPOS="2501"
                          HPOS="845"
                          CONTENT="substantialis"/>
                  <SP HEIGHT="59" WIDTH="17" VPOS="2501" HPOS="1135"/>
                  <String HEIGHT="59"
                          WIDTH="222"
                          VPOS="2501"
                          HPOS="1084"
                          CONTENT="materiae,"/>
                  <SP HEIGHT="59" WIDTH="17" VPOS="2501" HPOS="1306"/>
                  <String HEIGHT="59" WIDTH="85" VPOS="2501" HPOS="1254" CONTENT="&amp;"/>
                  <SP HEIGHT="59" WIDTH="17" VPOS="2501" HPOS="1340"/>
                  <String HEIGHT="59"
                          WIDTH="154"
                          VPOS="2501"
                          HPOS="1289"
                          CONTENT="aliae"/>
                  <SP HEIGHT="59" WIDTH="17" VPOS="2501" HPOS="1442"/>
                  <String HEIGHT="59"
                          WIDTH="290"
                          VPOS="2501"
                          HPOS="1391"
                          CONTENT="accidentales,"/>
                  <SP HEIGHT="59" WIDTH="17" VPOS="2501" HPOS="1681"/>
                  <String HEIGHT="59"
                          WIDTH="205"
                          VPOS="2501"
                          HPOS="1630"
                          CONTENT="secundum"/>
                  <SP HEIGHT="59" WIDTH="17" VPOS="2501" HPOS="1835"/>
                  <String HEIGHT="59"
                          WIDTH="154"
                          VPOS="2501"
                          HPOS="1784"
                          CONTENT="modos"/>
                  <SP HEIGHT="59" WIDTH="17" VPOS="2501" HPOS="1938"/>
                  <String HEIGHT="59"
                          WIDTH="120"
                          VPOS="2501"
                          HPOS="1886"
                          CONTENT="iam"/>
                  <SP HEIGHT="59" WIDTH="17" VPOS="2501" HPOS="2006"/>
                  <String HEIGHT="59"
                          WIDTH="188"
                          VPOS="2501"
                          HPOS="1955"
                          CONTENT="dictos:"/>
                  <SP HEIGHT="59" WIDTH="17" VPOS="2501" HPOS="2143"/>
                  <String HEIGHT="59"
                          WIDTH="120"
                          VPOS="2501"
                          HPOS="2091"
                          CONTENT="vel"/>
                  <SP HEIGHT="59" WIDTH="17" VPOS="2501" HPOS="2211"/>
                  <String HEIGHT="59"
                          WIDTH="102"
                          VPOS="2501"
                          HPOS="2143"
                          CONTENT="ali"
                          SUBS_TYPE="HypPart1"
                          SUBS_CONTENT="aliquem"/>
                  <HYP CONTENT="-"/>
               </TextLine>
               <TextLine ID="r2l43"
                         BASELINE="2616"
                         HEIGHT="62"
                         WIDTH="1766"
                         VPOS="2554"
                         HPOS="486">
                  <String HEIGHT="62"
                          WIDTH="147"
                          VPOS="2554"
                          HPOS="468"
                          CONTENT="quem"
                          SUBS_TYPE="HypPart2"
                          SUBS_CONTENT="aliquem"/>
                  <SP HEIGHT="62" WIDTH="18" VPOS="2554" HPOS="615"/>
                  <String HEIGHT="62"
                          WIDTH="184"
                          VPOS="2554"
                          HPOS="560"
                          CONTENT="eorum,"/>
                  <SP HEIGHT="62" WIDTH="18" VPOS="2554" HPOS="744"/>
                  <String HEIGHT="62"
                          WIDTH="184"
                          VPOS="2554"
                          HPOS="688"
                          CONTENT="quibus"/>
                  <SP HEIGHT="62" WIDTH="18" VPOS="2554" HPOS="872"/>
                  <String HEIGHT="62"
                          WIDTH="294"
                          VPOS="2554"
                          HPOS="817"
                          CONTENT="constituitur"/>
                  <SP HEIGHT="62" WIDTH="18" VPOS="2554" HPOS="1111"/>
                  <String HEIGHT="62"
                          WIDTH="147"
                          VPOS="2554"
                          HPOS="1056"
                          CONTENT="vnum"/>
                  <SP HEIGHT="62" WIDTH="18" VPOS="2554" HPOS="1203"/>
                  <String HEIGHT="62"
                          WIDTH="129"
                          VPOS="2554"
                          HPOS="1148"
                          CONTENT="per"/>
                  <SP HEIGHT="62" WIDTH="18" VPOS="2554" HPOS="1277"/>
                  <String HEIGHT="62"
                          WIDTH="221"
                          VPOS="2554"
                          HPOS="1222"
                          CONTENT="accidens"/>
                  <SP HEIGHT="62" WIDTH="18" VPOS="2554" HPOS="1443"/>
                  <String HEIGHT="62"
                          WIDTH="110"
                          VPOS="2554"
                          HPOS="1387"
                          CONTENT="ex"/>
                  <SP HEIGHT="62" WIDTH="18" VPOS="2554" HPOS="1498"/>
                  <String HEIGHT="62"
                          WIDTH="221"
                          VPOS="2554"
                          HPOS="1443"
                          CONTENT="diuersis"/>
                  <SP HEIGHT="62" WIDTH="18" VPOS="2554" HPOS="1663"/>
                  <String HEIGHT="62"
                          WIDTH="221"
                          VPOS="2554"
                          HPOS="1608"
                          CONTENT="secundum"/>
                  <SP HEIGHT="62" WIDTH="18" VPOS="2554" HPOS="1829"/>
                  <String HEIGHT="62"
                          WIDTH="202"
                          VPOS="2554"
                          HPOS="1774"
                          CONTENT="formas."/>
                  <SP HEIGHT="62" WIDTH="18" VPOS="2554" HPOS="1976"/>
                  <String HEIGHT="62"
                          WIDTH="129"
                          VPOS="2554"
                          HPOS="1921"
                          CONTENT="Hoc"/>
                  <SP HEIGHT="62" WIDTH="18" VPOS="2554" HPOS="2050"/>
                  <String HEIGHT="62"
                          WIDTH="166"
                          VPOS="2554"
                          HPOS="1994"
                          CONTENT="autem"/>
                  <SP HEIGHT="62" WIDTH="18" VPOS="2554" HPOS="2160"/>
                  <String HEIGHT="62"
                          WIDTH="129"
                          VPOS="2554"
                          HPOS="2105"
                          CONTENT="est"/>
                  <SP HEIGHT="62" WIDTH="18" VPOS="2554" HPOS="2234"/>
                  <String HEIGHT="62"
                          WIDTH="92"
                          VPOS="2554"
                          HPOS="2160"
                          CONTENT="im"
                          SUBS_TYPE="HypPart1"
                          SUBS_CONTENT="impossibile:"/>
                  <HYP CONTENT="-"/>
               </TextLine>
               <TextLine ID="r2l44"
                         BASELINE="2675"
                         HEIGHT="68"
                         WIDTH="1757"
                         VPOS="2607"
                         HPOS="490">
                  <String HEIGHT="68"
                          WIDTH="224"
                          VPOS="2607"
                          HPOS="474"
                          CONTENT="possibile:"
                          SUBS_TYPE="HypPart2"
                          SUBS_CONTENT="impossibile:"/>
                  <SP HEIGHT="68" WIDTH="16" VPOS="2607" HPOS="698"/>
                  <String HEIGHT="68"
                          WIDTH="128"
                          VPOS="2607"
                          HPOS="650"
                          CONTENT="quia"/>
                  <SP HEIGHT="68" WIDTH="16" VPOS="2607" HPOS="778"/>
                  <String HEIGHT="68"
                          WIDTH="144"
                          VPOS="2607"
                          HPOS="730"
                          CONTENT="nulla"/>
                  <SP HEIGHT="68" WIDTH="16" VPOS="2607" HPOS="873"/>
                  <String HEIGHT="68"
                          WIDTH="144"
                          VPOS="2607"
                          HPOS="825"
                          CONTENT="forma"/>
                  <SP HEIGHT="68" WIDTH="16" VPOS="2607" HPOS="969"/>
                  <String HEIGHT="68"
                          WIDTH="272"
                          VPOS="2607"
                          HPOS="921"
                          CONTENT="substantialis"/>
                  <SP HEIGHT="68" WIDTH="16" VPOS="2607" HPOS="1193"/>
                  <String HEIGHT="68"
                          WIDTH="160"
                          VPOS="2607"
                          HPOS="1145"
                          CONTENT="potest"/>
                  <SP HEIGHT="68" WIDTH="16" VPOS="2607" HPOS="1305"/>
                  <String HEIGHT="68"
                          WIDTH="128"
                          VPOS="2607"
                          HPOS="1257"
                          CONTENT="esse"/>
                  <SP HEIGHT="68" WIDTH="16" VPOS="2607" HPOS="1384"/>
                  <String HEIGHT="68"
                          WIDTH="160"
                          VPOS="2607"
                          HPOS="1337"
                          CONTENT="alicui"/>
                  <SP HEIGHT="68" WIDTH="16" VPOS="2607" HPOS="1496"/>
                  <String HEIGHT="68"
                          WIDTH="272"
                          VPOS="2607"
                          HPOS="1448"
                          CONTENT="accidentalis:"/>
                  <SP HEIGHT="68" WIDTH="16" VPOS="2607" HPOS="1720"/>
                  <String HEIGHT="68"
                          WIDTH="128"
                          VPOS="2607"
                          HPOS="1672"
                          CONTENT="quia"/>
                  <SP HEIGHT="68" WIDTH="16" VPOS="2607" HPOS="1800"/>
                  <String HEIGHT="68"
                          WIDTH="128"
                          VPOS="2607"
                          HPOS="1752"
                          CONTENT="quod"/>
                  <SP HEIGHT="68" WIDTH="16" VPOS="2607" HPOS="1880"/>
                  <String HEIGHT="68" WIDTH="96" VPOS="2607" HPOS="1832" CONTENT="in"/>
                  <SP HEIGHT="68" WIDTH="16" VPOS="2607" HPOS="1928"/>
                  <String HEIGHT="68" WIDTH="96" VPOS="2607" HPOS="1880" CONTENT="se"/>
                  <SP HEIGHT="68" WIDTH="16" VPOS="2607" HPOS="1975"/>
                  <String HEIGHT="68"
                          WIDTH="112"
                          VPOS="2607"
                          HPOS="1928"
                          CONTENT="est"/>
                  <SP HEIGHT="68" WIDTH="16" VPOS="2607" HPOS="2039"/>
                  <String HEIGHT="68"
                          WIDTH="240"
                          VPOS="2607"
                          HPOS="1991"
                          CONTENT="substantia,"/>
                  <SP HEIGHT="68" WIDTH="16" VPOS="2607" HPOS="2231"/>
                  <String HEIGHT="68"
                          WIDTH="80"
                          VPOS="2607"
                          HPOS="2167"
                          CONTENT="nul"/>
               </TextLine>
               <TextLine ID="r2l45"
                         BASELINE="2725"
                         HEIGHT="62"
                         WIDTH="1759"
                         VPOS="2663"
                         HPOS="490">
                  <String HEIGHT="62" WIDTH="97" VPOS="2663" HPOS="474" CONTENT="li"/>
                  <SP HEIGHT="62" WIDTH="16" VPOS="2663" HPOS="571"/>
                  <String HEIGHT="62"
                          WIDTH="161"
                          VPOS="2663"
                          HPOS="522"
                          CONTENT="potest"/>
                  <SP HEIGHT="62" WIDTH="16" VPOS="2663" HPOS="684"/>
                  <String HEIGHT="62"
                          WIDTH="129"
                          VPOS="2663"
                          HPOS="635"
                          CONTENT="esse"/>
                  <SP HEIGHT="62" WIDTH="16" VPOS="2663" HPOS="764"/>
                  <String HEIGHT="62"
                          WIDTH="210"
                          VPOS="2663"
                          HPOS="716"
                          CONTENT="accidens:"/>
                  <SP HEIGHT="62" WIDTH="16" VPOS="2663" HPOS="926"/>
                  <String HEIGHT="62"
                          WIDTH="145"
                          VPOS="2663"
                          HPOS="877"
                          CONTENT="sicut"/>
                  <SP HEIGHT="62" WIDTH="16" VPOS="2663" HPOS="1023"/>
                  <String HEIGHT="62"
                          WIDTH="129"
                          VPOS="2663"
                          HPOS="974"
                          CONTENT="vult"/>
                  <SP HEIGHT="62" WIDTH="16" VPOS="2663" HPOS="1103"/>
                  <String HEIGHT="62"
                          WIDTH="242"
                          VPOS="2663"
                          HPOS="1055"
                          CONTENT="Commentator"/>
                  <SP HEIGHT="62" WIDTH="16" VPOS="2663" HPOS="1297"/>
                  <String HEIGHT="62"
                          WIDTH="129"
                          VPOS="2663"
                          HPOS="1248"
                          CONTENT="supe"/>
                  <SP HEIGHT="62" WIDTH="16" VPOS="2663" HPOS="1378"/>
                  <String HEIGHT="62"
                          WIDTH="194"
                          VPOS="2663"
                          HPOS="1329"
                          CONTENT="secundum"/>
                  <SP HEIGHT="62" WIDTH="16" VPOS="2663" HPOS="1523"/>
                  <String HEIGHT="62"
                          WIDTH="226"
                          VPOS="2663"
                          HPOS="1474"
                          CONTENT="Physicorum"/>
                  <SP HEIGHT="62" WIDTH="16" VPOS="2663" HPOS="1700"/>
                  <String HEIGHT="62" WIDTH="97" VPOS="2663" HPOS="1652" CONTENT="de"/>
                  <SP HEIGHT="62" WIDTH="16" VPOS="2663" HPOS="1749"/>
                  <String HEIGHT="62"
                          WIDTH="178"
                          VPOS="2663"
                          HPOS="1700"
                          CONTENT="calore,"/>
                  <SP HEIGHT="62" WIDTH="16" VPOS="2663" HPOS="1878"/>
                  <String HEIGHT="62"
                          WIDTH="129"
                          VPOS="2663"
                          HPOS="1829"
                          CONTENT="quod"/>
                  <SP HEIGHT="62" WIDTH="16" VPOS="2663" HPOS="1959"/>
                  <String HEIGHT="62"
                          WIDTH="113"
                          VPOS="2663"
                          HPOS="1910"
                          CONTENT="non"/>
                  <SP HEIGHT="62" WIDTH="16" VPOS="2663" HPOS="2023"/>
                  <String HEIGHT="62"
                          WIDTH="161"
                          VPOS="2663"
                          HPOS="1975"
                          CONTENT="potest"/>
                  <SP HEIGHT="62" WIDTH="16" VPOS="2663" HPOS="2136"/>
                  <String HEIGHT="62" WIDTH="97" VPOS="2663" HPOS="2088" CONTENT="in"/>
                  <SP HEIGHT="62" WIDTH="16" VPOS="2663" HPOS="2184"/>
                  <String HEIGHT="62"
                          WIDTH="129"
                          VPOS="2663"
                          HPOS="2120"
                          CONTENT="homine"/>
               </TextLine>
               <TextLine ID="r2l46"
                         BASELINE="2779"
                         HEIGHT="62"
                         WIDTH="1757"
                         VPOS="2717"
                         HPOS="491">
                  <String HEIGHT="62"
                          WIDTH="129"
                          VPOS="2717"
                          HPOS="475"
                          CONTENT="esse"/>
                  <SP HEIGHT="62" WIDTH="16" VPOS="2717" HPOS="604"/>
                  <String HEIGHT="62" WIDTH="97" VPOS="2717" HPOS="555" CONTENT="de"/>
                  <SP HEIGHT="62" WIDTH="16" VPOS="2717" HPOS="652"/>
                  <String HEIGHT="62"
                          WIDTH="226"
                          VPOS="2717"
                          HPOS="604"
                          CONTENT="praedicato"/>
                  <SP HEIGHT="62" WIDTH="16" VPOS="2717" HPOS="830"/>
                  <String HEIGHT="62"
                          WIDTH="242"
                          VPOS="2717"
                          HPOS="781"
                          CONTENT="qualitatis:"/>
                  <SP HEIGHT="62" WIDTH="16" VPOS="2717" HPOS="1023"/>
                  <String HEIGHT="62" WIDTH="97" VPOS="2717" HPOS="975" CONTENT="in"/>
                  <SP HEIGHT="62" WIDTH="16" VPOS="2717" HPOS="1071"/>
                  <String HEIGHT="62"
                          WIDTH="129"
                          VPOS="2717"
                          HPOS="1023"
                          CONTENT="igne"/>
                  <SP HEIGHT="62" WIDTH="16" VPOS="2717" HPOS="1152"/>
                  <String HEIGHT="62"
                          WIDTH="129"
                          VPOS="2717"
                          HPOS="1104"
                          CONTENT="vero"/>
                  <SP HEIGHT="62" WIDTH="16" VPOS="2717" HPOS="1232"/>
                  <String HEIGHT="62" WIDTH="97" VPOS="2717" HPOS="1184" CONTENT="de"/>
                  <SP HEIGHT="62" WIDTH="16" VPOS="2717" HPOS="1281"/>
                  <String HEIGHT="62"
                          WIDTH="274"
                          VPOS="2717"
                          HPOS="1232"
                          CONTENT="praedicamento"/>
                  <SP HEIGHT="62" WIDTH="16" VPOS="2717" HPOS="1507"/>
                  <String HEIGHT="62"
                          WIDTH="258"
                          VPOS="2717"
                          HPOS="1458"
                          CONTENT="substantiae."/>
                  <SP HEIGHT="62" WIDTH="16" VPOS="2717" HPOS="1716"/>
                  <String HEIGHT="62"
                          WIDTH="161"
                          VPOS="2717"
                          HPOS="1668"
                          CONTENT="Falsum"/>
                  <SP HEIGHT="62" WIDTH="16" VPOS="2717" HPOS="1829"/>
                  <String HEIGHT="62"
                          WIDTH="113"
                          VPOS="2717"
                          HPOS="1781"
                          CONTENT="est"/>
                  <SP HEIGHT="62" WIDTH="16" VPOS="2717" HPOS="1893"/>
                  <String HEIGHT="62"
                          WIDTH="129"
                          VPOS="2717"
                          HPOS="1845"
                          CONTENT="ergo"/>
                  <SP HEIGHT="62" WIDTH="16" VPOS="2717" HPOS="1974"/>
                  <String HEIGHT="62"
                          WIDTH="145"
                          VPOS="2717"
                          HPOS="1926"
                          CONTENT="illud"/>
                  <SP HEIGHT="62" WIDTH="16" VPOS="2717" HPOS="2071"/>
                  <String HEIGHT="62" WIDTH="97" VPOS="2717" HPOS="2022" CONTENT="ad"/>
                  <SP HEIGHT="62" WIDTH="16" VPOS="2717" HPOS="2119"/>
                  <String HEIGHT="62"
                          WIDTH="129"
                          VPOS="2717"
                          HPOS="2071"
                          CONTENT="quod"/>
                  <SP HEIGHT="62" WIDTH="16" VPOS="2717" HPOS="2200"/>
                  <String HEIGHT="62"
                          WIDTH="113"
                          VPOS="2717"
                          HPOS="2135"
                          CONTENT="omnia"/>
               </TextLine>
               <TextLine ID="r2l47"
                         BASELINE="2831"
                         HEIGHT="62"
                         WIDTH="1764"
                         VPOS="2769"
                         HPOS="487">
                  <String HEIGHT="62"
                          WIDTH="127"
                          VPOS="2769"
                          HPOS="471"
                          CONTENT="haec"/>
                  <SP HEIGHT="62" WIDTH="16" VPOS="2769" HPOS="598"/>
                  <String HEIGHT="62"
                          WIDTH="222"
                          VPOS="2769"
                          HPOS="551"
                          CONTENT="sequuntur:"/>
                  <SP HEIGHT="62" WIDTH="16" VPOS="2769" HPOS="773"/>
                  <String HEIGHT="62"
                          WIDTH="191"
                          VPOS="2769"
                          HPOS="725"
                          CONTENT="scilicet"/>
                  <SP HEIGHT="62" WIDTH="16" VPOS="2769" HPOS="916"/>
                  <String HEIGHT="62"
                          WIDTH="127"
                          VPOS="2769"
                          HPOS="868"
                          CONTENT="quod"/>
                  <SP HEIGHT="62" WIDTH="16" VPOS="2769" HPOS="996"/>
                  <String HEIGHT="62"
                          WIDTH="127"
                          VPOS="2769"
                          HPOS="948"
                          CONTENT="idem"/>
                  <SP HEIGHT="62" WIDTH="16" VPOS="2769" HPOS="1075"/>
                  <String HEIGHT="62"
                          WIDTH="143"
                          VPOS="2769"
                          HPOS="1027"
                          CONTENT="simul"/>
                  <SP HEIGHT="62" WIDTH="16" VPOS="2769" HPOS="1170"/>
                  <String HEIGHT="62"
                          WIDTH="191"
                          VPOS="2769"
                          HPOS="1123"
                          CONTENT="diuersis"/>
                  <SP HEIGHT="62" WIDTH="16" VPOS="2769" HPOS="1313"/>
                  <String HEIGHT="62"
                          WIDTH="175"
                          VPOS="2769"
                          HPOS="1266"
                          CONTENT="motibus"/>
                  <SP HEIGHT="62" WIDTH="16" VPOS="2769" HPOS="1441"/>
                  <String HEIGHT="62"
                          WIDTH="175"
                          VPOS="2769"
                          HPOS="1393"
                          CONTENT="mouetur"/>
                  <SP HEIGHT="62" WIDTH="16" VPOS="2769" HPOS="1568"/>
                  <String HEIGHT="62" WIDTH="95" VPOS="2769" HPOS="1520" CONTENT="ad"/>
                  <SP HEIGHT="62" WIDTH="16" VPOS="2769" HPOS="1615"/>
                  <String HEIGHT="62"
                          WIDTH="191"
                          VPOS="2769"
                          HPOS="1568"
                          CONTENT="diuersas"/>
                  <SP HEIGHT="62" WIDTH="16" VPOS="2769" HPOS="1758"/>
                  <String HEIGHT="62"
                          WIDTH="159"
                          VPOS="2769"
                          HPOS="1711"
                          CONTENT="formas"/>
                  <SP HEIGHT="62" WIDTH="16" VPOS="2769" HPOS="1870"/>
                  <String HEIGHT="62"
                          WIDTH="270"
                          VPOS="2769"
                          HPOS="1822"
                          CONTENT="substantiales"/>
                  <SP HEIGHT="62" WIDTH="16" VPOS="2769" HPOS="2092"/>
                  <String HEIGHT="62" WIDTH="95" VPOS="2769" HPOS="2044" CONTENT="in"/>
                  <SP HEIGHT="62" WIDTH="16" VPOS="2769" HPOS="2140"/>
                  <String HEIGHT="62"
                          WIDTH="159"
                          VPOS="2769"
                          HPOS="2092"
                          CONTENT="eodem."/>
                  <SP HEIGHT="62" WIDTH="16" VPOS="2769" HPOS="2251"/>
                  <String HEIGHT="62" WIDTH="64" VPOS="2769" HPOS="2187" CONTENT="Si"/>
               </TextLine>
               <TextLine ID="r2l48"
                         BASELINE="2893"
                         HEIGHT="68"
                         WIDTH="1760"
                         VPOS="2825"
                         HPOS="489">
                  <String HEIGHT="68"
                          WIDTH="127"
                          VPOS="2825"
                          HPOS="473"
                          CONTENT="vero"/>
                  <SP HEIGHT="68" WIDTH="16" VPOS="2825" HPOS="600"/>
                  <String HEIGHT="68"
                          WIDTH="174"
                          VPOS="2825"
                          HPOS="552"
                          CONTENT="dicatur"/>
                  <SP HEIGHT="68" WIDTH="16" VPOS="2825" HPOS="727"/>
                  <String HEIGHT="68"
                          WIDTH="127"
                          VPOS="2825"
                          HPOS="679"
                          CONTENT="quod"/>
                  <SP HEIGHT="68" WIDTH="16" VPOS="2825" HPOS="806"/>
                  <String HEIGHT="68"
                          WIDTH="143"
                          VPOS="2825"
                          HPOS="759"
                          CONTENT="omnia"/>
                  <SP HEIGHT="68" WIDTH="16" VPOS="2825" HPOS="901"/>
                  <String HEIGHT="68"
                          WIDTH="206"
                          VPOS="2825"
                          HPOS="854"
                          CONTENT="praedicta"/>
                  <SP HEIGHT="68" WIDTH="16" VPOS="2825" HPOS="1060"/>
                  <String HEIGHT="68"
                          WIDTH="127"
                          VPOS="2825"
                          HPOS="1012"
                          CONTENT="vera"/>
                  <SP HEIGHT="68" WIDTH="16" VPOS="2825" HPOS="1139"/>
                  <String HEIGHT="68"
                          WIDTH="127"
                          VPOS="2825"
                          HPOS="1092"
                          CONTENT="sunt"/>
                  <SP HEIGHT="68" WIDTH="16" VPOS="2825" HPOS="1218"/>
                  <String HEIGHT="68" WIDTH="95" VPOS="2825" HPOS="1171" CONTENT="de"/>
                  <SP HEIGHT="68" WIDTH="16" VPOS="2825" HPOS="1266"/>
                  <String HEIGHT="68"
                          WIDTH="206"
                          VPOS="2825"
                          HPOS="1218"
                          CONTENT="composito"/>
                  <SP HEIGHT="68" WIDTH="16" VPOS="2825" HPOS="1424"/>
                  <String HEIGHT="68"
                          WIDTH="190"
                          VPOS="2825"
                          HPOS="1377"
                          CONTENT="perfecto"/>
                  <SP HEIGHT="68" WIDTH="16" VPOS="2825" HPOS="1567"/>
                  <String HEIGHT="68"
                          WIDTH="127"
                          VPOS="2825"
                          HPOS="1520"
                          CONTENT="siue"/>
                  <SP HEIGHT="68" WIDTH="16" VPOS="2825" HPOS="1646"/>
                  <String HEIGHT="68"
                          WIDTH="206"
                          VPOS="2825"
                          HPOS="1599"
                          CONTENT="completo:"/>
                  <SP HEIGHT="68" WIDTH="16" VPOS="2825" HPOS="1805"/>
                  <String HEIGHT="68"
                          WIDTH="190"
                          VPOS="2825"
                          HPOS="1757"
                          CONTENT="scilicet"/>
                  <SP HEIGHT="68" WIDTH="16" VPOS="2825" HPOS="1948"/>
                  <String HEIGHT="68"
                          WIDTH="127"
                          VPOS="2825"
                          HPOS="1900"
                          CONTENT="quod"/>
                  <SP HEIGHT="68" WIDTH="16" VPOS="2825" HPOS="2027"/>
                  <String HEIGHT="68"
                          WIDTH="206"
                          VPOS="2825"
                          HPOS="1979"
                          CONTENT="cuicunque"/>
                  <SP HEIGHT="68" WIDTH="16" VPOS="2825" HPOS="2186"/>
                  <String HEIGHT="68"
                          WIDTH="143"
                          VPOS="2825"
                          HPOS="2138"
                          CONTENT="illud"/>
                  <SP HEIGHT="68" WIDTH="16" VPOS="2825" HPOS="2281"/>
                  <String HEIGHT="68" WIDTH="32" VPOS="2825" HPOS="2217" CONTENT=""/>
               </TextLine>
               <TextLine ID="r2l49"
                         BASELINE="2946"
                         HEIGHT="68"
                         WIDTH="1759"
                         VPOS="2878"
                         HPOS="487">
                  <String HEIGHT="68"
                          WIDTH="197"
                          VPOS="2878"
                          HPOS="471"
                          CONTENT="aduenit,"/>
                  <SP HEIGHT="68" WIDTH="16" VPOS="2878" HPOS="668"/>
                  <String HEIGHT="68"
                          WIDTH="296"
                          VPOS="2878"
                          HPOS="619"
                          CONTENT="accidentaliter"/>
                  <SP HEIGHT="68" WIDTH="16" VPOS="2878" HPOS="914"/>
                  <String HEIGHT="68"
                          WIDTH="132"
                          VPOS="2878"
                          HPOS="865"
                          CONTENT="illi"/>
                  <SP HEIGHT="68" WIDTH="16" VPOS="2878" HPOS="997"/>
                  <String HEIGHT="68"
                          WIDTH="197"
                          VPOS="2878"
                          HPOS="947"
                          CONTENT="aduenit,"/>
                  <SP HEIGHT="68" WIDTH="16" VPOS="2878" HPOS="1145"/>
                  <String HEIGHT="68" WIDTH="82" VPOS="2878" HPOS="1095" CONTENT="&amp;"/>
                  <SP HEIGHT="68" WIDTH="16" VPOS="2878" HPOS="1177"/>
                  <String HEIGHT="68"
                          WIDTH="230"
                          VPOS="2878"
                          HPOS="1128"
                          CONTENT="quodcumque"/>
                  <SP HEIGHT="68" WIDTH="16" VPOS="2878" HPOS="1358"/>
                  <String HEIGHT="68" WIDTH="99" VPOS="2878" HPOS="1309" CONTENT="ei"/>
                  <SP HEIGHT="68" WIDTH="16" VPOS="2878" HPOS="1408"/>
                  <String HEIGHT="68"
                          WIDTH="197"
                          VPOS="2878"
                          HPOS="1358"
                          CONTENT="aduenit,"/>
                  <SP HEIGHT="68" WIDTH="16" VPOS="2878" HPOS="1556"/>
                  <String HEIGHT="68"
                          WIDTH="296"
                          VPOS="2878"
                          HPOS="1506"
                          CONTENT="accidentaliter"/>
                  <SP HEIGHT="68" WIDTH="16" VPOS="2878" HPOS="1802"/>
                  <String HEIGHT="68"
                          WIDTH="181"
                          VPOS="2878"
                          HPOS="1753"
                          CONTENT="aduenit"/>
                  <SP HEIGHT="68" WIDTH="16" VPOS="2878" HPOS="1934"/>
                  <String HEIGHT="68"
                          WIDTH="115"
                          VPOS="2878"
                          HPOS="1884"
                          CONTENT="ei:"/>
                  <SP HEIGHT="68" WIDTH="16" VPOS="2878" HPOS="1999"/>
                  <String HEIGHT="68"
                          WIDTH="115"
                          VPOS="2878"
                          HPOS="1950"
                          CONTENT="non"/>
                  <SP HEIGHT="68" WIDTH="16" VPOS="2878" HPOS="2065"/>
                  <String HEIGHT="68"
                          WIDTH="148"
                          VPOS="2878"
                          HPOS="2016"
                          CONTENT="autem"/>
                  <SP HEIGHT="68" WIDTH="16" VPOS="2878" HPOS="2164"/>
                  <String HEIGHT="68" WIDTH="99" VPOS="2878" HPOS="2114" CONTENT="de"/>
                  <SP HEIGHT="68" WIDTH="16" VPOS="2878" HPOS="2213"/>
                  <String HEIGHT="68"
                          WIDTH="99"
                          VPOS="2878"
                          HPOS="2147"
                          CONTENT="com"
                          SUBS_TYPE="HypPart1"
                          SUBS_CONTENT="composito"/>
                  <HYP CONTENT="-"/>
               </TextLine>
               <TextLine ID="r2l50"
                         BASELINE="2995"
                         HEIGHT="65"
                         WIDTH="1755"
                         VPOS="2930"
                         HPOS="492">
                  <String HEIGHT="65"
                          WIDTH="181"
                          VPOS="2930"
                          HPOS="474"
                          CONTENT="posito"
                          SUBS_TYPE="HypPart2"
                          SUBS_CONTENT="composito"/>
                  <SP HEIGHT="65" WIDTH="18" VPOS="2930" HPOS="655"/>
                  <String HEIGHT="65"
                          WIDTH="253"
                          VPOS="2930"
                          HPOS="601"
                          CONTENT="imperfecto"/>
                  <SP HEIGHT="65" WIDTH="18" VPOS="2930" HPOS="854"/>
                  <String HEIGHT="65"
                          WIDTH="145"
                          VPOS="2930"
                          HPOS="800"
                          CONTENT="siue"/>
                  <SP HEIGHT="65" WIDTH="18" VPOS="2930" HPOS="944"/>
                  <String HEIGHT="65"
                          WIDTH="271"
                          VPOS="2930"
                          HPOS="890"
                          CONTENT="incompleto:"/>
                  <SP HEIGHT="65" WIDTH="18" VPOS="2930" HPOS="1161"/>
                  <String HEIGHT="65"
                          WIDTH="181"
                          VPOS="2930"
                          HPOS="1107"
                          CONTENT="CONtra"/>
                  <SP HEIGHT="65" WIDTH="18" VPOS="2930" HPOS="1288"/>
                  <String HEIGHT="65"
                          WIDTH="127"
                          VPOS="2930"
                          HPOS="1234"
                          CONTENT="hoc"/>
                  <SP HEIGHT="65" WIDTH="18" VPOS="2930" HPOS="1360"/>
                  <String HEIGHT="65"
                          WIDTH="235"
                          VPOS="2930"
                          HPOS="1306"
                          CONTENT="arguitur:"/>
                  <SP HEIGHT="65" WIDTH="18" VPOS="2930" HPOS="1541"/>
                  <String HEIGHT="65"
                          WIDTH="145"
                          VPOS="2930"
                          HPOS="1487"
                          CONTENT="quia"/>
                  <SP HEIGHT="65" WIDTH="18" VPOS="2930" HPOS="1632"/>
                  <String HEIGHT="65"
                          WIDTH="289"
                          VPOS="2930"
                          HPOS="1578"
                          CONTENT="transmutatio"/>
                  <SP HEIGHT="65" WIDTH="18" VPOS="2930" HPOS="1867"/>
                  <String HEIGHT="65"
                          WIDTH="181"
                          VPOS="2930"
                          HPOS="1813"
                          CONTENT="docuit"/>
                  <SP HEIGHT="65" WIDTH="18" VPOS="2930" HPOS="1994"/>
                  <String HEIGHT="65"
                          WIDTH="217"
                          VPOS="2930"
                          HPOS="1939"
                          CONTENT="materiam"/>
                  <SP HEIGHT="65" WIDTH="18" VPOS="2930" HPOS="2157"/>
                  <String HEIGHT="65"
                          WIDTH="163"
                          VPOS="2930"
                          HPOS="2102"
                          CONTENT="esse,"/>
                  <SP HEIGHT="65" WIDTH="18" VPOS="2930" HPOS="2265"/>
                  <String HEIGHT="65" WIDTH="54" VPOS="2930" HPOS="2193" CONTENT="&amp;"/>
               </TextLine>
               <TextLine ID="r2l51"
                         BASELINE="3050"
                         HEIGHT="64"
                         WIDTH="1757"
                         VPOS="2986"
                         HPOS="491">
                  <String HEIGHT="64"
                          WIDTH="256"
                          VPOS="2986"
                          HPOS="473"
                          CONTENT="diuersitas"/>
                  <SP HEIGHT="64" WIDTH="18" VPOS="2986" HPOS="729"/>
                  <String HEIGHT="64"
                          WIDTH="348"
                          VPOS="2986"
                          HPOS="674"
                          CONTENT="transmutationum"/>
                  <SP HEIGHT="64" WIDTH="18" VPOS="2986" HPOS="1022"/>
                  <String HEIGHT="64"
                          WIDTH="293"
                          VPOS="2986"
                          HPOS="967"
                          CONTENT="diuersitatem"/>
                  <SP HEIGHT="64" WIDTH="18" VPOS="2986" HPOS="1260"/>
                  <String HEIGHT="64"
                          WIDTH="238"
                          VPOS="2986"
                          HPOS="1205"
                          CONTENT="formarum."/>
                  <SP HEIGHT="64" WIDTH="18" VPOS="2986" HPOS="1443"/>
                  <String HEIGHT="64"
                          WIDTH="128"
                          VPOS="2986"
                          HPOS="1388"
                          CONTENT="lta"/>
                  <SP HEIGHT="64" WIDTH="18" VPOS="2986" HPOS="1516"/>
                  <String HEIGHT="64"
                          WIDTH="146"
                          VPOS="2986"
                          HPOS="1461"
                          CONTENT="quod"/>
                  <SP HEIGHT="64" WIDTH="18" VPOS="2986" HPOS="1607"/>
                  <String HEIGHT="64"
                          WIDTH="128"
                          VPOS="2986"
                          HPOS="1553"
                          CONTENT="vbi"/>
                  <SP HEIGHT="64" WIDTH="18" VPOS="2986" HPOS="1681"/>
                  <String HEIGHT="64"
                          WIDTH="238"
                          VPOS="2986"
                          HPOS="1626"
                          CONTENT="subiectum"/>
                  <SP HEIGHT="64" WIDTH="18" VPOS="2986" HPOS="1864"/>
                  <String HEIGHT="64"
                          WIDTH="128"
                          VPOS="2986"
                          HPOS="1809"
                          CONTENT="non"/>
                  <SP HEIGHT="64" WIDTH="18" VPOS="2986" HPOS="1937"/>
                  <String HEIGHT="64"
                          WIDTH="165"
                          VPOS="2986"
                          HPOS="1882"
                          CONTENT="manet"/>
                  <SP HEIGHT="64" WIDTH="18" VPOS="2986" HPOS="2047"/>
                  <String HEIGHT="64"
                          WIDTH="146"
                          VPOS="2986"
                          HPOS="1992"
                          CONTENT="idem"/>
                  <SP HEIGHT="64" WIDTH="18" VPOS="2986" HPOS="2138"/>
                  <String HEIGHT="64"
                          WIDTH="183"
                          VPOS="2986"
                          HPOS="2083"
                          CONTENT="nomine"/>
                  <SP HEIGHT="64" WIDTH="18" VPOS="2986" HPOS="2266"/>
                  <String HEIGHT="64" WIDTH="55" VPOS="2986" HPOS="2193" CONTENT="&amp;"/>
               </TextLine>
               <TextLine ID="r2l52"
                         BASELINE="3100"
                         HEIGHT="62"
                         WIDTH="1755"
                         VPOS="3038"
                         HPOS="496">
                  <String HEIGHT="62"
                          WIDTH="251"
                          VPOS="3038"
                          HPOS="480"
                          CONTENT="definitione,"/>
                  <SP HEIGHT="62" WIDTH="16" VPOS="3038" HPOS="731"/>
                  <String HEIGHT="62"
                          WIDTH="172"
                          VPOS="3038"
                          HPOS="684"
                          CONTENT="dicitur"/>
                  <SP HEIGHT="62" WIDTH="16" VPOS="3038" HPOS="856"/>
                  <String HEIGHT="62"
                          WIDTH="251"
                          VPOS="3038"
                          HPOS="809"
                          CONTENT="transmutatio"/>
                  <SP HEIGHT="62" WIDTH="16" VPOS="3038" HPOS="1060"/>
                  <String HEIGHT="62"
                          WIDTH="188"
                          VPOS="3038"
                          HPOS="1013"
                          CONTENT="secundum"/>
                  <SP HEIGHT="62" WIDTH="16" VPOS="3038" HPOS="1201"/>
                  <String HEIGHT="62"
                          WIDTH="251"
                          VPOS="3038"
                          HPOS="1154"
                          CONTENT="substantiam,"/>
                  <SP HEIGHT="62" WIDTH="16" VPOS="3038" HPOS="1405"/>
                  <String HEIGHT="62" WIDTH="78" VPOS="3038" HPOS="1358" CONTENT="&amp;"/>
                  <SP HEIGHT="62" WIDTH="16" VPOS="3038" HPOS="1436"/>
                  <String HEIGHT="62"
                          WIDTH="141"
                          VPOS="3038"
                          HPOS="1389"
                          CONTENT="forma"/>
                  <SP HEIGHT="62" WIDTH="16" VPOS="3038" HPOS="1530"/>
                  <String HEIGHT="62"
                          WIDTH="204"
                          VPOS="3038"
                          HPOS="1483"
                          CONTENT="acquisita"/>
                  <SP HEIGHT="62" WIDTH="16" VPOS="3038" HPOS="1687"/>
                  <String HEIGHT="62"
                          WIDTH="110"
                          VPOS="3038"
                          HPOS="1640"
                          CONTENT="per"/>
                  <SP HEIGHT="62" WIDTH="16" VPOS="3038" HPOS="1750"/>
                  <String HEIGHT="62"
                          WIDTH="141"
                          VPOS="3038"
                          HPOS="1703"
                          CONTENT="talem"/>
                  <SP HEIGHT="62" WIDTH="16" VPOS="3038" HPOS="1844"/>
                  <String HEIGHT="62"
                          WIDTH="282"
                          VPOS="3038"
                          HPOS="1797"
                          CONTENT="trasmutationem"/>
                  <SP HEIGHT="62" WIDTH="16" VPOS="3038" HPOS="2079"/>
                  <String HEIGHT="62"
                          WIDTH="172"
                          VPOS="3038"
                          HPOS="2032"
                          CONTENT="dicitur"/>
                  <SP HEIGHT="62" WIDTH="16" VPOS="3038" HPOS="2204"/>
                  <String HEIGHT="62"
                          WIDTH="110"
                          VPOS="3038"
                          HPOS="2141"
                          CONTENT="forma"/>
               </TextLine>
               <TextLine ID="r2l53"
                         BASELINE="3157"
                         HEIGHT="65"
                         WIDTH="1770"
                         VPOS="3092"
                         HPOS="480">
                  <String HEIGHT="65"
                          WIDTH="279"
                          VPOS="3092"
                          HPOS="464"
                          CONTENT="substantialis:"/>
                  <SP HEIGHT="65" WIDTH="16" VPOS="3092" HPOS="744"/>
                  <String HEIGHT="65"
                          WIDTH="109"
                          VPOS="3092"
                          HPOS="697"
                          CONTENT="vbi"/>
                  <SP HEIGHT="65" WIDTH="16" VPOS="3092" HPOS="806"/>
                  <String HEIGHT="65"
                          WIDTH="124"
                          VPOS="3092"
                          HPOS="759"
                          CONTENT="vero"/>
                  <SP HEIGHT="65" WIDTH="16" VPOS="3092" HPOS="884"/>
                  <String HEIGHT="65"
                          WIDTH="202"
                          VPOS="3092"
                          HPOS="837"
                          CONTENT="subiectum"/>
                  <SP HEIGHT="65" WIDTH="16" VPOS="3092" HPOS="1039"/>
                  <String HEIGHT="65"
                          WIDTH="140"
                          VPOS="3092"
                          HPOS="992"
                          CONTENT="manet"/>
                  <SP HEIGHT="65" WIDTH="16" VPOS="3092" HPOS="1132"/>
                  <String HEIGHT="65"
                          WIDTH="124"
                          VPOS="3092"
                          HPOS="1086"
                          CONTENT="idem"/>
                  <SP HEIGHT="65" WIDTH="16" VPOS="3092" HPOS="1210"/>
                  <String HEIGHT="65"
                          WIDTH="155"
                          VPOS="3092"
                          HPOS="1163"
                          CONTENT="nomine"/>
                  <SP HEIGHT="65" WIDTH="16" VPOS="3092" HPOS="1318"/>
                  <String HEIGHT="65" WIDTH="78" VPOS="3092" HPOS="1272" CONTENT="&amp;"/>
                  <SP HEIGHT="65" WIDTH="16" VPOS="3092" HPOS="1349"/>
                  <String HEIGHT="65"
                          WIDTH="248"
                          VPOS="3092"
                          HPOS="1303"
                          CONTENT="definitione,"/>
                  <SP HEIGHT="65" WIDTH="16" VPOS="3092" HPOS="1551"/>
                  <String HEIGHT="65"
                          WIDTH="171"
                          VPOS="3092"
                          HPOS="1505"
                          CONTENT="dicitur"/>
                  <SP HEIGHT="65" WIDTH="16" VPOS="3092" HPOS="1676"/>
                  <String HEIGHT="65"
                          WIDTH="248"
                          VPOS="3092"
                          HPOS="1629"
                          CONTENT="transmutatio"/>
                  <SP HEIGHT="65" WIDTH="16" VPOS="3092" HPOS="1877"/>
                  <String HEIGHT="65"
                          WIDTH="186"
                          VPOS="3092"
                          HPOS="1831"
                          CONTENT="secundum"/>
                  <SP HEIGHT="65" WIDTH="16" VPOS="3092" HPOS="2017"/>
                  <String HEIGHT="65"
                          WIDTH="186"
                          VPOS="3092"
                          HPOS="1971"
                          CONTENT="accidens"/>
                  <SP HEIGHT="65" WIDTH="16" VPOS="3092" HPOS="2157"/>
                  <String HEIGHT="65" WIDTH="78" VPOS="3092" HPOS="2110" CONTENT="&amp;"/>
                  <SP HEIGHT="65" WIDTH="16" VPOS="3092" HPOS="2188"/>
                  <String HEIGHT="65" WIDTH="93" VPOS="3092" HPOS="2141" CONTENT="ad"/>
                  <SP HEIGHT="65" WIDTH="16" VPOS="3092" HPOS="2234"/>
                  <String HEIGHT="65"
                          WIDTH="78"
                          VPOS="3092"
                          HPOS="2172"
                          CONTENT="for"/>
               </TextLine>
               <TextLine ID="r2l54"
                         BASELINE="3212"
                         HEIGHT="69"
                         WIDTH="1763"
                         VPOS="3143"
                         HPOS="489">
                  <String HEIGHT="69"
                          WIDTH="106"
                          VPOS="3143"
                          HPOS="474"
                          CONTENT="mam"/>
                  <SP HEIGHT="69" WIDTH="15" VPOS="3143" HPOS="580"/>
                  <String HEIGHT="69"
                          WIDTH="258"
                          VPOS="3143"
                          HPOS="535"
                          CONTENT="accidentalem."/>
                  <SP HEIGHT="69" WIDTH="15" VPOS="3143" HPOS="793"/>
                  <String HEIGHT="69"
                          WIDTH="137"
                          VPOS="3143"
                          HPOS="747"
                          CONTENT="verbi"/>
                  <SP HEIGHT="69" WIDTH="15" VPOS="3143" HPOS="884"/>
                  <String HEIGHT="69"
                          WIDTH="167"
                          VPOS="3143"
                          HPOS="839"
                          CONTENT="genera."/>
                  <SP HEIGHT="69" WIDTH="15" VPOS="3143" HPOS="1006"/>
                  <String HEIGHT="69"
                          WIDTH="106"
                          VPOS="3143"
                          HPOS="960"
                          CONTENT="cum"/>
                  <SP HEIGHT="69" WIDTH="15" VPOS="3143" HPOS="1067"/>
                  <String HEIGHT="69" WIDTH="91" VPOS="3143" HPOS="1021" CONTENT="de"/>
                  <SP HEIGHT="69" WIDTH="15" VPOS="3143" HPOS="1112"/>
                  <String HEIGHT="69"
                          WIDTH="122"
                          VPOS="3143"
                          HPOS="1067"
                          CONTENT="albo"/>
                  <SP HEIGHT="69" WIDTH="15" VPOS="3143" HPOS="1188"/>
                  <String HEIGHT="69"
                          WIDTH="137"
                          VPOS="3143"
                          HPOS="1143"
                          CONTENT="ligno"/>
                  <SP HEIGHT="69" WIDTH="15" VPOS="3143" HPOS="1279"/>
                  <String HEIGHT="69"
                          WIDTH="106"
                          VPOS="3143"
                          HPOS="1234"
                          CONTENT="fit"/>
                  <SP HEIGHT="69" WIDTH="15" VPOS="3143" HPOS="1340"/>
                  <String HEIGHT="69"
                          WIDTH="167"
                          VPOS="3143"
                          HPOS="1295"
                          CONTENT="nigrum,"/>
                  <SP HEIGHT="69" WIDTH="15" VPOS="3143" HPOS="1462"/>
                  <String HEIGHT="69"
                          WIDTH="137"
                          VPOS="3143"
                          HPOS="1416"
                          CONTENT="manet"/>
                  <SP HEIGHT="69" WIDTH="15" VPOS="3143" HPOS="1553"/>
                  <String HEIGHT="69"
                          WIDTH="198"
                          VPOS="3143"
                          HPOS="1507"
                          CONTENT="subiectum"/>
                  <SP HEIGHT="69" WIDTH="15" VPOS="3143" HPOS="1705"/>
                  <String HEIGHT="69"
                          WIDTH="182"
                          VPOS="3143"
                          HPOS="1659"
                          CONTENT="scilicet"/>
                  <SP HEIGHT="69" WIDTH="15" VPOS="3143" HPOS="1842"/>
                  <String HEIGHT="69"
                          WIDTH="152"
                          VPOS="3143"
                          HPOS="1796"
                          CONTENT="lignum"/>
                  <SP HEIGHT="69" WIDTH="15" VPOS="3143" HPOS="1948"/>
                  <String HEIGHT="69"
                          WIDTH="122"
                          VPOS="3143"
                          HPOS="1902"
                          CONTENT="idem"/>
                  <SP HEIGHT="69" WIDTH="15" VPOS="3143" HPOS="2024"/>
                  <String HEIGHT="69"
                          WIDTH="152"
                          VPOS="3143"
                          HPOS="1978"
                          CONTENT="nomine"/>
                  <SP HEIGHT="69" WIDTH="15" VPOS="3143" HPOS="2130"/>
                  <String HEIGHT="69" WIDTH="76" VPOS="3143" HPOS="2085" CONTENT="&amp;"/>
                  <SP HEIGHT="69" WIDTH="15" VPOS="3143" HPOS="2161"/>
                  <String HEIGHT="69"
                          WIDTH="152"
                          VPOS="3143"
                          HPOS="2100"
                          CONTENT="definiti"/>
               </TextLine>
               <TextLine ID="r2l55"
                         BASELINE="3284"
                         HEIGHT="87"
                         WIDTH="1763"
                         VPOS="3197"
                         HPOS="483">
                  <String HEIGHT="87"
                          WIDTH="131"
                          VPOS="3197"
                          HPOS="467"
                          CONTENT="one:"/>
                  <SP HEIGHT="87" WIDTH="16" VPOS="3197" HPOS="597"/>
                  <String HEIGHT="87" WIDTH="82" VPOS="3197" HPOS="548" CONTENT="&amp;"/>
                  <SP HEIGHT="87" WIDTH="16" VPOS="3197" HPOS="630"/>
                  <String HEIGHT="87"
                          WIDTH="131"
                          VPOS="3197"
                          HPOS="581"
                          CONTENT="ideo"/>
                  <SP HEIGHT="87" WIDTH="16" VPOS="3197" HPOS="712"/>
                  <String HEIGHT="87"
                          WIDTH="147"
                          VPOS="3197"
                          HPOS="663"
                          CONTENT="album"/>
                  <SP HEIGHT="87" WIDTH="16" VPOS="3197" HPOS="809"/>
                  <String HEIGHT="87" WIDTH="82" VPOS="3197" HPOS="761" CONTENT="&amp;"/>
                  <SP HEIGHT="87" WIDTH="16" VPOS="3197" HPOS="842"/>
                  <String HEIGHT="87"
                          WIDTH="163"
                          VPOS="3197"
                          HPOS="793"
                          CONTENT="nigrum"/>
                  <SP HEIGHT="87" WIDTH="16" VPOS="3197" HPOS="956"/>
                  <String HEIGHT="87"
                          WIDTH="131"
                          VPOS="3197"
                          HPOS="907"
                          CONTENT="sunt"/>
                  <SP HEIGHT="87" WIDTH="16" VPOS="3197" HPOS="1038"/>
                  <String HEIGHT="87"
                          WIDTH="245"
                          VPOS="3197"
                          HPOS="989"
                          CONTENT="accidentia:"/>
                  <SP HEIGHT="87" WIDTH="16" VPOS="3197" HPOS="1234"/>
                  <String HEIGHT="87"
                          WIDTH="114"
                          VPOS="3197"
                          HPOS="1185"
                          CONTENT="cum"/>
                  <SP HEIGHT="87" WIDTH="16" VPOS="3197" HPOS="1299"/>
                  <String HEIGHT="87"
                          WIDTH="131"
                          VPOS="3197"
                          HPOS="1250"
                          CONTENT="vero"/>
                  <SP HEIGHT="87" WIDTH="16" VPOS="3197" HPOS="1381"/>
                  <String HEIGHT="87"
                          WIDTH="114"
                          VPOS="3197"
                          HPOS="1332"
                          CONTENT="sit"/>
                  <SP HEIGHT="87" WIDTH="16" VPOS="3197" HPOS="1446"/>
                  <String HEIGHT="87"
                          WIDTH="261"
                          VPOS="3197"
                          HPOS="1397"
                          CONTENT="transmutatio"/>
                  <SP HEIGHT="87" WIDTH="16" VPOS="3197" HPOS="1658"/>
                  <String HEIGHT="87" WIDTH="98" VPOS="3197" HPOS="1609" CONTENT="de"/>
                  <SP HEIGHT="87" WIDTH="16" VPOS="3197" HPOS="1707"/>
                  <String HEIGHT="87"
                          WIDTH="294"
                          VPOS="3197"
                          HPOS="1658"
                          CONTENT="terrestreitate"/>
                  <SP HEIGHT="87" WIDTH="16" VPOS="3197" HPOS="1952"/>
                  <String HEIGHT="87" WIDTH="98" VPOS="3197" HPOS="1903" CONTENT="in"/>
                  <SP HEIGHT="87" WIDTH="16" VPOS="3197" HPOS="2001"/>
                  <String HEIGHT="87"
                          WIDTH="245"
                          VPOS="3197"
                          HPOS="1952"
                          CONTENT="igneitatem,"/>
                  <SP HEIGHT="87" WIDTH="16" VPOS="3197" HPOS="2197"/>
                  <String HEIGHT="87"
                          WIDTH="114"
                          VPOS="3197"
                          HPOS="2132"
                          CONTENT="nihil"/>
               </TextLine>
            </TextBlock>
         </PrintSpace>
      </Page>
   </Layout>
</alto>
