2494 3704
195 280 136 99 quae
280 280 119 99 est
348 280 153 99 anima
450 280 170 99 habens
569 280 204 99 rationem
722 280 153 99 vnius
824 280 170 99 formae
943 280 170 99 dantis
1062 280 119 99 vni
1130 280 238 99 supposito,
1317 280 136 99 vnum
1402 280 136 99 esse
1487 280 306 99 subsistentiae:
1742 280 136 99 quod
1827 280 119 99 est
1878 280 102 99 viue

195 363 102 59 re
246 363 188 59 ipsius.
382 363 119 59 Sed
451 363 153 59 illud
553 363 136 59 esse
638 363 119 59 sub
706 363 188 59 ratione
843 363 136 59 esse
928 363 273 59 simpliciter,
1150 363 85 59 &
1184 363 119 59 ita
1252 363 239 59 incompleti
1439 363 85 59 &
1474 363 239 59 imperfecti
1661 363 119 59 est
1729 363 239 59 communiter
1917 363 102 59 ab

200 415 148 58 illa
292 415 166 58 forma
403 415 222 58 naturali
569 415 92 58 &
606 415 111 58 ab
661 415 185 58 anima:
791 415 111 58 ab
846 415 166 58 anima
957 415 148 58 vero
1049 415 148 58 sola
1142 415 129 58 sub
1216 415 203 58 ratione
1363 415 185 58 viuere
1493 415 92 58 &
1530 415 148 58 esse
1622 415 240 58 completi.
1807 415 148 58 Idem
1881 415 92 58 ta-

197 466 120 62 men
266 466 138 62 sunt
352 466 258 62 simpliciter
558 466 172 62 viuere
678 466 86 62 &
713 466 138 62 esse
799 466 103 62 in
850 466 172 62 eodem,
971 466 172 62 habens
1091 466 172 62 tantum
1211 466 103 62 in
1263 466 103 62 se
1314 466 206 62 rationes
1469 466 189 62 plurium
1607 466 275 62 intentionum:
1830 466 138 62 quia
1899 466 86 62 cum

200 523 246 61 intentione
394 523 141 61 esse
482 523 141 61 illa
570 523 158 61 forma
676 523 229 61 naturalis
852 523 123 61 dat
922 523 264 61 intentiones
1133 523 158 61 mixti
1239 523 123 61 sub
1309 523 194 61 ratione
1450 523 299 61 corporeitatis
1696 523 299 61 substantialis
1925 523 53 61 &

201 576 174 66 carnis
323 576 87 66 &
358 576 174 66 ossis.
480 576 140 66 Esse
567 576 157 66 autem
672 576 122 66 sub
741 576 192 66 ratione
881 576 157 66 vitae
986 576 262 66 vegetabilis
1195 576 87 66 &
1230 576 244 66 sensibilis
1422 576 87 66 &
1457 576 244 66 rationalis
1649 576 122 66 dat
1718 576 140 66 ipsa
1806 576 157 66 anima
1893 576 87 66 ra-

202 633 218 64 tionalis:
370 633 134 64 quia
454 633 134 64 ista
538 633 218 64 pertinent
706 633 101 64 ad
756 633 201 64 rationem
907 633 168 64 vitae.
1024 633 201 64 Secundum
1176 633 117 64 hoc
1243 633 134 64 ergo
1327 633 168 64 vnicum
1444 633 117 64 est
1511 633 134 64 esse
1595 633 218 64 suppositi
1763 633 84 64 &
1796 633 134 64 eius
1880 633 134 64 quid

202 683 124 66 est
273 683 124 66 hoc
344 683 195 66 aliquid
486 683 106 66 in
539 683 177 66 homine
663 683 248 66 constituto
857 683 106 66 in
911 683 142 66 esse
999 683 106 66 ex
1052 683 159 66 vnica
1158 683 195 66 materia
1300 683 89 66 &
1336 683 195 66 duplici
1477 683 177 66 forma:
1601 683 142 66 quod
1690 683 177 66 quidem
1814 683 142 66 esse
1884 683 89 66 sub

198 737 180 68 ratione
328 737 245 68 existentiae
524 737 212 68 absolutae
688 737 180 68 triplex
818 737 131 68 est:
900 737 196 68 secundum
1047 737 131 68 quod
1129 737 131 68 sunt
1210 737 131 68 tres
1292 737 180 68 naturae
1423 737 98 68 re
1472 737 261 68 differentes.
1684 737 98 68 Et
1733 737 114 68 sic
1798 737 147 68 illae
1880 737 98 68 for-

193 784 135 67 mae
270 784 154 67 duae
366 784 116 67 in
424 784 308 67 constituendo
675 784 270 67 suppositum
887 784 231 67 rationem
1060 784 173 67 vnius
1176 784 193 67 formae
1310 784 212 67 habent:
1465 784 96 67 &
1503 784 154 67 vnum
1600 784 270 67 suppositum
1812 784 116 67 in
1850 784 135 67 vnico

196 842 137 68 esse
282 842 292 68 subsistentiae
522 842 275 68 constituunt:
745 842 86 68 &
779 842 154 68 ambae
882 842 103 68 vt
934 842 172 68 formae
1054 842 137 68 sunt
1140 842 172 68 dantes
1260 842 154 68 esse,
1363 842 154 68 aeque
1466 842 223 68 immediate
1638 842 240 68 perficiunt
1809 842 172 68 materiam

200 893 93 61 &
238 893 148 61 ipsi
330 893 259 61 inhaerent:
534 893 111 61 vt
590 893 185 61 neutra
719 893 167 61 earum
830 893 241 61 inquantum
1016 893 167 61 forma
1127 893 130 61 est
1201 893 222 61 adueniat
1368 893 241 61 composito
1553 893 130 61 iam
1627 893 111 61 in
1683 893 185 61 aliquo
1812 893 148 61 esse
1886 893 93 61 con

193 946 210 58 stituto:
351 946 105 58 vt
404 946 158 58 etiam
509 946 158 58 neque
614 946 158 58 inter
719 946 105 58 se
771 946 263 58 constituant
982 946 193 58 aliquam
1122 946 245 58 compositam
1314 946 193 58 formam:
1455 946 158 58 licet
1560 946 140 58 illa
1647 946 140 58 quae
1735 946 123 58 est
1787 946 193 58 naturalis

200 1003 107 58 vt
254 1003 125 58 est
325 1003 251 58 dispositio
522 1003 107 58 ad
576 1003 197 58 animam,
719 1003 269 58 immediatius
934 1003 215 58 adhaeret
1096 1003 233 58 materiae.
1275 1003 107 58 Et
1328 1003 143 58 tale
1418 1003 179 58 medium
1543 1003 161 58 inter
1651 1003 161 58 omnes
1758 1003 179 58 formas
1883 1003 125 58 ma-

198 1056 201 66 teriales
349 1056 201 66 requirit
499 1056 134 66 sola
583 1056 151 66 anima
683 1056 251 66 rationalis,
884 1056 184 66 tanquam
1018 1056 151 66 aliud
1118 1056 151 66 genus
1218 1056 167 66 formae
1335 1056 201 66 existens
1486 1056 134 66 plus
1570 1056 201 66 caeteris
1720 1056 217 66 elongatum
1887 1056 84 66 a
1904 1056 67 66 ma

201 1112 178 67 teria:
326 1112 107 67 vt
379 1112 124 67 non
450 1112 178 67 possit
574 1112 107 67 in
627 1112 107 67 se
681 1112 178 67 habere
805 1112 213 67 rationem
965 1112 266 67 perficiendi
1178 1112 213 67 materiam
1338 1112 231 67 immediate
1515 1112 124 67 sub
1586 1112 195 67 ratione
1728 1112 142 67 esse
1799 1112 178 67 incomple

199 1163 204 58 tissimi,
352 1163 85 58 &
386 1163 170 58 maxime
505 1163 255 58 materialis,
709 1163 136 58 quod
794 1163 119 58 est
862 1163 136 58 esse
947 1163 170 58 mixti.
1066 1163 102 58 EX
1117 1163 119 58 quo
1185 1163 153 58 patet
1287 1163 136 58 quod
1372 1163 187 58 quatuor
1508 1163 204 58 rationes
1661 1163 238 58 praedictae
1831 1163 136 58 niten-

205 1215 124 66 tes
276 1215 195 66 probare
418 1215 159 66 nullo
524 1215 142 66 modo
612 1215 283 66 pluralitatem
843 1215 212 66 formarum
1002 1215 319 66 substantialium
1268 1215 159 66 posse
1374 1215 142 66 esse
1462 1215 159 66 simul
1569 1215 106 66 in
1622 1215 195 66 eodemi.
1763 1215 159 66 Licet
1852 1215 106 66 enim

199 1272 106 66 vt
252 1272 159 66 patet
358 1272 106 66 ex
411 1272 159 66 earum
517 1272 336 66 dissolutionibus
800 1272 212 66 superius
959 1272 247 66 assignatis
1153 1272 194 66 quantum
1295 1272 124 66 est
1365 1272 106 66 de
1418 1272 106 66 se
1471 1272 124 66 non
1542 1272 177 66 valent
1666 1272 106 66 in
1719 1272 177 66 aliquo
1825 1272 141 66 compo-

201 1325 145 70 sito
291 1325 235 70 materiali
472 1325 181 70 contra
599 1325 217 70 ponentes
761 1325 181 70 plures
888 1325 181 70 formas
1014 1325 271 70 naturaliter
1231 1325 108 70 in
1285 1325 235 70 quolibet:
1466 1325 181 70 minime
1592 1325 163 70 tamen
1701 1325 181 70 valent
1827 1325 108 70 in
1882 1325 127 70 ho-

197 1379 148 63 mine.
295 1379 132 63 Quia
377 1379 132 63 enim
460 1379 148 63 dicit
558 1379 148 63 prima
657 1379 197 63 illarum:
805 1379 132 63 quod
887 1379 99 63 in
937 1379 115 63 vno
1003 1379 115 63 non
1068 1379 115 63 est
1134 1379 132 63 nisi
1216 1379 164 63 vnicum
1332 1379 148 63 esse,
1430 1379 132 63 quod
1512 1379 115 63 non
1578 1379 115 63 est
1644 1379 132 63 nisi
1726 1379 99 63 ab
1776 1379 148 63 vnica
1858 1379 115 63 forma

193 1433 126 63 quia
272 1433 126 63 alia
350 1433 79 63 &
382 1433 126 63 alia
460 1433 126 63 fora
539 1433 267 63 substantialis
759 1433 110 63 dat
822 1433 204 63 composito
979 1433 141 63 aliud
1073 1433 79 63 &
1105 1433 141 63 aliud
1199 1433 126 63 esse
1278 1433 267 63 substantiale:
1498 1433 189 63 Dicendum
1639 1433 126 63 quod
1718 1433 157 63 duplex
1828 1433 110 63 est
1875 1433 94 63 esse

196 1492 249 53 existentiae
396 1492 83 53 &
429 1492 299 53 subsistentiae.
678 1492 166 53 Primum
795 1492 299 53 diuersificatur
1044 1492 83 53 &
1077 1492 100 53 in
1127 1492 150 53 eodem
1227 1492 83 53 &
1260 1492 100 53 in
1310 1492 199 53 diuersis
1460 1492 199 53 secundum
1609 1492 266 53 diuersitatem
1825 1492 183 53 natura-

198 1537 130 70 rum:
279 1537 81 70 &
312 1537 114 70 sic
377 1537 98 70 in
426 1537 212 70 composito
589 1537 98 70 ex
638 1537 114 70 vna
703 1537 147 70 forma
801 1537 81 70 &
833 1537 130 70 pura
915 1537 179 70 materia
1045 1537 147 70 habet
1143 1537 98 70 in
1192 1537 98 70 se
1241 1537 179 70 diuersa
1371 1537 130 70 esse
1453 1537 261 70 existentiae.
1664 1537 196 70 secundum
1811 1537 130 70 quod
1893 1537 114 70 di-

205 1591 175 62 uersae
328 1591 140 62 sunt
416 1591 193 62 naturae
556 1591 193 62 materia
696 1591 88 62 &
731 1591 158 62 forma
837 1591 245 62 existentes
1029 1591 105 62 in
1082 1591 245 62 composito.
1275 1591 210 62 Secundum
1433 1591 140 62 vero
1520 1591 140 62 esse
1608 1591 123 62 est
1678 1591 140 62 vnum
1766 1591 105 62 in
1801 1591 175 62 quolibet

198 1637 137 72 ente
283 1637 120 72 vno
352 1637 103 72 ab
403 1637 154 72 eadem
506 1637 154 72 forma
608 1637 137 72 quae
694 1637 120 72 dat
762 1637 103 72 ei
814 1637 257 72 naturaliter
1019 1637 205 72 rationem
1173 1637 239 72 distinctam
1361 1637 257 72 subsistendi
1566 1637 103 72 in
1618 1637 239 72 supposito:
1806 1637 86 72 &
1840 1637 120 72 est
1909 1637 103 72 ab

201 1694 165 57 vnica
311 1694 165 57 forma
421 1694 184 57 quando
550 1694 147 57 ipsa
642 1694 147 57 sola
733 1694 276 57 datrationem
954 1694 276 57 subsistendi
1175 1694 202 57 omnino,
1322 1694 92 57 &
1358 1694 92 57 a
1395 1694 221 57 pluribus
1560 1694 184 57 quando
1689 1694 129 57 non
1763 1694 165 57 datur
1854 1694 129 57 compo

197 1751 141 57 sito
286 1751 141 57 nisi
374 1751 88 57 a
409 1751 230 57 pluribus:
586 1751 159 57 sicut
692 1751 230 57 contingit
868 1751 106 57 in
921 1751 177 57 homine
1045 1751 141 57 quod
1133 1751 247 57 inchoatiue
1328 1751 159 57 habet
1434 1751 159 57 ipsum
1540 1751 247 57 compositum
1734 1751 88 57 a
1769 1751 159 57 forma
1875 1751 141 57 natu

198 1803 167 64 rali:
310 1803 261 64 completiue
515 1803 149 64 vero
608 1803 93 64 a
645 1803 167 64 forma
757 1803 335 64 supernaturali.
1036 1803 93 64 &
1073 1803 130 64 hoc
1148 1803 205 64 propter
1296 1803 186 64 gradum
1427 1803 261 64 dignitatis
1631 1803 205 64 naturae
1780 1803 205 64 humanae
1911 1803 74 64 su

194 1855 119 72 per
262 1855 187 72 caetera
398 1855 255 72 materialia.
603 1855 102 72 Ex
654 1855 119 72 hoc
722 1855 136 72 enim
807 1855 238 72 contingit,
994 1855 102 72 vt
1045 1855 119 72 cum
1114 1855 153 72 omnes
1216 1855 221 72 potentiae
1386 1855 204 72 passiuae
1539 1855 102 72 in
1590 1855 187 72 materia
1727 1855 136 72 quae
1812 1855 136 72 sunt
1897 1855 119 72 ha-

196 1913 172 55 bilitas
321 1913 94 55 in
368 1913 141 55 ipsa,
462 1913 109 55 sic
525 1913 94 55 se
571 1913 156 55 habent
681 1913 125 55 quod
759 1913 188 55 singulae
900 1913 141 55 vnica
993 1913 188 55 simplici
1134 1913 141 55 forma
1228 1913 172 55 perfici
1353 1913 172 55 habent:
1478 1913 109 55 ita
1540 1913 125 55 quod
1619 1913 94 55 in
1665 1913 109 55 eis
1728 1913 125 55 quae
1806 1913 78 55 a
1822 1913 156 55 diuersis

197 1966 173 66 formis
318 1966 208 66 secundum
474 1966 173 66 gradum
595 1966 87 66 &
630 1966 190 66 ordinem
768 1966 190 66 naturae
907 1966 104 66 se
958 1966 190 66 habent,
1097 1966 173 66 semper
1218 1966 139 66 illa
1305 1966 139 66 quae
1391 1966 121 66 est
1461 1966 225 66 posterior
1634 1966 104 66 in
1686 1966 173 66 formis
1790 1966 190 66 materiali

200 2019 127 66 bus
272 2019 199 66 virtute
417 2019 217 66 continet
580 2019 163 66 omnes
689 2019 290 66 praecedentes
924 2019 217 66 habentes
1087 2019 217 66 diuersas
1250 2019 217 66 virtutes
1413 2019 217 66 secundum
1577 2019 217 66 diuersos
1740 2019 181 66 gradus
1866 2019 109 66 in
1903 2019 72 66 di

207 2074 190 53 uersis.
345 2074 104 53 Et
397 2074 121 53 sic
466 2074 242 53 ingeniauit
657 2074 173 53 natura
778 2074 104 53 vt
830 2074 208 53 diuersas
986 2074 208 53 virtutes
1142 2074 156 53 eidem
1246 2074 121 53 per
1315 2074 173 53 eandem
1436 2074 173 53 formam
1557 2074 242 53 insereret,
1748 2074 121 53 non
1817 2074 121 53 per
1886 2074 121 53 di-

205 2124 190 70 uersas:
343 2124 138 70 quae
429 2124 155 70 tamen
532 2124 207 70 diuersis
687 2124 121 70 per
756 2124 207 70 diuersas
911 2124 138 70 sunt
998 2124 224 70 insertae:
1170 2124 103 70 ne
1222 2124 172 70 fieret
1342 2124 121 70 per
1411 2124 155 70 plura
1515 2124 138 70 quod
1601 2124 224 70 possibile
1773 2124 155 70 esset
1859 2124 121 70 fieri

207 2188 107 55 per
268 2188 137 55 vnum:
359 2188 122 55 quid
435 2188 107 55 non
496 2188 107 55 est
557 2188 167 55 naturae
679 2188 137 55 opus,
770 2188 122 55 quae
846 2188 137 55 nihil
938 2188 122 55 agit
1014 2188 183 55 frustra,
1151 2188 137 55 neque
1242 2188 167 55 deficit
1364 2188 91 55 in
1410 2188 244 55 necessariis,
1608 2188 137 55 sicut
1699 2188 137 55 dicit
1775 2188 198 55 philosophus

198 2239 111 59 in
254 2239 204 59 secundo
402 2239 167 59 caeli
513 2239 93 59 &
550 2239 185 59 mundi.
680 2239 148 59 Sola
773 2239 167 59 autem
884 2239 222 59 potentia
1051 2239 204 59 passiua
1199 2239 148 59 siue
1292 2239 241 59 habilitas
1477 2239 111 59 ad
1532 2239 204 59 speciem
1681 2239 204 59 humanam
1829 2239 130 59 per
1884 2239 93 59 vni

205 2283 125 64 cam
277 2283 178 64 formam
401 2283 196 64 perfici
544 2283 125 64 non
616 2283 196 64 potuit:
758 2283 143 64 quia
848 2283 107 64 ad
901 2283 125 64 eam
973 2283 178 64 virtus
1098 2283 178 64 aliqua
1222 2283 250 64 requiritur
1419 2283 143 64 quae
1508 2283 107 64 in
1562 2283 161 64 forma
1669 2283 268 64 immateriali
1865 2283 107 64 esse

198 2340 120 57 non
266 2340 188 57 potest:
403 2340 86 57 &
438 2340 171 57 aliqua
558 2340 137 57 quae
643 2340 120 57 non
712 2340 171 57 potest
832 2340 137 57 esse
917 2340 103 57 in
969 2340 154 57 forma
1071 2340 240 57 materiali.
1260 2340 171 57 Virtus
1380 2340 137 57 enim
1465 2340 154 57 mixti
1568 2340 137 57 quae
1654 2340 154 57 debet
1756 2340 137 57 esse
1842 2340 103 57 in
1893 2340 120 57 ho-

198 2394 155 57 mine,
301 2394 121 57 non
370 2394 172 57 potest
491 2394 138 57 esse
577 2394 138 57 nisi
663 2394 103 57 in
715 2394 155 57 forma
818 2394 224 57 materiali
991 2394 172 57 educta
1111 2394 103 57 de
1163 2394 207 57 potentia
1318 2394 224 57 materiae,
1490 2394 138 57 quia
1577 2394 121 57 non
1646 2394 121 57 est
1714 2394 172 57 mixtum
1835 2394 138 57 nisi
1904 2394 69 57 ex

206 2447 236 64 elementis:
391 2447 152 64 neque
492 2447 168 64 virtus
610 2447 152 64 mixti
711 2447 135 64 nisi
795 2447 101 64 ex
846 2447 101 64 vi
896 2447 253 64 elementari.
1099 2447 152 64 Anima
1200 2447 135 64 vero
1284 2447 253 64 rationalis,
1486 2447 152 64 forma
1587 2447 269 64 immaterialis
1806 2447 135 64 est:
1873 2447 101 64 quia

208 2502 178 57 virtus
333 2502 285 57 intelligendi
565 2502 143 57 quae
654 2502 160 57 debet
760 2502 143 57 esse
850 2502 107 57 in
903 2502 196 57 homine,
1046 2502 160 57 nullo
1152 2502 143 57 modo
1242 2502 178 57 potest
1366 2502 143 57 esse
1455 2502 107 57 in
1509 2502 160 57 forma
1616 2502 232 57 materiali
1794 2502 178 57 educta
1901 2502 71 57 de

207 2552 191 68 potentia
350 2552 207 68 materiae,
510 2552 96 68 vt
557 2552 223 68 determinat
732 2552 255 68 philosophus.
939 2552 127 68 iii.
1019 2552 96 68 de
1067 2552 159 68 anima.
1178 2552 175 68 Oportet
1305 2552 127 68 ergo
1385 2552 127 68 quod
1465 2552 96 68 in
1512 2552 159 68 homine
1624 2552 127 68 duae
1703 2552 127 68 sint
1783 2552 175 68 formae.
1894 2552 80 68 Vna

204 2610 235 67 naturalis
384 2610 253 67 materialis
583 2610 181 67 educta
709 2610 108 67 de
764 2610 217 67 potentia
926 2610 217 67 materiae
1088 2610 144 67 quae
1179 2610 126 67 est
1251 2610 162 67 forma
1359 2610 162 67 mixti
1468 2610 289 67 determinata,
1702 2610 90 67 &
1738 2610 181 67 homini
1847 2610 126 67 appro

201 2659 193 70 priata.
342 2659 176 70 Altera
465 2659 316 70 supernaturalis
729 2659 299 70 immaterialis:
975 2659 123 70 hoc
1045 2659 123 70 est
1116 2659 123 70 non
1186 2659 176 70 educta
1309 2659 105 70 de
1362 2659 211 70 potentia
1520 2659 229 70 materiae:
1696 2659 141 70 quae
1784 2659 158 70 tamen
1872 2659 105 70 pos-

200 2713 131 66 sit
275 2713 149 66 esse
368 2713 168 66 forma
480 2713 93 66 &
517 2713 168 66 actus
629 2713 224 66 materiae
797 2713 131 66 cum
872 2713 242 66 praedicta
1058 2713 168 66 forma
1170 2713 261 66 materiali,
1375 2713 112 66 vt
1431 2713 186 66 dictum
1562 2713 149 66 est.
1655 2713 149 66 Vnde
1748 2713 93 66 &
1767 2713 205 66 huiusmodi

203 2767 165 61 forma
312 2767 293 61 immaterialis
550 2767 146 61 quae
642 2767 128 61 est
715 2767 165 61 anima
825 2767 311 61 intellectiua,
1081 2767 165 61 media
1190 2767 128 61 est
1264 2767 165 61 inter
1373 2767 183 61 formas
1501 2767 146 61 pure
1593 2767 256 61 materiales
1794 2767 91 61 &
1831 2767 146 61 pure
1904 2767 73 61 im

199 2820 263 64 materiales:
410 2820 105 64 vt
463 2820 193 64 suprema
603 2820 123 64 sit
673 2820 158 64 inter
779 2820 246 64 materiales
972 2820 140 64 quae
1059 2820 140 64 sunt
1147 2820 158 64 actus
1252 2820 228 64 materiae,
1428 2820 176 64 Mliter
1551 2820 176 64 omnino
1674 2820 281 64 immateriales
1902 2820 105 64 in

199 2876 168 67 sima,
311 2876 168 67 medio
423 2876 149 67 modo
516 2876 112 67 se
572 2876 186 67 habens
703 2876 112 67 ad
759 2876 242 67 vtrasque,
945 2876 93 67 &
982 2876 205 67 aliquid
1131 2876 205 67 commune
1280 2876 130 67 cum
1355 2876 242 67 vtrisque.
1541 2876 168 67 Habet
1653 2876 149 67 enim
1746 2876 224 67 supremas
1895 2876 75 67 vi

205 2927 135 61 res
282 2927 231 61 formarum
455 2927 289 61 materialium
686 2927 115 61 in
744 2927 135 61 se,
820 2927 115 61 vt
878 2927 154 61 sunt
974 2927 289 61 vegetatiuum
1205 2927 96 61 &
1244 2927 289 61 sensitiuum:
1475 2927 96 61 &
1513 2927 269 61 inferiorem
1725 2927 231 61 formarum
1879 2927 96 61 im-

197 2980 299 66 materialium,
440 2980 112 66 vt
496 2980 131 66 vim
571 2980 317 66 intellectiuam
832 2980 261 66 adminiculo
1037 2980 224 66 sensuum:
1206 2980 93 66 &
1243 2980 131 66 sic
1318 2980 224 66 mediante
1486 2980 168 66 anima
1598 2980 299 66 intellectiua
1822 2980 149 66 vnium-

196 3033 137 55 tur
275 3033 313 55 materialibus
529 3033 332 55 immaterialia:
803 3033 98 55 &
842 3033 137 55 sit
920 3033 156 55 homo
1018 3033 137 55 per
1096 3033 196 55 animam
1233 3033 352 55 intellectualem
1526 3033 98 55 &
1565 3033 293 55 substantiam
1780 3033 196 55 corpora-

198 3092 124 58 lem
269 3092 141 58 quae
357 3092 106 58 in
410 3092 106 58 se
463 3092 300 58 coniunguntur,
710 3092 159 58 limes
816 3092 230 58 vniuersae
993 3092 247 58 creaturae.
1187 3092 141 58 Quae
1276 3092 159 58 etiam
1382 3092 159 58 inter
1488 3092 106 58 se
1541 3092 106 58 vt
1593 3092 230 58 vniantur,
1770 3092 177 58 habent
1876 3092 106 58 com-

200 3146 265 83 uenientiam,
412 3146 212 83 secundum
571 3146 141 83 enim
660 3146 141 83 quod
748 3146 194 83 dicitur
889 3146 106 83 in
942 3146 159 83 libro
1048 3146 106 83 de
1101 3146 194 83 spiritu
1242 3146 88 83 &
1278 3146 177 83 anima,
1401 3146 230 83 vtriusque
1578 3146 194 83 similia
1719 3146 159 83 sunt:
1807 3146 177 83 corporis
