2461 3731
492 283 160 99 exeat
599 283 107 99 in
652 283 178 99 actum,
776 283 142 99 nisi
865 283 124 99 vno
936 283 195 99 motore.
1078 283 195 99 Materia
1220 283 160 99 autem
1327 283 142 99 quae
1416 283 124 99 non
1487 283 195 99 dicitur
1629 283 160 99 posse
1735 283 284 99 simpliciter:
1966 283 124 99 sed
2037 283 124 99 per
2091 283 195 99 potentiam

501 371 220 64 remotam,
666 371 147 64 exit
758 371 110 64 in
813 371 165 64 actum
923 371 128 64 per
996 371 184 64 plures
1125 371 147 64 vno,
1216 371 220 64 secundum
1382 371 257 64 remotionem
1584 371 92 64 &
1620 371 349 64 propinquitatem:
1914 371 128 64 ita
1987 371 147 64 quod
2079 371 239 64 aliquando

494 423 274 58 requiruntur
713 423 201 58 plures,
859 423 237 58 aliquando
1041 423 256 58 pauciores.
1242 423 201 58 Materia
1388 423 164 58 primo
1498 423 146 58 modo
1589 423 201 58 dicitur
1735 423 201 58 materia
1881 423 183 58 tantum
2009 423 201 58 propter
2137 423 146 58 poten-

503 478 147 66 tiam
594 478 220 66 remotam,
759 478 92 66 &
796 478 128 66 non
869 478 257 66 subiectum.
1071 478 202 66 Materia
1218 478 147 66 vero
1309 478 202 66 secundo
1456 478 147 66 modo
1548 478 202 66 dicitur
1694 478 238 66 subiectum
1878 478 202 66 propter
2024 478 238 66 potentiam
2189 478 92 66 pro

508 530 199 73 pinquam:
658 530 116 73 sed
724 530 116 73 non
791 530 149 73 eodem
890 530 149 73 modo.
990 530 183 73 quoniam
1123 530 199 73 secundum
1272 530 282 73 Conmentatorem
1505 530 116 73 in.
1571 530 149 73 viii.
1671 530 282 73 metaphysicae,
1903 530 133 73 ipsa
1986 530 216 73 quandoque
2152 530 116 73 est
2202 530 83 73 sub

504 582 168 60 iectum
622 582 235 60 diuersarum
807 582 202 60 formarum
958 582 151 60 eodem
1059 582 202 60 termino:
1210 582 101 60 vt
1260 582 202 60 scilicet
1411 582 202 60 vicissim
1562 582 218 60 immediate
1730 582 269 60 transmutatur
1949 582 101 60 ab
1999 582 118 60 vna
2066 582 101 60 in
2100 582 168 60 alteram,

498 637 88 61 &
534 637 246 61 econuerso:
727 637 264 61 quemadmodum
938 637 158 61 prima
1043 637 193 61 materia
1184 637 123 61 sub
1254 637 158 61 forma
1360 637 264 61 cuiuscumque
1571 637 193 61 quatuor
1711 637 264 61 elementorum
1922 637 123 61 est
1993 637 105 61 in
2045 637 211 61 potentia
2204 637 105 61 ad

499 697 151 61 alia.
600 697 218 61 Quandoque
767 697 134 61 vero
851 697 117 61 est
918 697 218 61 subiectum
1085 697 151 61 eorum
1185 697 117 61 non
1252 697 151 61 eodem
1353 697 201 61 termino:
1503 697 100 61 vt
1554 697 201 61 scilicet
1704 697 117 61 non
1771 697 201 61 vicissim
1922 697 134 61 fiat
2005 697 218 61 immediata
2156 697 134 61 trans-

495 743 186 65 mutatio
630 743 101 65 ab
681 743 118 65 vna
749 743 101 65 in
799 743 203 65 alteram,
952 743 85 65 &
985 743 237 65 econuerso,
1171 743 186 65 quoniam
1307 743 169 65 quando
1425 743 186 65 materia
1560 743 118 65 est
1628 743 152 65 vinum
1729 743 169 65 actum,
1847 743 118 65 est
1915 743 169 65 acetum
2033 743 101 65 in
2084 743 220 65 potentia:
2236 743 51 65 &

502 796 111 58 non
565 796 158 58 quando
676 796 158 58 fuerit
786 796 158 58 acetum
897 796 95 58 in
944 796 158 58 actum,
1055 796 111 58 est
1118 796 142 58 vinum
1213 796 95 58 in
1260 796 205 58 potentia.
1418 796 158 58 Acetum
1529 796 126 58 enim
1608 796 111 58 non
1671 796 221 58 reuertitur
1845 796 95 58 in
1892 796 158 58 vinum,
2003 796 142 58 donec
2081 796 190 58 resoluatur

501 853 101 62 in
552 853 219 62 elementa.
720 853 84 62 &
754 853 219 62 similiter
923 853 118 62 est
990 853 101 62 de
1041 853 135 62 viuo
1125 853 84 62 &
1159 853 186 62 mortuo.
1294 853 118 62 Est
1361 853 152 62 etiam
1462 853 118 62 hic
1530 853 270 62 aduertendum:
1749 853 135 62 quod
1834 853 186 62 materia
1968 853 186 62 dicitur
2086 853 186 62 subiectum

504 904 194 67 secundum
649 904 210 67 triplicem
811 904 178 67 statum.
940 904 113 67 Vno
1005 904 194 67 scilicet
1150 904 145 67 prius
1247 904 129 67 quam
1328 904 129 67 actu
1409 904 259 67 transmutatur
1619 904 97 67 ad
1668 904 178 67 formam.
1797 904 81 67 &
1829 904 178 67 dicitur
1959 904 210 67 subiectum
2104 904 178 67 absolute-

507 961 127 62 Alio
586 961 206 62 inquantum
745 961 111 62 iam
809 961 127 62 actu
888 961 254 62 transmutatur
1094 961 95 62 ad
1142 961 175 62 formam.
1269 961 79 62 &
1301 961 127 62 tunc
1380 961 175 62 dicitur
1507 961 127 62 quod
1587 961 111 62 est
1650 961 206 62 subiectum
1809 961 270 62 generationis,
2031 961 79 62 &
2063 961 111 62 ens
2126 961 95 62 in
2158 961 127 62 poten-

507 1013 128 66 tia:
587 1013 160 66 medium
699 1013 144 66 inter
796 1013 112 66 non
860 1013 112 66 ens
924 1013 160 66 purum,
1036 1013 128 66 quod
1117 1013 144 66 nihil
1213 1013 112 66 est
1277 1013 177 66 omnino,
1406 1013 80 66 &
1438 1013 112 66 ens
1502 1013 257 66 simpliciter:
1710 1013 96 66 vt
1759 1013 128 66 vult
1839 1013 241 66 philosophus
2031 1013 96 66 in
2079 1013 177 66 secundo
2192 1013 96 66 meta

507 1066 228 67 physicae,
683 1066 88 67 &
718 1066 123 67 in.
788 1066 88 67 v
824 1066 263 67 physicorum.
1034 1066 88 67 &
1069 1066 228 67 similiter
1245 1066 158 67 Plato
1350 1066 105 67 in
1403 1066 193 67 Timaeo.
1543 1066 176 67 Tertio
1666 1066 140 67 modo
1754 1066 228 67 inquantum
1930 1066 140 67 actu
2018 1066 123 67 est
2088 1066 123 67 sub
2141 1066 140 67 forma.

506 1124 83 62 &
540 1124 132 62 tunc
622 1124 149 62 habet
721 1124 99 62 in
771 1124 132 62 actu
853 1124 132 62 esse
936 1124 165 62 illius
1052 1124 182 62 formae:
1184 1124 99 62 ad
1233 1124 132 62 quam
1316 1124 182 62 quantum
1448 1124 116 62 est
1514 1124 99 62 de
1564 1124 99 62 se
1613 1124 132 62 erat
1696 1124 99 62 in
1745 1124 198 62 potentia
1894 1124 165 62 habens
2010 1124 215 62 solummodo
2158 1124 116 62 actum

503 1171 139 64 suae
590 1171 226 64 essentiae
764 1171 139 64 quem
851 1171 191 64 recepit
990 1171 87 64 a
1025 1171 209 64 creante:
1181 1171 209 64 secundum
1338 1171 139 64 quem
1425 1171 191 64 materia
1564 1171 122 64 est
1634 1171 296 64 ingenerabilis
1878 1171 87 64 &
1912 1171 348 64 incorruptibilis.
2191 1171 87 64 Ge-

503 1227 220 64 neratione
672 1227 135 64 dico
756 1227 84 64 &
790 1227 253 64 corruptione
993 1227 203 64 naturali
1145 1227 203 64 secundum
1297 1227 253 64 philosophum
1499 1227 101 64 in
1550 1227 135 64 fine
1634 1227 152 64 primi
1736 1227 253 64 physicorum.
1938 1227 203 64 Secundum
2090 1227 135 64 enim
2158 1227 118 64 actum

506 1281 134 64 quem
590 1281 151 64 habet
691 1281 84 64 a
725 1281 151 64 forma
825 1281 118 64 per
893 1281 218 64 accidens,
1061 1281 118 64 est
1128 1281 252 64 generabilis
1329 1281 84 64 &
1363 1281 286 64 corruptibilis
1598 1281 202 64 secundum
1749 1281 269 64 generationem
1968 1281 168 64 formae
2085 1281 84 64 &
2102 1281 168 64 composi-

515 1335 92 56 ti
561 1335 92 56 ex
606 1335 107 56 ea,
667 1335 92 56 vt
713 1335 122 56 vult
789 1335 229 56 philosophus
973 1335 107 56 in.
1034 1335 122 56 vii.
1110 1335 92 56 &.
1156 1335 137 56 viii.
1247 1335 259 56 metaphysicae.
1461 1335 137 56 Ratio
1553 1335 137 56 autem
1644 1335 198 56 seminalis
1797 1335 183 56 secundum
1934 1335 122 56 quod
2011 1335 92 56 de
2056 1335 92 56 ea
2102 1335 137 56 omnes
2178 1335 92 56 con-

513 1385 211 67 sentiunt,
675 1385 114 67 est
740 1385 179 67 quiddam
871 1385 98 67 in
919 1385 98 67 ea
968 1385 146 67 aliud
1066 1385 98 67 ab
1115 1385 130 67 eius
1196 1385 244 67 substantia:
1391 1385 130 67 quod
1472 1385 195 67 inclinat
1619 1385 81 67 &
1651 1385 228 67 determinat
1830 1385 195 67 materiam
1977 1385 98 67 in
2025 1385 260 67 trasmutation

514 1441 104 64 ad
566 1441 156 64 actum
670 1441 190 64 formae.
808 1441 208 64 secundum
964 1441 139 64 quod
1051 1441 156 64 dicit
1154 1441 277 64 Augustinuns.
1380 1441 121 64 ix.
1449 1441 156 64 super
1553 1441 139 64 Gen.
1639 1441 139 64 cap.
1726 1441 121 64 xx.
1795 1441 156 64 Omnis
1899 1441 190 64 naturae
2020 1441 260 64 vsitatissimus

518 1496 181 66 cursus
645 1496 163 66 habet
753 1496 199 66 quasdam
898 1496 235 66 naturales
1079 1496 163 66 leges
1188 1496 163 66 suas:
1296 1496 217 66 secundum
1459 1496 145 66 quas
1550 1496 145 66 quid
1640 1496 109 66 de
1695 1496 127 66 quo
1767 1496 163 66 fieri
1876 1496 181 66 possit
2002 1496 127 66 vel
2075 1496 127 66 non
2129 1496 163 66 possit.

512 1549 108 57 Ex
566 1549 126 57 his
638 1549 162 57 velut
746 1549 251 57 primordiis
943 1549 162 57 rerum
1051 1549 162 57 omnia
1159 1549 144 57 quae
1248 1549 233 57 gignuntur
1428 1549 126 57 suo
1500 1549 198 57 quaeque
1643 1549 198 57 tempore
1787 1549 198 57 exortus
1931 1549 287 57 processusque
2146 1549 144 57 sumunt

516 1601 163 69 Super
625 1601 145 69 hunc
715 1601 163 69 autem
824 1601 163 69 modum
932 1601 235 69 cursumque
1113 1601 163 69 rerum
1222 1601 253 69 naturalem,
1421 1601 217 69 potestas
1584 1601 235 69 creatoris
1765 1601 145 69 apud
1856 1601 109 69 se
1910 1601 163 69 habet
2018 1601 109 69 de
2073 1601 127 69 his
2127 1601 163 69 omnibus

512 1659 148 60 facere
616 1659 148 60 aliud,
719 1659 118 60 quam
794 1659 133 60 eorum
882 1659 133 60 quasi
971 1659 192 60 seminales
1119 1659 178 60 rationes
1253 1659 163 60 habent,
1371 1659 104 60 non
1430 1659 148 60 tantum
1534 1659 89 60 id
1578 1659 118 60 quid
1652 1659 89 60 in
1697 1659 104 60 eis
1756 1659 163 60 posuit,
1874 1659 89 60 vt
1919 1659 89 60 de
1963 1659 104 60 his
2022 1659 133 60 fieri
2111 1659 104 60 vel
2171 1659 89 60 ab
2200 1659 89 60 ipso

514 1720 193 61 possit,
655 1720 211 61 scilicet
813 1720 211 61 secundum
972 1720 176 61 cursum
1095 1720 211 61 conmunem
1253 1720 211 61 naturae.
1411 1720 158 61 Semen
1516 1720 158 61 autem
1622 1720 193 61 proprie
1763 1720 246 61 appellatur
1956 1720 229 61 subiectum
2132 1720 141 61 quod
2202 1720 88 61 est

511 1764 203 68 materia:
663 1764 169 68 habens
782 1764 102 68 in
833 1764 102 68 se
883 1764 203 68 rationem
1036 1764 220 68 seminalem
1205 1764 118 68 per
1273 1764 203 68 alicuius
1425 1764 169 68 formae
1543 1764 338 68 determinationem:
1831 1764 118 68 ita
1899 1764 135 68 quod
1983 1764 118 68 non
2051 1764 135 68 nisi
2136 1764 118 68 sub
2186 1764 102 68 illa

509 1818 164 62 forma
618 1818 164 62 habet
727 1818 164 62 ratio
837 1818 146 62 illa
928 1818 146 62 esse
1019 1818 109 62 in
1073 1818 219 62 materia:
1237 1818 273 62 quemadmodum
1456 1818 182 62 sperma
1584 1818 128 62 est
1656 1818 164 62 semen
1766 1818 219 62 hominis,
1930 1818 91 62 &
1966 1818 182 62 granum
2094 1818 219 62 tritici:
2239 1818 55 62 &

513 1871 198 65 nucleus
657 1871 216 65 arboris.
819 1871 90 65 &
855 1871 126 65 hoc
927 1871 198 65 propter
1071 1871 162 65 illud
1179 1871 216 65 seminale
1341 1871 216 65 existens
1504 1871 108 65 in
1558 1871 108 65 eo
1612 1871 126 65 sub
1684 1871 144 65 illa
1774 1871 270 65 determinata
1990 1871 180 65 forma.
2098 1871 180 65 secundum

514 1926 127 64 quod
594 1926 143 64 dicit
689 1926 238 64 Augustinus.
879 1926 127 64 iii.
959 1926 95 64 de
1006 1926 222 64 trinitate,
1181 1926 127 64 cap.
1261 1926 143 64 viii.
1356 1926 127 64 Alia
1435 1926 127 64 sunt
1515 1926 159 64 semina
1626 1926 111 64 iam
1689 1926 206 64 conspicua
1848 1926 159 64 oculis
1959 1926 175 64 nostris
2087 1926 95 64 ex
2118 1926 175 64 fructibus

514 1978 92 62 &
550 1978 296 62 animantibus.
791 1978 148 62 Alia
883 1978 148 62 vero
976 1978 148 62 sunt
1068 1978 203 62 occulta
1216 1978 166 62 velut
1327 1978 203 62 seminum
1475 1978 203 62 semina.
1623 1978 148 62 Ecce
1715 1978 277 62 breuissimus
1937 1978 222 62 surculus
2103 1978 166 62 semen
2196 1978 92 62 est

516 2034 190 56 liuius
649 2034 171 56 autm:
763 2034 190 56 semen,
896 2034 152 56 eius
990 2034 209 56 generis
1142 2034 209 56 granum.
1294 2034 133 56 iam
1370 2034 152 56 vero
1465 2034 171 56 huius
1579 2034 171 56 grani
1693 2034 171 56 semen
1807 2034 209 56 quamuis
1958 2034 190 56 oculis
2091 2034 190 56 videre
2205 2034 95 56 ne-

519 2087 223 66 queamus:
687 2087 204 66 ratione
835 2087 167 66 tamen
946 2087 241 66 coniicere
1132 2087 241 66 possumus.
1318 2087 149 66 Vnde
1411 2087 167 66 semen
1522 2087 204 66 proprie
1670 2087 223 66 loquendo
1837 2087 130 66 est
1912 2087 167 66 ratio
2023 2087 241 66 seminalis
2209 2087 111 66 in

520 2151 219 57 materia,
684 2151 146 57 siue
776 2151 183 57 potius
903 2151 201 57 materia
1050 2151 128 57 cum
1123 2151 110 57 vi
1177 2151 238 57 seminaria
1360 2151 146 57 sine
1452 2151 164 57 forma
1561 2151 183 57 aliqua
1689 2151 274 57 determinata
1908 2151 110 57 ad
1963 2151 256 57 generandum
2146 2151 146 57 propa-

521 2183 158 80 gata:
627 2183 105 80 vt
679 2183 228 80 vbicumque
855 2183 123 80 sit
925 2183 176 80 semen,
1048 2183 88 80 &
1083 2183 158 80 ratio
1189 2183 246 80 seminalis:
1382 2183 123 80 non
1452 2183 246 80 econuerso.
1645 2183 246 80 Communiter
1838 2183 158 80 tamen
1944 2183 140 80 omne
2032 2183 176 80 habens
2154 2183 105 80 in
2207 2183 105 80 se
2242 2183 88 80 ra-

515 2250 171 70 tionem
635 2250 240 70 seminalem,
823 2250 154 70 semen
926 2250 206 70 dicitur:
1080 2250 206 70 secundum
1234 2250 137 70 quod
1320 2250 154 70 dicit
1423 2250 240 70 Augustinus
1611 2250 188 70 ibidem.
1748 2250 171 70 Omnium
1868 2250 154 70 rerum
1971 2250 137 70 quae
2039 2250 240 70 corporaliter

526 2304 317 58 visibiliterque
790 2304 246 58 nascuntur,
984 2304 194 58 occulta
1125 2304 194 58 quaedam
1266 2304 176 58 semina
1389 2304 106 58 in
1442 2304 158 58 istis
1547 2304 229 58 corporeis
1723 2304 158 58 mundi
1829 2304 158 58 huius
1934 2304 229 58 elementis
2110 2304 194 58 latent.
2234 2304 70 58 Et

527 2355 172 66 infra.
647 2355 189 66 Quoniam
785 2355 241 66 quaecumque
974 2355 206 66 nascendo
1128 2355 103 66 ad
1180 2355 172 66 oculos
1300 2355 189 66 nostros
1438 2355 189 66 exeunt,
1575 2355 103 66 ex
1627 2355 206 66 occultis
1781 2355 223 66 seminibus
1953 2355 223 66 accipiant
2108 2355 189 66 primordia

521 2407 92 64 &
557 2407 256 64 incrementa
759 2407 201 64 debitae
905 2407 311 64 magnitudinis:
1162 2407 311 64 distinctiones
1418 2407 183 64 quoque
1546 2407 220 64 formarum
1711 2407 110 64 ab
1766 2407 293 64 originalibus
2004 2407 201 64 tanquam
2132 2407 165 64 regulis

522 2466 233 69 fumunt::
697 2466 311 69 DErationibus
950 2466 175 69 autem
1066 2466 292 69 seminalibus
1300 2466 136 69 non
1378 2466 331 69 distinguendo,
1650 2466 136 69 sed
1728 2466 311 69 generaliter:
1981 2466 117 69 in
2039 2466 292 69 generatione

521 2523 187 62 omnium
652 2523 169 62 ipsas
765 2523 112 62 vt
821 2523 244 62 primordia
1009 2523 206 62 ponendo
1159 2523 112 62 in
1215 2523 225 62 materia,
1384 2523 244 62 proposita
1571 2523 131 62 est
1646 2523 244 62 quaestios
1833 2523 169 62 vtrum
1946 2523 169 62 ipsas
2058 2523 225 62 oporteat
2208 2523 94 62 po-

519 2570 147 68 nere
611 2570 166 68 sicut
721 2570 221 68 formarum
887 2570 295 68 inchoationes
1127 2570 111 68 in
1182 2570 221 68 materia:
1348 2570 147 68 quae
1440 2570 147 68 sunt
1533 2570 129 68 per
1606 2570 240 68 essentiam
1791 2570 203 68 aliquid
1938 2570 184 68 formae
2049 2570 221 68 generandae

521 2625 215 60 Necesse
678 2625 156 60 enim
775 2625 215 60 habemus
932 2625 234 60 secundum
1107 2625 215 60 aliquem
1264 2625 176 60 modum
1381 2625 195 60 ponere
1518 2625 156 60 eas:
1615 2625 117 60 si
1674 2625 215 60 ponamus
1830 2625 215 60 aliquid
1987 2625 195 60 fieri,
2123 2625 137 60 non
2182 2625 78 60 pe

526 2679 272 64 violentiam,
743 2679 127 64 aut
816 2679 127 64 non
888 2679 127 64 per
960 2679 272 64 creationem,
1178 2679 127 64 sed
1250 2679 127 64 per
1322 2679 217 64 naturam:
1485 2679 91 64 &
1522 2679 127 64 hoc
1594 2679 163 64 sicut
1703 2679 109 64 ex
1757 2679 217 64 materia:
1920 2679 109 64 Si
1974 2679 145 64 enim
2065 2679 163 64 nihil
2155 2679 145 64 confe-

516 2731 124 62 rat
587 2731 195 62 passum:
729 2731 124 62 non
800 2731 124 62 est
871 2731 231 62 generatio
1048 2731 160 62 neque
1155 2731 160 62 actio
1261 2731 248 62 naturalis:
1456 2731 124 62 sed
1527 2731 231 62 violenta.
1705 2731 106 62 Si
1758 2731 177 62 contra
1882 2731 160 62 agat,
1988 2731 106 62 vt
2042 2731 231 62 contingit
2201 2731 89 62 oum

512 2786 159 66 lapis
618 2786 247 66 proiicitur
812 2786 194 66 sursum:
953 2786 123 66 aut
1024 2786 123 66 est
1094 2786 212 66 creatio:
1253 2786 106 66 vt
1306 2786 229 66 contingit
1482 2786 106 66 in
1535 2786 176 66 animae
1658 2786 247 66 rationalis
1852 2786 229 66 infusione
2029 2786 106 66 in
2081 2786 212 66 corpore:
2222 2786 71 66 pa

521 2847 136 53 tet:
606 2847 153 53 ergo:
708 2847 136 53 quod
793 2847 102 53 in
845 2847 255 53 generatione
1049 2847 204 53 conferat
1202 2847 187 53 aliquid
1338 2847 187 53 passum.
1475 2847 102 53 Et
1526 2847 153 53 illud
1628 2847 119 53 quo
1696 2847 204 53 confert,
1849 2847 119 53 est
1917 2847 102 53 id
1968 2847 136 53 quod
2054 2847 153 53 ratio
2139 2847 153 53 semina-

522 2893 144 71 lis,
612 2893 90 71 &
648 2893 252 71 principium
846 2893 216 71 naturale
1008 2893 180 71 intra,
1134 2893 126 71 quo
1206 2893 288 71 transmutatio
1439 2893 198 71 dicitur
1583 2893 252 71 naturalis.
1781 2893 162 71 Etcum
1889 2893 180 71 natura
2015 2893 126 71 est
2069 2893 216 71 principium

537 2948 181 64 primum:
668 2948 82 64 &
701 2948 148 64 causa
800 2948 181 64 mouendi
932 2948 82 64 &
965 2948 231 64 quiescendi
1146 2948 132 64 eius
1228 2948 99 64 in
1278 2948 115 64 quo
1344 2948 115 64 est
1410 2948 115 64 per
1475 2948 99 64 se
1525 2948 115 64 non
1591 2948 115 64 per
1657 2948 214 64 accidens,
1821 2948 99 64 vt
1871 2948 181 64 dicitur
2003 2948 99 64 in
2052 2948 181 64 secundo
2167 2948 132 64 physi-

527 3012 154 55 corum.
634 3012 92 55 Et
680 3012 108 55 hoc
742 3012 215 55 dupliciter
911 3012 184 55 secundum
1049 3012 215 55 philosopum
1218 3012 92 55 in
1264 3012 154 55 eodem,
1372 3012 184 55 secundum
1510 3012 123 55 quod
1587 3012 154 55 natura
1695 3012 169 55 dicitur
1818 3012 184 55 materia,
1956 3012 77 55 &
1987 3012 92 55 de
2033 3012 200 55 similiter
2171 3012 123 55 forma.

524 3052 236 64 Materia,
702 3052 118 64 vt
761 3052 256 64 subiectum
958 3052 256 64 recipiens
1155 3052 118 64 in
1214 3052 118 64 se
1273 3052 394 64 transmutationem,
1608 3052 99 64 &
1648 3052 197 64 formam
1786 3052 138 64 per
1864 3052 394 64 transmutationem:
2180 3052 118 64 For-

529 3103 110 58 ma
584 3103 147 58 vero
676 3103 110 58 vt
731 3103 165 58 agens
841 3103 147 58 eam.
933 3103 129 58 Cum
1006 3103 184 58 igitur
1134 3103 165 58 ratio
1245 3103 239 58 seminalis
1428 3103 129 58 sit
1502 3103 257 58 principium
1704 3103 239 58 naturalis
1887 3103 312 58 generationis:
2144 3103 129 58 aut
2199 3103 92 58 er-

534 3157 92 87 go
580 3157 92 87 se
626 3157 139 87 habet
718 3157 92 87 ex
765 3157 139 87 parte
857 3157 185 87 materiae
996 3157 169 87 tantum:
1119 3157 108 87 aut
1181 3157 92 87 ex
1227 3157 139 87 parte
1319 3157 154 87 formae
1427 3157 169 87 tantum:
1550 3157 108 87 aut
1612 3157 92 87 ex
1658 3157 139 87 parte
1751 3157 216 87 vtriusque.
1920 3157 92 87 Et
1966 3157 185 87 quamquam
2105 3157 154 87 aliqui
2213 3157 108 87 non
