2373 3615
137 223 318 132 supernaturales
403 223 177 132 leges:
527 223 142 132 quas
615 223 159 132 rebus
721 223 124 132 non
792 223 212 132 indidit:
951 223 124 132 sed
1022 223 142 132 sibi
1110 223 265 132 reseruauit,
1323 223 106 132 vt
1376 223 177 132 dictum
1500 223 124 132 est
1571 223 159 132 supra
1677 223 212 132 secundum
1818 223 71 132 Au

133 330 217 79 gustinum
296 330 145 79 nono
386 330 108 79 de
440 330 235 79 Trinitate
621 330 235 79 capitulo.
801 330 163 79 xxvi.
910 330 126 79 vbi
982 330 163 79 etiam
1090 330 181 79 dictum
1217 330 145 79 suum
1307 330 199 79 exponit
1452 330 217 79 subdens.
1614 330 126 79 Est
1686 330 163 79 modus
1795 330 126 79 quo

131 388 139 75 illa
218 388 174 75 haerba
340 388 122 75 sic
409 388 226 75 germinat:
583 388 122 75 sic
653 388 139 75 illa
740 388 157 75 aetas
845 388 174 75 parit:
967 388 139 75 illa
1054 388 122 75 non
1124 388 174 75 parit.
1245 388 157 75 horum
1350 388 87 75 &
1385 388 174 75 talium
1507 388 209 75 modorum:
1664 388 209 75 rationes
1803 388 87 75 non

135 440 167 69 tantum
252 440 100 69 in
302 440 117 69 deo
369 440 150 69 sunt:
469 440 117 69 sed
535 440 100 69 ab
585 440 133 69 illo
669 440 150 69 etiam
769 440 150 69 rebus
869 440 183 69 creatis
1002 440 183 69 inditae
1136 440 150 69 atque
1236 440 250 69 concreatae:
1436 440 100 69 vt
1486 440 117 69 aut
1553 440 167 69 lignum
1669 440 100 69 de
1719 440 150 69 terra
1803 440 83 69 ex-

140 496 172 68 cisum,
260 496 190 68 aridum,
398 496 258 68 perpolitum,
605 496 138 68 sine
691 496 138 68 vlla
777 496 190 68 radice,
915 496 138 68 sine
1001 496 172 68 terra,
1122 496 86 68 &
1156 496 138 68 aqua
1242 496 190 68 repente
1380 496 190 68 floreat
1518 496 86 68 &
1553 496 190 68 fructum
1690 496 190 68 gignat,
1811 496 69 68 vt

130 550 126 62 per
202 550 252 62 iuuentutem
400 550 216 62 sterilis
561 550 198 62 foemina
705 550 108 62 in
759 550 234 62 senectute
939 550 198 62 pariat.
1082 550 108 62 et
1136 550 162 62 siqua
1244 550 216 62 eiusmodi
1406 550 162 62 sunt.
1514 550 162 62 Dedit
1621 550 180 62 quidem
1747 550 162 62 natu-

137 597 114 63 ris
202 597 130 63 quas
283 597 196 63 creauit,
430 597 98 63 vt
479 597 98 63 ex
528 597 114 63 eis
593 597 147 63 fieri
691 597 130 63 haec
772 597 196 63 possent.
919 597 147 63 Neque
1016 597 130 63 enim
1098 597 98 63 ex
1147 597 114 63 eis
1212 597 114 63 vel
1277 597 130 63 ipse
1359 597 196 63 faceret,
1505 597 130 63 quod
1587 597 98 63 ex
1636 597 114 63 eis
1701 597 147 63 fieri
1799 597 114 63 non

142 649 162 73 posse
250 649 144 73 ipse
339 649 287 73 praefigeret.
573 649 197 73 quoniam
716 649 179 73 seipso
842 649 126 73 non
914 649 126 73 est
986 649 126 73 nec
1057 649 144 73 ipse
1147 649 251 73 potentior.
1345 649 251 73 Veruntamen
1542 649 144 73 alio
1632 649 144 73 modo
1721 649 162 73 dedit
1811 649 72 73 vt

139 705 126 67 non
211 705 234 67 haberent.
391 705 108 67 in
445 705 144 67 motu
534 705 234 67 naturali:
714 705 126 67 sed
786 705 108 67 in
840 705 108 67 eo
894 705 126 67 quo
966 705 126 67 ita
1037 705 180 67 creata
1163 705 180 67 essent
1289 705 108 67 vt
1343 705 162 67 eorum
1451 705 180 67 natura
1577 705 234 67 voluntati
1738 705 144 67 poten-

136 758 158 61 tiori
242 758 175 61 illius
364 758 263 61 subiaceret.
575 758 158 61 Habet
680 758 140 61 ergo
768 758 140 61 deus
855 758 105 61 in
908 758 105 61 se
960 758 263 61 absconditas
1171 758 228 61 quorundam
1346 758 210 61 factorum
1504 758 193 61 causas.
1644 758 140 61 dico
1714 758 158 61 actiuas

134 802 132 75 quas
217 802 149 75 rebus
316 802 198 75 conditis
465 802 116 75 non
531 802 215 75 inseruit,
696 802 116 75 sed
762 802 198 75 passiuas
910 802 149 75 solum
1009 802 116 75 eis
1076 802 281 75 respondentes,
1307 802 165 75 easque
1422 802 165 75 implet
1538 802 116 75 non
1604 802 132 75 illo
1686 802 149 75 opere
1785 802 116 75 pro

136 862 226 57 uidentiae
310 862 122 57 quo
379 862 191 57 naturas
518 862 244 57 substituit
710 862 104 57 vt
762 862 157 57 sint:
867 862 122 57 sed
936 862 122 57 quo
1006 862 122 57 eas
1075 862 261 57 administrat
1284 862 104 57 vt
1336 862 226 57 voluerit,
1511 862 139 57 quas
1598 862 104 57 vt
1650 862 174 57 voluit
1754 862 122 57 condi

143 916 137 59 dit.
228 916 222 59 HVIVomodi
399 916 154 59 autem
502 916 222 59 potentiae
673 916 205 59 passiuae
827 916 103 59 vt
878 916 137 59 sunt
964 916 103 59 in
1015 916 188 59 materia
1152 916 291 59 obedientiales
1391 916 137 59 siue
1477 916 205 59 respectu
1631 916 188 59 agentis
1767 916 137 59 natu

132 968 169 60 ralis,
250 968 135 60 siue
334 968 320 60 supernaturalis,
604 968 202 60 rationes
756 968 219 60 seminales
924 968 135 60 dici
1009 968 118 60 non
1076 968 202 60 possunt,
1228 968 135 60 quia
1312 968 152 60 ratio
1413 968 219 60 seminalis
1582 968 236 60 principium
1750 968 118 60 agen-

135 1020 111 69 di
190 1020 129 69 est
264 1020 129 69 non
338 1020 240 69 patiendi.
523 1020 203 69 Propter
671 1020 148 69 quod
763 1020 277 69 philosophus
985 1020 111 69 in
1040 1020 203 69 secundo
1188 1020 277 69 physicorum,
1410 1020 185 69 quinto
1539 1020 92 69 &
1576 1020 203 69 septimo
1706 1020 166 69 metaphy

128 1074 181 71 sicae,
254 1074 90 71 &
291 1074 271 71 generaliter
507 1074 235 71 vbicunque
688 1074 217 71 loquitur
850 1074 108 71 de
905 1074 181 71 causis
1031 1074 90 71 &
1067 1074 253 71 principiis
1266 1074 163 71 rerum
1374 1074 271 71 naturalium,
1591 1074 181 71 semper
1699 1074 181 71 computat

133 1121 169 69 semen
246 1121 169 69 inter
358 1121 188 69 causas
490 1121 206 69 agentes
640 1121 94 69 &
677 1121 244 69 mouentes:
864 1121 94 69 &
902 1121 206 69 quomodo
1052 1121 150 69 hoc,
1146 1121 131 69 iam
1221 1121 263 69 exponetur.
1427 1121 131 69 Nec
1502 1121 169 69 etiam
1615 1121 225 69 rationes
1765 1121 113 69 semi

115 1177 163 75 nales
224 1177 200 75 possunt
369 1177 145 75 dici
460 1177 163 75 leges
569 1177 236 75 diuinarum
750 1177 272 75 operationum
968 1177 163 75 circa
1077 1177 127 75 res
1150 1177 254 75 naturales:
1349 1177 145 75 quas
1440 1177 127 75 eis
1513 1177 127 75 non
1586 1177 218 75 indidit:
1749 1177 127 75 sed
1803 1177 73 75 pe

127 1225 121 64 nes
196 1225 104 64 se
248 1225 259 64 reseruauit:
455 1225 138 64 quia
541 1225 155 64 ratio
644 1225 224 64 seminalis
817 1225 121 64 est
886 1225 242 64 principium
1076 1225 259 64 operationis
1283 1225 242 64 naturalis:
1472 1225 86 64 &
1507 1225 138 64 ideo
1593 1225 173 64 debent
1714 1225 138 64 esse
1800 1225 104 64 in

137 1288 148 69 rebus
235 1288 198 69 inditae.
384 1288 99 69 Et
433 1288 115 69 sic
499 1288 198 69 rationes
648 1288 148 69 illae
747 1288 99 69 in
796 1288 115 69 deo
862 1288 247 69 absconditae
1060 1288 181 69 proprie
1192 1288 198 69 dicuntur
1340 1288 198 69 rationes
1489 1288 214 69 causales,
1654 1288 165 69 quibus
1753 1288 115 69 etiam

141 1339 116 61 res
208 1339 199 61 produxit
357 1339 100 61 ab
407 1339 166 61 initio
524 1339 166 61 absque
640 1339 133 61 omni
723 1339 183 61 materia
856 1339 266 61 praecedente.
1072 1339 150 61 Illae
1172 1339 133 61 vero
1255 1339 133 61 quae
1338 1339 133 61 sunt
1421 1339 100 61 in
1471 1339 150 61 rebus
1571 1339 183 61 inditae
1704 1339 100 61 vt
1737 1339 133 61 princi

135 1395 130 58 pia
210 1395 223 58 actionum
377 1395 279 58 naturalium,
600 1395 204 58 proprie
749 1395 223 58 dicuntur
916 1395 223 58 rationes
1083 1395 260 58 seminales:
1288 1395 149 58 quae
1381 1395 167 58 etiam
1492 1395 242 58 inquantum
1678 1395 149 58 sunt
1752 1395 112 58 prin

134 1450 161 57 cipia
242 1450 161 57 rerum
349 1450 269 57 naturalium,
564 1450 161 57 etiam
672 1450 143 57 vere
762 1450 215 57 dicuntur
923 1450 215 57 rationes
1084 1450 233 57 causales:
1263 1450 215 57 causatae
1425 1450 161 57 tamen
1532 1450 108 57 ab
1586 1450 161 57 aliis
1694 1450 143 57 quae
1765 1450 108 57 sunt

142 1491 108 70 in
196 1491 125 70 deo
268 1491 287 70 absconditae.
501 1491 215 70 Causales
662 1491 161 70 autem
769 1491 215 70 rationes
931 1491 215 70 appellat
1092 1491 251 70 Augustinus
1289 1491 143 70 eas,
1379 1491 125 70 cum
1451 1491 161 70 dicit
1558 1491 108 70 in
1612 1491 143 70 fine
1702 1491 143 70 noni
1773 1491 90 70 su-

132 1547 132 70 per
208 1547 226 70 Genesim.
377 1547 113 70 In
434 1547 170 70 mundo
547 1547 151 70 sunt
641 1547 283 70 absconditae
867 1547 226 70 causales
1036 1547 226 70 rationes
1206 1547 188 70 omnium
1338 1547 170 70 rerum
1451 1547 283 70 naturaliter
1677 1547 226 70 oritura-

143 1608 142 65 rum,
232 1608 160 65 sicut
339 1608 266 65 absconditus
552 1608 142 65 erat
640 1608 142 65 Leui
729 1608 107 65 in
782 1608 178 65 lumbis
907 1608 213 65 Abrahae.
1066 1608 124 65 SED
1137 1608 231 65 huiusmodi
1315 1608 213 65 rationes
1475 1608 213 65 causales
1634 1608 195 65 actiuas
1759 1608 107 65 ali-

137 1659 127 61 qui
210 1659 182 61 dicunt
337 1659 146 61 esse
428 1659 219 61 rationes
592 1659 237 61 seminales
774 1659 219 61 secundum
938 1659 146 61 esse
1029 1659 255 61 completum:
1230 1659 146 61 quod
1321 1659 182 61 habent
1448 1659 109 61 in
1503 1659 164 61 rebus
1612 1659 237 61 perfectis
1794 1659 109 61 in

133 1705 137 68 suis
218 1705 171 68 formis
338 1705 171 68 quibus
458 1705 154 68 natae
560 1705 137 68 sunt
646 1705 171 68 agere:
766 1705 85 68 &
800 1705 120 68 non
868 1705 154 68 solum
971 1705 205 68 actiuas,
1125 1705 120 68 sed
1193 1705 154 68 etiam
1296 1705 222 68 passiuas:
1467 1705 103 68 vt
1518 1705 137 68 quod
1603 1705 222 68 principia
1757 1705 120 68 semi-

131 1765 179 70 nalia,
256 1765 143 70 siue
346 1765 215 70 rationes
507 1765 233 70 seminales
686 1765 215 70 dicantur
847 1765 161 70 omnes
955 1765 215 70 virtutes
1116 1765 233 70 completae
1295 1765 197 70 actiuae
1438 1765 107 70 in
1492 1765 161 70 rebus
1599 1765 287 70 naturalibus,
1814 1765 54 70 &

124 1813 229 75 caelestes
301 1813 88 75 &
336 1813 265 75 elementares
548 1813 124 75 cum
618 1813 212 75 propriis
777 1813 229 75 passiuis.
954 1813 106 75 Et
1007 1813 141 75 quod
1095 1813 212 75 dicuntur
1254 1813 212 75 secundum
1412 1813 159 75 illos
1518 1813 212 75 rationes
1659 1813 212 75 seminales,

129 1873 127 65 non
201 1873 199 65 propter
346 1873 217 65 rationem
509 1873 217 65 alicuius
672 1873 326 65 imperfectionis
943 1873 253 65 existentis
1142 1873 109 65 in
1196 1873 145 65 eis,
1287 1873 127 65 vel
1359 1873 127 65 eis
1432 1873 217 65 annexae:
1595 1873 271 65 quemadmodum
1794 1873 72 65 im

128 1925 213 70 perfecta
288 1925 124 70 est
359 1925 178 70 virtus
484 1925 231 70 formatiua
662 1925 107 70 in
715 1925 196 70 semine:
857 1925 124 70 sed
928 1925 142 70 quia
1017 1925 231 70 huiusmodi
1195 1925 213 70 virtutes
1355 1925 178 70 primis
1480 1925 249 70 indiuiduis
1675 1925 160 70 rerum
1764 1925 107 70 crea

131 1981 169 76 tarum
244 1981 225 76 collatae
413 1981 188 76 erant:
544 1981 113 76 ex
600 1981 188 76 quibus
731 1981 169 76 quasi
844 1981 113 76 ex
900 1981 244 76 quibusdam
1088 1981 244 76 seminibus
1275 1981 169 76 alia,
1388 1981 94 76 &
1425 1981 263 76 consimilia
1631 1981 131 76 per
1688 1981 188 76 temporis

130 2023 264 85 progressum
338 2023 340 85 producerentur.
621 2023 132 85 Sed
697 2023 132 85 cum
772 2023 170 85 semen
886 2023 113 85 ex
942 2023 208 85 ratione
1094 2023 208 85 seminis
1245 2023 170 85 dicat
1358 2023 151 85 quid
1452 2023 302 85 imperfectum,
1698 2023 94 85 &
1736 2023 113 85 in
1774 2023 94 85 po-

133 2088 170 73 tentia
252 2088 136 73 ens:
337 2088 85 73 &
371 2088 153 73 ratio
472 2088 238 73 seminalis,
659 2088 102 73 vt
710 2088 238 73 seminalis,
897 2088 204 73 rationem
1049 2088 187 73 actiuam
1185 2088 119 73 non
1253 2088 153 73 dicit
1355 2088 136 73 nisi
1440 2088 102 73 vt
1491 2088 187 73 seminis
1626 2088 136 73 est.
1711 2088 136 73 haec
1779 2088 85 73 au-

130 2135 122 78 tem
199 2135 122 78 non
269 2135 122 78 est
338 2135 156 78 ratio
442 2135 174 78 actiua
564 2135 226 78 completa,
737 2135 104 78 vt
789 2135 208 78 alicuius
946 2135 122 78 iam
1015 2135 208 78 perfecti
1171 2135 104 78 in
1224 2135 139 78 actu
1310 2135 122 78 per
1380 2135 191 78 formam:
1519 2135 122 78 sed
1588 2135 104 78 vt
1640 2135 208 78 habentis
1779 2135 87 78 so-

130 2183 142 90 lum:
219 2183 107 90 in
273 2183 214 90 potentia
433 2183 196 90 formam,
575 2183 196 90 quoniam
718 2183 107 90 vt
771 2183 160 90 dicit
878 2183 267 90 philosophus
1092 2183 107 90 in
1145 2183 196 90 septimo
1287 2183 303 90 metaphysicae:
1537 2183 107 90 in
1590 2183 178 90 semine
1715 2183 125 90 est
1768 2183 89 90 for

131 2239 113 84 ma
188 2239 113 84 in
244 2239 244 84 potentia:
432 2239 94 84 &
469 2239 207 84 ibidem.
620 2239 188 84 Semina
751 2239 150 84 dant
845 2239 188 84 formas
977 2239 169 84 rerum
1090 2239 282 84 generatarum
1315 2239 113 84 ex
1371 2239 244 84 seminibus
1559 2239 132 84 per
1635 2239 188 84 formas
1747 2239 113 84 quas

128 2291 218 85 dederant
291 2291 181 85 semina
418 2291 272 85 generantia.
636 2291 91 85 &
672 2291 181 85 super.
799 2291 145 85 xii.
890 2291 163 85 dicit
998 2291 290 85 Commentator.
1234 2291 218 85 Virtutes
1397 2291 109 85 in
1452 2291 236 85 seminibus
1633 2291 145 85 quae
1706 2291 163 85 faciunt

123 2355 187 71 animam:
259 2355 119 71 non
327 2355 136 71 sunt
412 2355 204 71 animatae
566 2355 102 71 in
617 2355 170 71 actum,
736 2355 119 71 sed
804 2355 102 71 in
855 2355 221 71 potentia,
1026 2355 153 71 sicut
1128 2355 153 71 domus
1230 2355 136 71 quae
1315 2355 119 71 est
1383 2355 102 71 in
1434 2355 153 71 anima
1536 2355 307 71 aedificatoris,
1775 2355 85 71 est

128 2407 153 76 domus
230 2407 102 76 in
281 2407 221 76 potentia,
452 2407 119 76 non
520 2407 102 76 in
571 2407 170 76 actum.
690 2407 102 76 Et
741 2407 136 76 ideo
826 2407 255 76 Aristoteles
1031 2407 153 76 facit
1133 2407 307 76 assimilationem
1388 2407 102 76 de
1439 2407 153 76 istis
1541 2407 238 76 virtutibus
1729 2407 102 76 ad
1763 2407 102 76 vir-

130 2461 153 71 tutes
232 2461 288 71 artificiales.
469 2461 187 71 Idcirco
605 2461 119 71 nec
673 2461 204 71 rationes
825 2461 187 71 actiuae
961 2461 254 71 perfectorum
1165 2461 237 71 existentes
1351 2461 102 71 in
1402 2461 153 71 actum
1504 2461 204 71 secundum
1656 2461 170 71 formas
1758 2461 102 71 per-

133 2507 164 81 fectas
248 2507 131 81 quae
330 2507 131 81 sunt
412 2507 181 81 illarum
543 2507 197 81 rationum
691 2507 99 81 in
740 2507 214 81 seminibus
904 2507 181 81 causae,
1036 2507 82 81 &
1069 2507 230 81 principia,
1249 2507 115 81 nec
1315 2507 148 81 eorum
1414 2507 181 81 passiua
1545 2507 197 81 debentur
1693 2507 131 81 dici
1775 2507 115 81 pro

135 2556 132 81 prie
217 2556 197 81 rationes
365 2556 230 81 seminales:
546 2556 115 81 sed
612 2556 148 81 tales
710 2556 197 81 dicendae
858 2556 132 81 sunt
941 2556 197 81 causales
1089 2556 165 81 magis:
1204 2556 132 81 quia
1286 2556 197 81 propriae
1434 2556 165 81 causae
1549 2556 132 81 sunt
1632 2556 181 81 illorum
1763 2556 132 81 quae

127 2612 151 84 fiunt
228 2612 101 84 ex
278 2612 134 84 eis,
362 2612 118 84 vel
430 2612 235 84 immediate,
614 2612 118 84 vel
681 2612 202 84 mediante
833 2612 185 84 semine:
967 2612 118 84 non
1034 2612 151 84 autem
1135 2612 185 84 semina,
1269 2612 134 84 nisi
1353 2612 218 84 inquantum
1521 2612 134 84 illa
1605 2612 101 84 in
1655 2612 151 84 ipsis
1756 2612 134 84 quo-

130 2666 223 71 damniodo
298 2666 149 71 sunt
391 2666 223 71 virtute.
558 2666 149 71 Quia
651 2666 167 71 autem
762 2666 167 71 ratio
874 2666 242 71 seminalis
1060 2666 353 71 sumitursecundum
1357 2666 223 71 rationem
1524 2666 186 71 causae
1655 2666 223 71 mouentis
1803 2666 56 71 &

132 2720 218 82 agentis:
295 2720 127 82 non
368 2720 164 82 autem
477 2720 255 82 materialis
677 2720 91 82 &
714 2720 236 82 passiuae:
895 2720 109 82 ex
950 2720 127 82 hoc
1023 2720 218 82 apparet,
1186 2720 145 82 quia
1277 2720 109 82 in
1332 2720 182 82 lumbis
1459 2720 200 82 Abrahae
1604 2720 145 82 Leui
1695 2720 127 82 non
1750 2720 109 82 fuit

129 2776 214 66 secundum
290 2776 250 66 corporalem
486 2776 267 66 substantiam
700 2776 303 66 materialiter:
949 2776 143 66 quia
1038 2776 125 66 non
1109 2776 143 66 nisi
1199 2776 107 66 de
1252 2776 196 66 residuo
1395 2776 250 66 nutrimenti
1591 2776 107 66 in
1644 2776 196 66 proximo
1769 2776 89 66 pa-

125 2830 188 59 rentem
257 2830 245 59 generatur
445 2830 207 59 semenex
596 2830 132 59 quo
671 2830 263 59 procreatur
878 2830 207 59 proles,
1028 2830 113 59 vt
1085 2830 132 59 iam
1160 2830 188 59 dictum
1292 2830 132 59 est
1367 2830 226 59 secundum
1536 2830 263 59 Augustinum
1743 2830 113 59 de
1781 2830 75 59 ve

123 2879 104 60 ra
175 2879 243 60 religione:
366 2879 122 60 sed
436 2879 139 60 fuit
522 2879 104 60 in
575 2879 156 60 illis
679 2879 209 60 secundum
835 2879 243 60 corporalem
1027 2879 261 60 substantiam
1235 2879 278 60 efficaciter,
1461 2879 139 60 quia
1548 2879 104 60 de
1600 2879 191 60 virtute
1722 2879 139 60 genera

124 2937 138 54 tiua
210 2937 138 54 eius
296 2937 241 54 descensura
486 2937 138 54 erat
572 2937 241 54 generatiua
761 2937 172 54 virtus
882 2937 103 54 in
934 2937 190 54 proximo
1071 2937 190 54 parente
1209 2937 207 54 decisiua
1364 2937 190 54 seminis
1502 2937 103 54 ad
1554 2937 276 54 generationem
1761 2937 103 54 Leui

107 2989 108 69 de
161 2989 144 69 illo
251 2989 216 69 secundum
413 2989 252 69 corporalem
611 2989 288 69 substantiam,
845 2989 144 69 quia
935 2989 162 69 semen
1044 2989 126 69 est
1116 2989 162 69 illud
1224 2989 108 69 in
1278 2989 126 69 quo
1350 2989 162 69 habet
1458 2989 144 69 esse
1548 2989 198 69 virtute
1692 2989 162 69 ipsum
1782 2989 90 69 ge-

116 3033 236 70 nerandum,
297 3033 91 70 &
334 3033 218 70 secundum
497 3033 218 70 rationem
661 3033 182 70 causae
788 3033 218 70 mouentis
951 3033 91 70 &
987 3033 254 70 materialis
1187 3033 182 70 simul,
1314 3033 109 70 vt
1369 3033 163 70 infra
1478 3033 309 70 declarabitur.
1732 3033 182 70 Idcir-

110 3089 96 93 co
158 3089 191 93 dicendum
301 3089 112 93 est
365 3089 128 93 quod
445 3089 175 93 proprie
572 3089 191 93 rationes
716 3089 207 93 seminales
875 3089 191 93 dicuntur
1019 3089 96 93 ab
1067 3089 207 93 Augustino
1226 3089 191 93 virtutes
1370 3089 223 93 existentes
1545 3089 96 93 in
1593 3089 112 93 eis
1657 3089 128 93 quae
1720 3089 144 93 proprie
