2444 3696
795 312 111 81 Ost
859 312 238 81 quaestionem
1049 312 95 81 de
1097 312 254 81 comparatione
1304 312 238 81 intellectus
1494 312 79 81 &
1526 312 222 81 voluntatis
1701 312 191 81 secundum
1844 312 127 81 suam
1923 312 222 81 essentiam,
2098 312 191 81 sequaban

804 392 114 70 tur
869 392 245 70 quaestiones
1065 392 179 70 quinque
1195 392 98 70 de
1244 392 261 70 comparatione
1456 392 147 70 eorum
1554 392 196 70 secundum
1701 392 130 70 suas
1782 392 212 70 actiones.
1945 392 163 70 PRIMA:
2059 392 147 70 vtrum
2141 392 114 70 actus

801 437 234 87 voluntatis
985 437 218 87 praecedat
1153 437 151 87 actum
1253 437 268 87 intellectus,
1471 437 100 87 an
1521 437 234 87 econuerso.
1705 437 201 87 SECVNDA:
1855 437 151 87 vtrum
1956 437 84 87 a
1989 437 184 87 ratione
2106 437 151 87 proposi

799 511 129 59 tis
872 511 147 59 bono
964 511 92 59 &
1001 511 202 59 meliori
1148 511 184 59 possit
1277 511 221 59 voluntas
1443 511 202 59 eligere
1590 511 166 59 minus
1700 511 184 59 bonum.
1829 511 202 59 TERTIA:
1976 511 166 59 vtrum
2086 511 202 59 deordi-

795 547 160 81 natio
902 547 249 81 voluntatis
1098 547 214 81 causetur
1258 547 107 81 ab
1311 547 178 81 errore
1436 547 231 81 rationis,
1614 547 125 81 vel
1685 547 249 81 econuerso.
1881 547 196 81 QVARTA:
2024 547 160 81 vtrum
2113 547 142 81 volun-

771 585 131 98 tas
846 585 263 98 discordans
1053 585 94 98 a
1090 585 206 98 ratione
1240 585 206 98 errante
1391 585 131 98 sit
1466 585 169 98 mala.
1578 585 206 98 QVINTA:
1728 585 169 98 vtrum
1841 585 225 98 voluntas
2010 585 169 98 magis
2104 585 150 98 peccat

483 665 149 64 agendo
587 665 149 64 contra
692 665 179 64 rationem
826 665 179 64 erroneam
960 665 119 64 quam
1035 665 179 64 secundum
1169 665 149 64 ipsam.
1274 665 134 64 ClRca
1363 665 149 64 primum
1467 665 209 64 arguebatur
1632 665 119 64 quod
1706 665 134 64 actus
1796 665 224 64 intellectus
1975 665 194 64 praecedit
2124 665 134 64 actum
2198 665 60 64 vo

489 725 193 64 luntatis:
638 725 163 64 quoniam
756 725 104 64 ita
816 725 104 64 est
875 725 89 64 in
920 725 193 64 agentibus
1068 725 104 64 per
1128 725 163 64 naturam
1246 725 119 64 sine
1321 725 163 64 propria
1439 725 208 64 cognitione
1603 725 119 64 quod
1677 725 163 64 necesse
1796 725 104 64 est
1855 725 89 64 ea
1900 725 148 64 habere
2004 725 134 64 aliud
2078 725 178 64 cognoscens

477 762 137 82 supra
568 762 106 82 se:
629 762 106 82 quo
689 762 213 82 diriguntur
856 762 91 82 ab
902 762 121 82 ipso
978 762 91 82 in
1023 762 137 82 finem
1114 762 228 82 apprihensum
1297 762 182 82 antequam
1433 762 121 82 illa
1509 762 167 82 moueat.
1631 762 121 82 ergo
1706 762 182 82 quonidao
1843 762 91 82 in
1889 762 137 82 eadem
1980 762 121 82 sunt
2056 762 182 82 coniucta
2177 762 76 82 co-

481 829 195 76 gnoscens
627 829 81 76 &
659 829 178 76 mouens,
789 829 97 76 vt
837 829 130 76 sunt
919 829 243 76 intellectus
1113 829 81 76 &
1146 829 211 76 voluntas,
1308 829 146 76 prius
1405 829 178 76 oportet
1535 829 227 76 cognoscens
1713 829 227 76 apphendere
1891 829 130 76 quam
1972 829 113 76 sit
2037 829 211 76 possibile
2183 829 65 76 al

482 880 155 74 terum
585 880 190 74 mouere.
723 880 190 74 CONtra.
861 880 104 74 ex
913 880 224 74 desiderio
1086 880 190 74 sciendi
1224 880 155 74 primo
1327 880 293 74 inuestigantur
1569 880 155 74 prima
1672 880 259 74 scientiarum
1879 880 242 74 principia.
2052 880 207 74 Desiderium

475 930 112 70 est
539 930 144 70 actus
635 930 240 70 voluntatis.
827 930 208 70 praecedit
988 930 128 70 ergo
1068 930 240 70 cognitionem
1260 930 272 70 principiorum:
1484 930 128 70 ergo
1564 930 80 70 &
1596 930 160 70 omnium
1708 930 192 70 aliorum.
1853 930 192 70 DICENdum
1997 930 96 70 ad
2045 930 128 70 hoc:
2125 930 128 70 quod
2189 930 64 70 si

485 986 194 68 loquamur
630 986 97 68 de
678 986 226 68 cognitione
856 986 210 68 quacumque
1017 986 290 68 indiffcrenter,
1259 986 161 68 planum
1372 986 113 68 est
1436 986 129 68 quod
1517 986 129 68 sine
1598 986 161 68 aliqua
1711 986 226 68 cognitione
1888 986 242 68 praecedente
2065 986 194 68 voluntatem

477 1049 236 61 impossibile
666 1049 110 61 est
729 1049 142 61 velle
823 1049 173 61 aliquid
949 1049 173 61 propter
1075 1049 126 61 quid
1154 1049 142 61 dicit
1248 1049 157 61 Augus.
1358 1049 189 61 Diligere
1500 1049 142 61 iuisa
1594 1049 205 61 possumus,
1752 1049 205 61 incognita
1909 1049 220 61 nequaquam.
2082 1049 94 61 ld
2129 1049 126 61 enim
2192 1049 63 61 de

482 1100 105 78 quo
542 1100 135 78 nulla
632 1100 165 78 habetur
753 1100 181 78 cognitio
888 1100 135 78 neque
978 1100 211 78 generalis,
1144 1100 135 78 neque
1234 1100 211 78 specialis,
1400 1100 135 78 neque
1490 1100 211 78 sensitiua,
1655 1100 135 78 neque
1746 1100 256 78 intellectiua,
1956 1100 150 78 omnino
2061 1100 105 78 sub
2107 1100 150 78 volunta-

488 1158 88 57 te
532 1158 103 57 non
591 1158 147 57 cadit.
694 1158 74 57 &
724 1158 103 57 ita
783 1158 147 57 semper
886 1158 236 57 qualiscumque
1077 1158 177 57 cognitio
1210 1158 133 57 debet
1298 1158 206 57 praecedere
1460 1158 221 57 voluntatem:
1637 1158 118 57 quae
1710 1158 118 57 bene
1784 1158 147 57 potest
1887 1158 206 57 praecedere
2049 1158 206 57 vlteriorem
2196 1158 59 57 co

478 1208 227 79 gnitionem,
656 1208 113 79 per
721 1208 243 79 cognitionem
915 1208 130 79 enim
996 1208 243 79 imperfectam
1190 1208 243 79 inflammatur
1385 1208 227 79 desiderium
1563 1208 97 79 ad
1611 1208 243 79 cognitionem
1806 1208 227 79 vlteriorem
1984 1208 227 79 perfectam,
2162 1208 97 79 vt
2194 1208 65 79 de

489 1253 187 76 terminat
629 1253 218 76 Augustinus
801 1253 109 76 SED
863 1253 109 76 cum
925 1253 93 76 in
972 1253 156 76 homine
1081 1253 156 76 duplex
1190 1253 109 76 sit
1252 1253 202 76 cognitio,
1407 1253 109 76 vna
1470 1253 202 76 sensitiua
1625 1253 78 76 &
1656 1253 156 76 altera
1765 1253 264 76 intellectiua:
1983 1253 202 76 quaeritur
2139 1253 93 76 an
2170 1253 93 76 homo

483 1310 158 87 possit
594 1310 158 87 moueri
705 1310 95 87 ad
752 1310 190 87 volendum
894 1310 174 87 aliquid
1021 1310 127 87 sola
1100 1310 206 87 sensitiua
1258 1310 221 87 cognitione
1432 1310 237 87 praecedente
1622 1310 127 87 sine
1701 1310 127 87 omni
1780 1310 221 87 cognitione
1954 1310 269 87 intellectiua.
2160 1310 95 87 Quod

484 1370 117 69 enim
558 1370 161 69 vtraque
675 1370 205 69 cognitione
836 1370 161 69 poterit
954 1370 176 69 voluntas
1086 1370 161 69 hominis
1203 1370 132 69 tangi
1291 1370 88 69 ad
1335 1370 191 69 volendum,
1482 1370 132 69 dicit
1570 1370 205 69 Augustinu.
1731 1370 132 69 libro
1819 1370 147 69 tertio
1922 1370 88 69 de
1966 1370 147 69 libero
2068 1370 191 69 arbitrio.
2200 1370 59 69 Fa

486 1421 150 82 tendum
591 1421 180 82 (inquit)
726 1421 90 82 ex
771 1421 240 82 superioribus
967 1421 135 82 visis
1057 1421 75 82 &
1087 1421 240 82 inferioribus
1282 1421 150 82 animam
1388 1421 135 82 tangi
1478 1421 90 82 vt
1523 1421 210 82 rationalis
1688 1421 210 82 substantia
1853 1421 90 82 ex
1898 1421 165 82 vtroque
2019 1421 135 82 sumat
2109 1421 120 82 quod
2169 1421 90 82 volu

485 1466 135 72 erit.
575 1466 105 72 qui
635 1466 135 72 vult,
724 1466 179 72 profecto
859 1466 164 72 aliquid
978 1466 135 72 vult.
1068 1466 120 72 nisi
1143 1466 135 72 autem
1233 1466 209 72 extrisecus
1397 1466 105 72 per
1457 1466 149 72 sensus
1561 1466 179 72 corporis
1696 1466 194 72 moueatur,
1845 1466 105 72 aut
1905 1466 179 72 occultis
2040 1466 135 72 modis
2129 1466 164 72 aliquid

483 1527 96 63 in
531 1527 160 63 mentem
643 1527 176 63 veniat,
771 1527 144 63 velle
867 1527 112 63 non
931 1527 144 63 pont.
1026 1527 128 63 Vnde
1106 1527 160 63 dubium
1218 1527 112 63 est
1282 1527 96 63 an
1330 1527 160 63 aliquo
1442 1527 208 63 interiori
1602 1527 192 63 corrupto
1746 1527 112 63 quo
1810 1527 240 63 corrumpitur
2001 1527 240 63 intellectus
2193 1527 96 63 in

488 1580 174 76 homine:
615 1580 95 76 vt
662 1580 142 76 dicit
757 1580 253 76 Philosophus:
963 1580 142 76 tamen
1058 1580 142 76 adhuc
1153 1580 142 76 habet
1248 1580 158 76 sensus
1358 1580 142 76 sanos
1453 1580 111 76 per
1516 1580 127 76 quos
1596 1580 158 76 multas
1706 1580 142 76 rerum
1801 1580 253 76 differentias
2007 1580 221 76 cognoscit:
2165 1580 95 76 ali-

490 1626 123 91 quid
567 1626 139 91 velit
659 1626 108 91 per
721 1626 231 91 intellectum
906 1626 93 91 ex
952 1626 185 91 cognitis
1091 1626 108 91 per
1153 1626 170 91 sensum:
1276 1626 93 91 an
1322 1626 139 91 omnis
1415 1626 200 91 appetitus
1569 1626 139 91 circa
1662 1626 123 91 illa
1739 1626 108 91 sit
1800 1626 216 91 sensitiuus
1970 1626 77 91 &
2001 1626 200 91 brutalis.
2155 1626 93 91 ET
2186 1626 77 91 est

486 1680 181 82 dicendum
622 1680 121 82 quod
697 1680 106 82 non
758 1680 136 82 solum
848 1680 196 82 appetitus
999 1680 181 82 requirit
1135 1680 227 82 cognitionem
1317 1680 91 82 in
1362 1680 106 82 eis
1422 1680 121 82 quae
1498 1680 106 82 non
1558 1680 181 82 mouentur
1694 1680 121 82 sola
1770 1680 181 82 naturali
1906 1680 257 82 inclinatione:
2117 1680 106 82 sed
2162 1680 106 82 etiam

489 1733 251 83 determinatus
694 1733 204 83 appetitus
851 1733 189 83 requirit
992 1733 251 83 determinatam
1196 1733 251 83 cognitionem:
1401 1733 110 83 ita
1464 1733 126 83 quod
1542 1733 94 83 si
1589 1733 204 83 appetitus
1746 1733 204 83 sensitiui
1904 1733 157 83 essent
2014 1733 204 83 distincti
2155 1733 110 83 secum

482 1800 109 58 dum
545 1800 264 58 distinctionem
762 1800 187 58 sensuum,
902 1800 218 58 deficiente
1074 1800 140 58 sensu
1167 1800 156 58 aliquo
1276 1800 171 58 necesse
1400 1800 109 58 est
1463 1800 187 58 deficere
1603 1800 202 58 appetitum
1758 1800 249 58 respondentem
1960 1800 124 58 illi
2038 1800 156 58 sensui
2147 1800 140 58 deter

486 1854 164 59 minato.
605 1854 119 59 nunc
680 1854 134 59 autem
769 1854 104 59 sic
828 1854 193 59 appetitus
977 1854 208 59 rationalis
1141 1854 193 59 respondet
1290 1854 208 59 cognitioni
1453 1854 193 59 rationali
1602 1854 89 59 ac
1647 1854 89 59 si
1692 1854 149 59 sensui
1796 1854 134 59 visus
1885 1854 223 59 responderet
2064 1854 164 59 aliquis
2183 1854 104 59 pro

488 1893 148 89 prius
586 1893 213 89 appetitus
750 1893 148 89 circa
849 1893 197 89 colores.
996 1893 197 89 ABSOlute
1144 1893 164 89 igitur
1259 1893 197 89 dicendum
1407 1893 131 89 quod
1489 1893 230 89 voluntatis
1669 1893 197 89 actionem
1817 1893 230 89 necessario
1997 1893 213 89 praecedit
2145 1893 115 89 cogni

494 1953 108 67 tio
555 1953 247 67 intellectus:
756 1953 123 67 sine
833 1953 123 67 quae
910 1953 170 67 praeuia
1034 1953 139 67 nihil
1126 1953 123 67 pont
1203 1953 154 67 velle.
1311 1953 123 67 vnde
1389 1953 93 67 in
1435 1953 201 67 amentibus
1589 1953 93 67 in
1635 1953 154 67 quibus
1743 1953 108 67 est
1805 1953 201 67 corruptio
1959 1953 247 67 intellectus,
2145 1953 123 67 nuilus

488 2001 111 73 est
551 2001 206 73 appetitus
710 2001 237 73 voluntatis,
899 2001 111 73 sed
963 2001 142 73 solum
1058 2001 269 73 sensualitatis
1279 2001 206 73 brutalis.
1437 2001 174 73 excepto
1564 2001 127 73 enim
1643 2001 95 73 eo
1690 2001 127 73 quod
1770 2001 237 73 intellectus
1959 2001 111 73 est
2023 2001 111 73 non
2086 2001 142 73 manet
2165 2001 95 73 homo

493 2065 119 62 nisi
568 2065 164 62 bestia.
687 2065 179 62 secundum
821 2065 119 62 quod
895 2065 134 62 dicit
985 2065 223 62 Philosophus
1164 2065 89 62 in
1208 2065 119 62 fine
1283 2065 149 62 tertii
1387 2065 209 62 Politicae:
1551 2065 104 62 Qui
1610 2065 223 62 intellectum
1789 2065 134 62 iubet
1879 2065 209 62 principari
2043 2065 164 62 videtur
2147 2065 119 62 iubere

496 2112 226 78 principari
673 2112 129 78 deum
754 2112 81 78 &
786 2112 161 78 leges:
899 2112 113 78 qui
964 2112 145 78 autem
1060 2112 177 78 hominem
1189 2112 161 78 iubet,
1302 2112 177 78 apponit
1431 2112 81 78 &
1464 2112 194 78 bestiam.
1609 2112 97 78 AD
1657 2112 226 78 argumentum
1835 2112 97 78 in
1883 2112 210 78 oppositum
2044 2112 145 78 patet
2141 2112 113 78 per
2189 2112 81 78 iam

498 2161 137 81 dicta
589 2161 213 81 responsio.
757 2161 122 81 Quia
833 2161 122 81 enim
909 2161 91 81 ex
955 2161 198 81 desiderio
1107 2161 167 81 sciendi
1229 2161 183 81 procedit
1366 2161 122 81 homo
1442 2161 91 81 ad
1487 2161 289 81 inuestigationem
1731 2161 259 81 principiorum:
1944 2161 107 81 hoc
2005 2161 107 81 non
2066 2161 107 81 est
2127 2161 122 81 sine
2188 2161 76 81 ali

492 2215 111 92 qua
555 2215 190 92 generali
698 2215 221 92 cognitione
872 2215 111 92 qua
935 2215 190 92 voluntas
1078 2215 206 92 excitatur
1236 2215 95 92 ad
1283 2215 190 92 sciendum
1426 2215 95 92 in
1473 2215 253 92 particulari.
1679 2215 127 92 Vnde
1758 2215 237 92 philosophi,
1948 2215 190 92 videntes
2090 2215 190 92 effectus
2217 2215 47 92 &

494 2268 216 84 ignorantes
663 2268 170 84 causas:
787 2268 185 84 scientes
925 2268 93 84 in
972 2268 185 84 generali
1110 2268 123 84 quia
1188 2268 123 84 sine
1265 2268 139 84 causa
1357 2268 108 84 non
1419 2268 185 84 fiebant:
1558 2268 93 84 vt
1604 2268 185 84 eclipses
1743 2268 139 84 solis
1835 2268 77 84 &
1866 2268 154 84 lunae,
1974 2268 216 84 inceperunt
2128 2268 139 84 philoso

492 2329 166 91 phari:
608 2329 83 91 &
641 2329 166 91 causas
757 2329 149 91 rerum
857 2329 265 91 inuestigare.
1072 2329 99 91 vt
1122 2329 199 91 dicitur.
1271 2329 99 91 i.
1304 2329 248 91 metaphysicae.

803 2357 133 103 Irca
886 2357 199 103 secundum
1036 2357 249 103 arguebatur:
1235 2357 133 103 quod
1318 2357 232 103 propositis
1500 2357 166 103 maiori
1616 2357 83 103 &
1649 2357 166 103 minori
1765 2357 133 103 bono
1848 2357 116 103 non
1915 2357 133 103 pont
1998 2357 199 103 voluntas
2130 2357 133 103 elige-

802 2443 98 57 re
851 2443 164 57 minus:
966 2443 131 57 quia
1048 2443 148 57 malum
1146 2443 115 57 non
1212 2443 115 57 est
1277 2443 213 57 eligibile
1441 2443 213 57 inquantum
1605 2443 230 57 huiusmodi.
1785 2443 148 57 Minus
1884 2443 148 57 bonum
1982 2443 197 57 respectu
2113 2443 148 57 maioris

808 2485 98 66 in
857 2485 98 66 eo
906 2485 131 66 quod
988 2485 147 66 minus
1086 2485 246 66 aliqualiter
1283 2485 147 66 habet
1381 2485 197 66 rationem
1529 2485 147 66 mali:
1627 2485 131 66 quia
1709 2485 197 66 deficit.
1856 2485 147 66 sicut
1955 2485 213 66 econuerso
2119 2485 147 66 minus
2200 2485 66 66 ma

804 2549 108 66 lum
865 2549 184 66 respectu
1003 2549 169 66 maioris
1126 2549 123 66 hent
1203 2549 230 66 aliqualiter
1387 2549 184 66 rationem
1526 2549 138 66 boni:
1618 2549 123 66 quia
1695 2549 108 66 non
1756 2549 154 66 tantum
1864 2549 169 66 abundat
1986 2549 92 66 in
2033 2549 138 66 malo:
2125 2549 92 66 vt
2155 2549 108 66 dicit

800 2610 245 53 philosophus.
999 2610 76 53 v
1029 2610 214 53 ethicorum.
1197 2610 122 53 ergo
1274 2610 138 53 simul
1366 2610 107 53 cum
1427 2610 153 53 minori
1534 2610 122 53 bono
1610 2610 199 53 proposito
1763 2610 153 53 maiori
1870 2610 107 53 non
1932 2610 153 53 potest
2039 2610 168 53 eligere
2146 2610 122 53 minus.

795 2660 101 71 IN
846 2660 236 71 contrarium
1031 2660 118 71 est
1098 2660 152 71 illud
1199 2660 202 71 Bernardi
1351 2660 101 71 in
1401 2660 152 71 libro
1502 2660 101 71 de
1553 2660 168 71 Libero
1671 2660 219 71 arbitrio,
1839 2660 202 71 voluntas
1991 2660 152 71 facit
2092 2660 202 71 secundum

798 2701 179 68 rationem:
936 2701 69 68 &
964 2701 124 68 facit
1046 2701 138 68 contra
1143 2701 179 68 rationem:
1281 2701 110 68 quia
1350 2701 124 68 facit
1433 2701 97 68 per
1488 2701 221 68 ministerium:
1667 2701 69 68 &
1695 2701 138 68 contra
1791 2701 165 68 iudicium
1915 2701 179 68 rationis.
2053 2701 97 68 sed
2108 2701 97 68 hoc
2163 2701 97 68 non
2205 2701 55 68 ni

482 2764 100 66 si
532 2764 199 66 eligendo
682 2764 149 66 minus
781 2764 166 66 bonum,
897 2764 116 66 vbi
964 2764 149 66 ratio
1064 2764 183 66 iudicat
1196 2764 216 66 eligendum
1362 2764 166 66 maius.
1479 2764 133 66 ergo
1562 2764 116 66 &c.
1628 2764 100 66 AD
1678 2764 149 66 huius
1777 2764 249 66 quaestionis
1977 2764 249 66 intellectum
2159 2764 100 66 opor

486 2818 107 64 tet
547 2818 153 64 videre
654 2818 214 64 potestatem
822 2818 214 64 voluntatis
990 2818 92 64 in
1035 2818 107 64 vsu
1097 2818 153 64 liberi
1203 2818 199 64 arbitrii.
1356 2818 107 64 Est
1417 2818 153 64 igitur
1524 2818 275 64 intelligendum:
1753 2818 122 64 quod
1829 2818 183 64 voluntas
1967 2818 107 64 cum
2028 2818 107 64 sit
2089 2818 92 64 de
2135 2818 92 64 se
2181 2818 76 64 &
2196 2818 61 64 na

483 2854 125 76 tura
561 2854 109 76 sua
624 2854 203 76 appetitus
780 2854 234 76 rationalis:
967 2854 109 76 Vno
1029 2854 125 76 modo
1107 2854 203 76 accipitur
1263 2854 94 76 vt
1309 2854 187 76 includit
1450 2854 94 76 in
1496 2854 94 76 se
1543 2854 140 76 actum
1637 2854 203 76 rationis:
1792 2854 125 76 Alio
1870 2854 125 76 modo
1948 2854 187 76 praecise
2089 2854 94 76 vt
2120 2854 140 76 nominet

486 2913 198 83 appetitum
638 2913 182 83 habentem
775 2913 182 83 praeuiam
911 2913 182 83 rationis
1048 2913 198 83 actionem.
1200 2913 137 83 Primo
1291 2913 122 83 modo
1367 2913 167 83 sumendo
1489 2913 213 83 voluntatem
1656 2913 152 83 semper
1762 2913 122 83 fuit
1838 2913 152 83 omnium
1945 2913 167 83 concors
2066 2913 152 83 opinio
2173 2913 122 83 quod

487 2980 232 60 necessitas
670 2980 232 60 violentiae
852 2980 166 60 possit
968 2980 199 60 impedire
1117 2980 232 60 voluntatem
1299 2980 83 60 a
1332 2980 265 60 prosecutione
1548 2980 149 60 actus
1647 2980 248 60 exterioris:
1846 2980 83 60 &
1879 2980 248 60 contristare
2078 2980 99 60 in
2127 2980 116 60 hoc
2177 2980 83 60 vo-

489 3033 209 61 luntatem,
649 3033 80 61 &
682 3033 128 61 esse
762 3033 209 61 contraria
922 3033 112 61 ei.
987 3033 112 61 sed
1051 3033 128 61 quod
1131 3033 144 61 nullo
1227 3033 128 61 modo
1308 3033 161 61 possit
1420 3033 112 61 eam
1484 3033 193 61 euellere
1629 3033 80 61 a
1661 3033 112 61 suo
1725 3033 128 61 actu
1805 3033 209 61 interiori
1966 3033 80 61 &
1998 3033 161 61 mutare
2111 3033 144 61 ipsam
2191 3033 64 61 vt

489 3078 163 73 faciat
603 3078 211 73 opinantem
765 3078 179 73 aliquid
895 3078 130 73 esse
977 3078 211 73 faciendum
1139 3078 179 73 reuerti
1269 3078 81 73 &
1302 3078 163 73 mutari
1416 3078 81 73 a
1448 3078 114 73 sua
1513 3078 195 73 opinione
1659 3078 81 73 &
1692 3078 195 73 appetitu
1838 3078 98 73 in
1887 3078 98 73 id
1936 3078 130 73 quid
2017 3078 114 73 est
2066 3078 195 73 contrarium

482 3138 132 70 motui
570 3138 103 70 qui
629 3138 103 70 sit
688 3138 103 70 per
746 3138 205 70 voluntatem
908 3138 73 70 &
937 3138 235 70 cognitionem,
1128 3138 88 70 vt
1172 3138 132 70 dicit
1260 3138 220 70 Philosophus
1436 3138 103 70 in.
1494 3138 88 70 vi
1538 3138 235 70 metaphysicae
1729 3138 117 70 Fuit
1802 3138 132 70 tamen
1890 3138 191 70 aliquorum
2037 3138 147 70 opinio
2140 3138 117 70 quod
2198 3138 59 70 ne

487 3188 196 79 cessitari
638 3188 151 79 posset
743 3188 90 79 vt
788 3188 196 79 moueretur
939 3188 90 79 ad
984 3188 181 79 aliquid:
1119 3188 105 79 non
1180 3188 136 79 tamen
1270 3188 105 79 per
1330 3188 181 79 inferens
1466 3188 226 79 violentiam:
1647 3188 120 79 quia
1722 3188 105 79 non
1782 3188 120 79 omne
1857 3188 226 79 necessarium
2038 3188 105 79 est
2083 3188 181 79 violentum.
