2455 3767
442 253 104 84 ad
494 253 190 84 seipsum
632 253 104 84 in
683 253 190 84 diuerso
821 253 155 84 statu
925 253 207 84 secundum
1080 253 138 84 illa
1167 253 121 84 duo
1236 253 138 84 quae
1322 253 259 84 comparantur
1529 253 155 84 inter
1633 253 104 84 se
1684 253 207 84 secundum
1840 253 155 84 magis
1943 253 86 84 &
1978 253 173 84 minus:
2099 253 104 84 vt
2133 253 121 84 solum

441 330 146 58 modo
532 330 164 58 illud
641 330 200 58 dicatur
786 330 164 58 magis
896 330 109 58 in
950 330 127 58 quo
1023 330 236 58 inuenitur
1205 330 182 58 maius:
1332 330 91 58 &
1369 330 164 58 illud
1478 330 164 58 minus
1587 330 109 58 in
1641 330 127 58 quo
1714 330 236 58 inuenitur
1896 330 182 58 minus.
2024 330 200 58 Dicitur
2151 330 109 58 enim

447 387 112 69 vna
511 387 144 69 linea
607 387 144 69 magis
703 387 144 69 longa
799 387 128 69 quam
879 387 144 69 alia:
975 387 128 69 quia
1055 387 144 69 maior
1151 387 112 69 est
1215 387 208 69 longitudo
1375 387 144 69 vnius
1471 387 128 69 quam
1551 387 208 69 alterius:
1711 387 80 69 &
1743 387 176 69 dicitur
1871 387 112 69 vna
1935 387 192 69 essentia
2079 387 144 69 magis
2159 387 96 69 esse

450 441 123 73 quam
527 441 139 73 alia:
619 441 123 73 quia
696 441 170 73 entitas
820 441 139 73 vnius
912 441 108 73 est
974 441 139 73 maior
1066 441 77 73 &
1097 441 216 73 perfectior
1267 441 123 73 quam
1344 441 170 73 entitas
1467 441 200 73 alterius:
1621 441 77 73 &
1652 441 154 73 oculus
1760 441 139 73 vnius
1852 441 170 73 dicitur
1976 441 123 73 esse
2053 441 139 73 magis
2130 441 123 73 acutus

444 495 95 73 ad
492 495 190 73 videndum
635 495 127 73 quam
714 495 111 73 sit
777 495 159 73 oculus
888 495 206 73 alterius:
1047 495 127 73 quia
1126 495 175 73 acuties
1253 495 143 73 vnius
1349 495 143 73 maior
1444 495 111 73 est
1507 495 127 73 quam
1587 495 111 73 sit
1650 495 175 73 acuties
1777 495 206 73 alterius:
1936 495 111 73 ita
1999 495 127 73 quod
2078 495 127 73 omne
2158 495 127 73 quod

445 555 203 62 dicitur
592 555 221 62 secundum
758 555 166 62 magis
869 555 92 62 &
905 555 166 62 minus
1016 555 111 62 in
1071 555 240 62 subiecto,
1256 555 203 62 dicitur
1403 555 221 62 secundum
1569 555 166 62 maius
1680 555 92 62 &
1716 555 166 62 minus
1827 555 111 62 in
1882 555 129 62 sua
1956 555 240 62 essentia:
2140 555 111 62 vt
2177 555 74 62 ma

439 609 119 62 ius
507 609 85 62 &
541 609 154 62 minus
644 609 102 62 in
695 609 205 62 essentia
848 609 119 62 rei
917 609 119 62 sit
985 609 188 62 propria
1121 609 154 62 causa
1224 609 136 62 eius
1309 609 136 62 quid
1394 609 119 62 est
1462 609 154 62 maius
1565 609 85 62 &
1599 609 154 62 minus
1701 609 102 62 in
1752 609 222 62 subiecto:
1923 609 119 62 nec
1991 609 119 62 est
2042 609 222 62 differentia

439 665 105 67 vt
491 665 157 67 infra
596 665 227 67 videbitur
771 665 105 67 in
823 665 122 67 hoc
893 665 105 67 ex
946 665 157 67 parte
1051 665 210 67 alicuius
1208 665 140 67 quod
1296 665 105 67 in
1348 665 210 67 subiecto
1506 665 192 67 dicitur
1646 665 210 67 secundum
1803 665 157 67 magis
1908 665 87 67 &
1943 665 175 67 minus:
2066 665 157 67 licet
2153 665 105 67 ali-

446 723 132 68 qui
522 723 151 68 sint
616 723 132 68 qui
692 723 189 68 dicunt
824 723 151 68 quod
918 723 113 68 in
975 723 245 68 aliquibus
1164 723 170 68 mixta
1277 723 227 68 dicuntur
1447 723 227 68 secundum
1617 723 170 68 magis
1730 723 94 68 &
1768 723 189 68 minus:
1900 723 94 68 &
1938 723 208 68 immixta
2070 723 189 68 secundum

439 778 169 65 magis
552 778 94 65 &
589 778 187 65 minus.
720 778 206 65 Dicitur
870 778 150 65 enim
964 778 150 65 vnus
1058 778 187 65 altero
1189 778 169 65 magis
1301 778 94 65 &
1339 778 169 65 minus
1451 778 206 65 iustus:
1601 778 94 65 &
1639 778 206 65 dicitur
1789 778 131 65 vna
1863 778 225 65 iustitia
2032 778 169 65 maior
2145 778 94 65 &
2163 778 94 65 al-

452 834 155 67 tera
549 834 194 67 minor.
685 834 117 67 In
743 834 253 67 aliquibus
937 834 155 67 vero
1035 834 175 67 mixta
1151 834 233 67 dicuntur
1326 834 233 67 secundum
1501 834 175 67 magis
1618 834 97 67 &
1657 834 194 67 minus:
1793 834 214 67 immixta
1948 834 175 67 autem
2065 834 136 67 non
2123 834 136 67 dicun

443 888 125 67 tur
515 888 215 67 secundum
676 888 161 67 magis
783 888 90 67 &
819 888 179 67 minus:
945 888 107 67 vt
998 888 143 67 quod
1088 888 143 67 vnum
1177 888 197 67 dicatur
1321 888 143 67 esse
1410 888 179 67 albius
1536 888 161 67 alio,
1643 888 125 67 vna
1715 888 161 67 tamen
1822 888 179 67 albedo
1948 888 125 67 non
2019 888 197 67 dicitur
2145 888 107 67 esse

452 946 165 70 maior
561 946 165 70 alia.
671 946 146 70 Vnde
762 946 256 70 reprobatur
964 946 183 70 opinio
1091 946 238 70 dicentium
1274 946 183 70 causam
1402 946 292 70 susceptionis
1640 946 146 70 eius
1731 946 146 70 quod
1823 946 128 70 est
1896 946 165 70 magis
2005 946 91 70 &
2042 946 183 70 minus,
2170 946 110 70 pr

453 1007 150 69 pter
547 1007 282 69 subiectorum
772 1007 300 69 magnitudinem
1017 1007 131 69 aut
1092 1007 282 69 paruitatem:
1317 1007 188 69 quando
1449 1007 131 69 sit
1524 1007 263 69 comparatio
1730 1007 169 69 inter
1843 1007 225 69 diuersa,
2012 1007 131 69 vel
2068 1007 188 69 secundum

457 1059 249 60 incrementum
656 1059 166 60 quando
773 1059 116 60 est
839 1059 232 60 comparatio
1021 1059 182 60 eiusdem
1154 1059 100 60 ad
1204 1059 116 60 se.
1270 1059 149 60 Prima
1370 1059 133 60 pars
1453 1059 232 60 reprobatur
1635 1059 100 60 in
1685 1059 116 60 sex
1751 1059 249 60 principiis:
1950 1059 182 60 quoniam
2083 1059 133 60 tunc
2149 1059 100 60 sub-

454 1118 213 70 stantiae
614 1118 248 70 dicerentur
809 1118 160 70 eadem
915 1118 195 70 ratione
1057 1118 213 70 secundum
1217 1118 160 70 magis
1323 1118 89 70 &
1359 1118 177 70 minus:
1483 1118 142 70 quia
1571 1118 142 70 vnus
1660 1118 142 70 homo
1749 1118 124 70 est
1819 1118 160 70 maior
1926 1118 106 70 in
1979 1118 213 70 subiecto
2139 1118 142 70 quam

449 1169 167 65 alter:
566 1169 100 65 vt
616 1169 117 65 vir
683 1169 133 65 quam
766 1169 150 65 puer.
866 1169 133 65 ltem
949 1169 133 65 quia
1033 1169 217 65 margarita
1199 1169 183 65 dicitur
1333 1169 167 65 albior
1449 1169 150 65 equo.
1549 1169 183 65 Secunda
1682 1169 133 65 pars
1766 1169 233 65 reprobatur
1949 1169 100 65 ex
1999 1169 133 65 illo
2082 1169 133 65 quod
2166 1169 117 65 di-

456 1232 125 65 cit
528 1232 268 65 philosophus
742 1232 107 65 in
796 1232 411 65 postpraedicamentis.
1154 1232 143 65 Sunt
1243 1232 197 65 quaedam
1386 1232 250 65 crescentia
1583 1232 143 65 quae
1673 1232 125 65 non
1744 1232 268 65 alterantur:
1959 1232 107 65 vt
1995 1232 250 65 quadrangulus

448 1282 277 67 circumposito
672 1282 207 67 gnomone:
828 1282 121 67 cum
897 1282 225 67 alteratur
1070 1282 156 67 nihil
1174 1282 173 67 factum
1295 1282 138 67 est.
1381 1282 86 67 &
1416 1282 156 67 tamen
1520 1282 104 67 si
1572 1282 207 67 secundum
1727 1282 225 67 crementum
1900 1282 207 67 subiecti
2056 1282 156 67 esset
2160 1282 121 67 in-

455 1339 159 67 tensio
567 1339 128 67 eius
646 1339 128 67 quod
726 1339 112 67 est
790 1339 96 67 in
838 1339 144 67 ipso,
933 1339 255 67 quadrangulus
1141 1339 159 67 factus
1252 1339 144 67 esset
1348 1339 144 67 magis
1444 1339 128 67 quam
1523 1339 159 67 prius:
1635 1339 128 67 quid
1715 1339 112 67 est
1779 1339 159 67 contra
1890 1339 255 67 philosophoum
2082 1339 159 67 dicentem

453 1393 113 74 in
510 1393 357 74 praedicamentis,
810 1393 263 74 Triangulus
1017 1393 94 74 &
1054 1393 301 74 quadrangulus
1299 1393 132 74 non
1374 1393 225 74 videntur
1543 1393 169 74 magis
1656 1393 94 74 &
1693 1393 169 74 minus
1806 1393 263 74 suscipere,
2013 1393 132 74 nec
2069 1393 169 74 aliarum

452 1450 239 59 figurarum.
640 1450 222 59 Similiter
810 1450 119 59 per
879 1450 171 59 easdem
998 1450 205 59 rationes
1152 1450 239 59 reprobatur
1339 1450 171 59 opinio
1459 1450 171 59 dicens
1578 1450 154 59 fieri
1681 1450 273 59 susceptionem
1903 1450 137 59 eius
1988 1450 137 59 quid
2073 1450 119 59 est
2125 1450 119 59 magis

445 1501 98 65 &
485 1501 177 65 minus
603 1501 216 65 propter
760 1501 295 65 incrementum
996 1501 138 65 vel
1075 1501 315 65 decrementum,
1331 1501 138 65 aut
1410 1501 177 65 etiam
1528 1501 216 65 propter
1685 1501 335 65 magnitudinem,
1961 1501 138 65 aut
2020 1501 236 65 paruitatem

448 1561 136 61 Dico
533 1561 153 61 molis
635 1561 85 61 &
669 1561 255 61 extensionis
874 1561 102 61 in
925 1561 187 61 quanto:
1061 1561 102 61 vt
1112 1561 153 61 patet
1214 1561 187 61 literam
1350 1561 272 61 inspicienti.
1572 1561 102 61 Et
1623 1561 102 61 ex
1674 1561 187 61 vtroque
1810 1561 170 61 ibidem
1929 1561 272 61 concluditur:
2151 1561 136 61 quod

444 1617 174 63 neque
560 1617 135 63 per
637 1617 290 63 incrementum
869 1617 135 63 vel
946 1617 309 63 decrementum:
1197 1617 135 63 aut
1275 1617 174 63 etiam
1390 1617 213 63 propter
1545 1617 328 63 magnitudinem,
1816 1617 135 63 aut
1893 1617 271 63 paruitatem
2105 1617 116 63 in
2144 1617 116 63 vtro

443 1673 143 71 quod
533 1673 286 71 determinatur
765 1673 179 71 ibidem
890 1673 215 71 secundum
1051 1673 232 71 opinionem
1230 1673 215 71 auctoris
1391 1673 125 71 sex
1462 1673 304 71 principiorum:
1713 1673 143 71 quod
1802 1673 107 71 ea
1856 1673 143 71 quae
1945 1673 215 71 secundum
2106 1673 161 71 magis
2195 1673 54 71 &

442 1726 145 74 minus
539 1726 210 74 dicuntur,
700 1726 210 74 huiusmodi
862 1726 194 74 dicuntur
1007 1726 178 74 quoniam
1136 1726 145 74 eorum
1233 1726 129 74 quae
1314 1726 129 74 sunt
1395 1726 97 74 in
1443 1726 129 74 voce
1524 1726 242 74 impositioni
1718 1726 258 74 propinquiora
1928 1726 145 74 sunt:
2025 1726 129 74 siue
2106 1726 97 74 ab
2138 1726 113 74 eadem

434 1782 269 63 remotiora:
645 1782 115 63 vt
703 1782 231 63 secundum
876 1782 173 63 magis
991 1782 154 63 quae
1087 1782 327 63 propinquiora:
1356 1782 231 63 secundum
1529 1782 173 63 minus
1644 1782 154 63 quae
1740 1782 269 63 remotiora.
1952 1782 173 63 Album
2067 1782 154 63 enim
2144 1782 115 63 impo

437 1836 154 70 nitur
539 1836 103 70 ad
591 1836 291 70 significandum
830 1836 103 70 id
881 1836 103 70 in
933 1836 120 70 quo
1001 1836 120 70 est
1069 1836 137 70 pura
1155 1836 188 70 albedo:
1292 1836 188 70 quoniam
1428 1836 222 70 huiusmodi
1599 1836 222 70 impositio
1770 1836 103 70 in
1822 1836 188 70 termino
1958 1836 171 70 quidem
2078 1836 154 70 facta
2164 1836 85 70 est

444 1898 157 68 vltra
548 1898 139 68 quem
635 1898 244 68 transgredi
827 1898 122 68 non
896 1898 174 68 licet:
1018 1898 261 68 quemadmodum
1227 1898 87 68 &
1262 1898 104 68 in
1314 1898 296 68 superlatiuis:
1558 1898 174 68 etenim
1680 1898 244 68 albissimus
1871 1898 261 68 nigerrimus,
2080 1898 87 68 &
2115 1898 139 68 quae
2184 1898 70 68 hu

438 1945 183 67 iusmodi
571 1945 133 67 sunt
654 1945 183 67 amplius
787 1945 166 67 habent
904 1945 100 67 eo
954 1945 133 67 quod
1037 1945 216 67 huiusmodi
1203 1945 216 67 impositio
1369 1945 100 67 in
1419 1945 183 67 termino
1552 1945 133 67 est:
1635 1945 150 67 vltra
1735 1945 133 67 quem
1818 1945 199 67 progredi
1967 1945 116 67 est
2017 1945 233 67 impossibile.

443 2000 169 66 Quanto
561 2000 169 66 igitur
680 2000 101 66 vt
730 2000 152 66 dicit
832 2000 135 66 quis
916 2000 101 66 ad
967 2000 152 66 vocis
1068 2000 270 66 impositionem
1288 2000 203 66 accedens
1440 2000 186 66 puriori
1575 2000 220 66 inficitur
1744 2000 220 66 albedine:
1913 2000 152 66 tanto
2014 2000 220 66 candidior
2167 2000 84 66 hoc

442 2063 113 63 est
506 2063 161 63 albior
619 2063 274 63 assignabitur:
844 2063 97 63 vt
892 2063 113 63 sit
957 2063 129 63 eius
1037 2063 161 63 opinio
1150 2063 129 63 quod
1230 2063 177 63 nominum
1359 2063 97 63 in
1407 2063 257 63 abstractione
1616 2063 225 63 impositio:
1793 2063 97 63 vt
1842 2063 209 63 albedinis
2003 2063 113 63 vel
2051 2063 193 63 nigredinis

441 2113 166 74 facta
551 2113 129 74 est
625 2113 111 74 ad
680 2113 313 74 significandum
938 2113 129 74 rem
1012 2113 221 74 secundum
1178 2113 184 74 gradum
1307 2113 295 74 perfectionis
1547 2113 111 74 in
1602 2113 166 74 summo
1712 2113 184 74 quodam
1841 2113 313 74 indiuisibili:
2100 2113 184 74 quemad

445 2172 162 63 modum
553 2172 90 63 &
589 2172 271 63 significant
806 2172 289 63 superlatiua:
1040 2172 90 63 &
1076 2172 144 63 quod
1167 2172 162 63 magis
1275 2172 90 63 &
1311 2172 162 63 minus
1419 2172 198 63 dicitur
1563 2172 126 63 res
1636 2172 108 63 in
1690 2172 325 63 appropinquando
1960 2172 216 63 secundum
2105 2172 144 63 dispo-

450 2228 198 64 sitionem
599 2228 215 64 albedinis
765 2228 132 64 illi
847 2228 149 64 summo
947 2228 198 64 secundum
1095 2228 132 64 plus
1178 2228 83 64 &
1211 2228 165 64 minus.
1327 2228 116 64 SED
1393 2228 165 64 opinio
1509 2228 132 64 ista
1592 2228 99 64 si
1641 2228 232 64 intelligat
1823 2228 132 64 quod
1906 2228 116 64 hoc
1972 2228 149 64 nomen
2071 2228 165 64 albedo
2170 2228 83 64 im-

449 2288 161 63 ponitur
566 2288 88 63 ad
610 2288 249 63 significandum
815 2288 176 63 praecise
947 2288 88 63 id
991 2288 117 63 quod
1064 2288 102 63 est
1123 2288 132 63 album
1211 2288 88 63 in
1255 2288 176 63 termino,
1386 2288 190 63 manifeste
1533 2288 176 63 implicat
1664 2288 161 63 quiddam
1782 2288 234 63 impossibile.
1972 2288 88 63 Si
2016 2288 117 63 enim
2089 2288 102 63 ita
2148 2288 102 63 sit
2191 2288 59 63 vt

451 2339 148 65 dictum
555 2339 119 65 est,
629 2339 178 65 secundum
763 2339 119 65 hanc
837 2339 193 65 opinionem
985 2339 119 65 tunc
1060 2339 89 65 id
1104 2339 119 65 quid
1178 2339 104 65 est
1238 2339 134 65 album
1327 2339 223 65 simpliciter
1505 2339 104 65 non
1564 2339 104 65 est
1624 2339 148 65 album,
1728 2339 74 65 &
1757 2339 89 65 in
1802 2339 178 65 termino,
1935 2339 74 65 &
1965 2339 89 65 in
2010 2339 237 65 superlatiuo,
2188 2339 59 65 vt

445 2382 233 69 simpliciter
632 2382 156 69 possit
741 2382 124 69 dici
819 2382 218 69 albissimum
990 2382 109 69 non
1052 2382 171 69 dicetur
1177 2382 140 69 album
1270 2382 202 69 albedine:
1426 2382 109 69 cum
1488 2382 140 69 nihil
1581 2382 109 69 est
1643 2382 93 69 in
1690 2382 93 69 eo
1737 2382 124 69 quin
1814 2382 109 69 sit
1877 2382 140 69 citra
1970 2382 202 69 terminum:
2126 2382 78 69 &
2157 2382 124 69 quod

447 2437 108 72 est
508 2437 139 72 citra
601 2437 200 72 terminum,
755 2437 108 72 non
816 2437 108 72 est
878 2437 139 72 illud
970 2437 123 72 quod
1047 2437 92 72 in
1093 2437 185 72 termino.
1232 2437 154 72 Falsum
1340 2437 108 72 est
1401 2437 123 72 ergo
1478 2437 139 72 illud
1571 2437 92 72 ex
1617 2437 108 72 quo
1678 2437 200 72 sequitur:
1832 2437 123 72 quod
1909 2437 169 72 nominis
2032 2437 200 72 impositio
2171 2437 77 72 sit

447 2504 104 68 ad
499 2504 296 68 significandum
743 2504 122 68 rem
812 2504 104 68 in
864 2504 209 68 termino.
1021 2504 174 68 Falsum
1143 2504 122 68 est
1213 2504 139 68 ergo
1300 2504 87 68 &
1334 2504 157 68 illud
1439 2504 139 68 quod
1526 2504 157 68 super
1630 2504 122 68 hoc
1700 2504 209 68 fundatur
1857 2504 139 68 quod
1944 2504 157 68 magis
2048 2504 87 68 &
2083 2504 157 68 minus
2170 2504 87 68 su-

440 2556 173 67 muntur
561 2556 208 67 secundum
716 2556 329 67 approximationem
993 2556 86 67 &
1028 2556 242 67 remotionem
1218 2556 138 67 eius
1305 2556 104 67 ad
1356 2556 138 67 quod
1443 2556 294 67 significandum
1685 2556 156 67 uomen
1789 2556 242 67 imponitur.
1979 2556 121 67 Sed
2048 2556 121 67 cum
2118 2556 156 67 magis
2204 2556 52 67 &

437 2606 152 70 minus
539 2606 118 70 non
606 2606 203 70 dicuntur
758 2606 135 70 nisi
843 2606 203 70 respectu
995 2606 135 70 eius
1080 2606 135 70 quod
1164 2606 118 70 est
1232 2606 270 70 simpliciter.
1451 2606 101 70 Vt
1502 2606 135 70 enim
1587 2606 152 70 dicit
1688 2606 237 70 Simplicius
1874 2606 152 70 super
1976 2606 135 70 cap.
2060 2606 101 70 de
2094 2606 152 70 Qualita

443 2659 112 70 te,
507 2659 96 70 in
555 2659 305 70 praedicamentis,
812 2659 144 70 omnis
908 2659 128 70 eius
988 2659 128 70 quid
1069 2659 144 70 magis
1165 2659 80 70 &
1197 2659 144 70 minus
1293 2659 128 70 est,
1374 2659 176 70 aliquid
1502 2659 160 70 semper
1614 2659 128 70 est,
1694 2659 80 70 &
1727 2659 128 70 quid
1807 2659 176 70 summum.
1935 2659 80 70 &
1967 2659 96 70 vt
2015 2659 160 70 dictum
2128 2659 112 70 est
2176 2659 80 70 iam

445 2715 201 71 secundum
596 2715 234 71 philosopum
780 2715 151 71 magis
880 2715 84 71 &
914 2715 151 71 minus
1014 2715 117 71 non
1081 2715 201 71 dicuntur
1232 2715 134 71 nisi
1315 2715 134 71 quae
1399 2715 217 71 recipiunt
1566 2715 201 71 rationem
1717 2715 184 71 eiusdem
1851 2715 100 71 in
1901 2715 117 71 quo
1968 2715 201 71 secundum
2118 2715 151 71 magis
2202 2715 50 71 &

444 2765 134 68 minus
534 2765 239 68 comperantur.
728 2765 164 68 oportet
847 2765 149 68 igitur
952 2765 120 68 quod
1027 2765 105 68 sit
1087 2765 164 68 aliquis
1206 2765 179 68 terminus
1341 2765 90 68 in
1385 2765 149 68 natura
1490 2765 120 68 rei:
1565 2765 90 68 ex
1610 2765 134 68 cuius
1699 2765 269 68 approximatione
1923 2765 179 68 secundum
2058 2765 120 68 plus
2132 2765 75 68 &
2147 2765 105 68 minus

448 2818 187 69 dicantur
589 2818 140 69 magis
682 2818 109 69 aut
744 2818 156 69 minus:
854 2818 109 69 non
916 2818 140 69 autem
1009 2818 140 69 solum
1103 2818 93 69 in
1150 2818 280 69 significatione
1383 2818 125 69 rei.
1461 2818 156 69 aliter
1570 2818 109 69 enm
1633 2818 93 69 vt
1679 2818 156 69 dictum
1789 2818 109 69 est
1851 2818 156 69 natura
1960 2818 156 69 illius
2069 2818 109 69 rei
2131 2818 109 69 non
2178 2818 78 69 con

451 2880 175 71 ueniret
579 2880 96 71 ei
626 2880 128 71 quod
706 2880 112 71 est
770 2880 159 71 minus.
881 2880 128 71 Quia
961 2880 96 71 si
1009 2880 112 71 sic
1073 2880 112 71 est
1136 2880 80 71 &
1168 2880 96 71 ei
1216 2880 128 71 quid
1296 2880 112 71 est
1360 2880 143 71 minus
1455 2880 112 71 non
1519 2880 159 71 potest
1630 2880 128 71 illa
1710 2880 159 71 natura
1822 2880 223 71 conuenire,
1997 2880 128 71 nisi
2077 2880 143 71 citra
2156 2880 96 71 ter-

451 2939 171 63 minum,
571 2939 154 63 quare
674 2939 189 63 oportet
811 2939 137 63 quod
897 2939 171 63 natura
1017 2939 86 63 &
1051 2939 206 63 essentia
1205 2939 171 63 illius
1325 2939 120 63 sit
1394 2939 206 63 latitudo
1548 2939 206 63 alicuius
1702 2939 257 63 quantitatis
1908 2939 206 63 secundum
2045 2939 206 63 praedictos

446 2982 177 78 modos:
570 2982 89 78 &
606 2982 106 78 vt
659 2982 160 78 nomen
765 2982 266 78 simpliciter
978 2982 230 78 imponatur
1155 2982 106 78 ad
1208 2982 301 78 significandum
1456 2982 266 78 simpliciter
1669 2982 195 78 naturam
1811 2982 142 78 rei:
1900 2982 124 78 quo
1970 2982 106 78 ad
2024 2982 160 78 omnem
2112 2982 142 78 gradum

451 3038 250 61 latitudinis
652 3038 150 61 suae,
752 3038 83 61 &
785 3038 250 61 praedicetur
985 3038 100 61 de
1036 3038 100 61 eo
1086 3038 234 61 concretiue
1269 3038 134 61 quod
1353 3038 234 61 participat
1536 3038 100 61 ea
1586 3038 200 61 secundum
1737 3038 234 61 quemcunque
1920 3038 184 61 gradum:
2054 3038 100 61 vt
2104 3038 117 61 sic
2171 3038 117 61 non

455 3096 174 67 quanto
577 3096 139 67 quis
664 3096 105 67 ad
716 3096 157 67 vocis
821 3096 296 67 impositionem:
1065 3096 122 67 sed
1134 3096 174 67 quanto
1256 3096 105 67 ad
1309 3096 261 67 quantitatis
1518 3096 227 67 naturalis
1692 3096 279 67 persectionem
1918 3096 122 67 est
1988 3096 227 67 accedens,
2145 3096 122 67 purio

454 3154 100 66 ri
504 3154 183 66 dicatur
637 3154 216 66 albedine,
803 3154 149 66 tanto
903 3154 216 66 candidior
1069 3154 116 66 hoc
1135 3154 116 66 est
1201 3154 166 66 albior
1318 3154 166 66 formae
1434 3154 249 66 assignetur.
1633 3154 133 66 Quod
1716 3154 166 66 reuera
1832 3154 166 66 auctor
1949 3154 133 66 ille
2032 3154 116 66 sex
2081 3154 183 66 principio

447 3201 142 91 rum
528 3201 285 91 intendebat
752 3201 264 91 proferre:
955 3201 163 91 quod
1057 3201 163 91 bene
1159 3201 224 91 apparet
1321 3201 142 91 per
1403 3201 244 91 exemplum
1586 3201 122 91 de
1647 3201 183 91 magis
1769 3201 102 91 &
1810 3201 183 91 minus
1932 3201 244 91 secundum
2094 3201 163 91 gradus
