2478 3693
471 220 190 104 maticam
609 220 86 104 &
644 220 156 104 alios
747 220 225 104 affectus.
920 220 121 104 Sed
989 220 156 104 tamen
1093 220 104 104 ea
1145 220 138 104 quae
1231 220 207 104 secundum
1387 220 121 104 eos
1456 220 207 104 affectus
1611 220 225 104 dicuntur,
1784 220 277 104 indubitanter
2009 220 225 104 recipiunt
2182 220 121 104 ma-

472 320 112 71 gis
536 320 80 71 &
568 320 161 71 minus.
681 320 289 71 grammaticalior
921 320 128 71 enim
1002 320 80 71 &
1034 320 177 71 iustior
1162 320 144 71 alter
1259 320 161 71 altero
1371 320 193 71 dicitur,
1515 320 80 71 &
1548 320 177 71 sanior,
1676 320 80 71 &
1708 320 112 71 sic
1772 320 96 71 in
1820 320 161 71 aliis.
1933 320 80 71 &
1965 320 128 71 haec
2045 320 112 71 est
2109 320 161 71 opinio
2206 320 64 71 ve

479 352 111 87 ra.
543 352 111 87 SED
606 352 143 87 quare
701 352 190 87 secundum
844 352 174 87 quaedam
971 352 222 87 substantia
1145 352 190 87 dicuntur
1288 352 143 87 magis
1383 352 79 87 &
1415 352 159 87 minus:
1526 352 95 87 et
1573 352 111 87 non
1637 352 190 87 secundum
1779 352 143 87 omnia
1875 352 143 87 eius:
1970 352 111 87 non
2033 352 111 87 est
2097 352 127 87 alia
2160 352 111 87 causa

483 410 195 84 quaerenda
633 410 120 84 quam
708 410 210 84 praedicta,
873 410 90 84 vt
918 410 135 84 infra
1008 410 165 84 amplius
1128 410 180 84 patebit.
1263 410 165 84 Propter
1383 410 120 84 quid
1457 410 135 84 dicit
1547 410 225 84 philosophus
1727 410 90 84 in
1772 410 150 84 decimo
1877 410 210 84 Ethicorum.
2042 410 165 84 Sanitas
2162 410 135 84 deter

471 461 173 86 minata
592 461 207 86 existens
747 461 190 86 recipit
885 461 155 86 magis
989 461 86 86 &
1023 461 173 86 minus.
1144 461 242 86 Intelligo,
1334 461 259 86 determinata
1541 461 207 86 existens
1696 461 138 86 sine
1783 461 242 86 receptione
1973 461 138 86 eius
2059 461 138 86 quod
2145 461 121 86 est
2197 461 69 86 ma

478 516 108 83 gis
539 516 77 83 &
570 516 139 83 minus
663 516 93 83 in
709 516 108 83 sua
771 516 201 83 essentia,
926 516 170 83 recipit
1050 516 139 83 magis
1142 516 77 83 &
1173 516 139 83 minus
1266 516 93 83 in
1312 516 201 83 subiecto.
1467 516 124 83 quid
1544 516 93 83 ad
1591 516 170 83 literam
1714 516 216 83 intelligit
1884 516 247 83 philosophus,
2085 516 155 83 siquis
2194 516 108 83 in-

486 566 179 82 spiciat.
621 566 90 82 Id
665 566 134 82 etiam
755 566 120 82 quod
830 566 90 82 in
875 566 90 82 se
919 566 179 82 secundum
1054 566 120 82 suam
1129 566 194 82 essentiam
1278 566 164 82 dicitur
1397 566 179 82 secundum
1532 566 134 82 magis
1622 566 75 82 &
1651 566 149 82 minus,
1756 566 105 82 non
1816 566 164 82 semper:
1935 566 105 82 sed
1995 566 194 82 aliquando
2144 566 90 82 in
2174 566 90 82 sub-

474 624 156 72 iecto
577 624 190 72 dicitur
716 624 207 72 secundum
871 624 156 72 maius
975 624 86 72 &
1010 624 173 72 minus.
1131 624 86 72 &
1165 624 121 72 hoc
1235 624 173 72 quando
1356 624 121 72 per
1425 624 207 72 accidens
1580 624 104 72 se
1632 624 259 72 commensurat
1840 624 242 72 quantitati
2030 624 156 72 molis
2134 624 104 72 in
2168 624 104 72 sub-

488 681 173 79 iecto,s
614 681 110 79 non
677 681 126 79 enim
756 681 189 79 iustitia
898 681 189 79 secundum
1040 681 205 79 subiectum
1197 681 173 79 dicitur
1323 681 142 79 maior
1418 681 110 79 vel
1481 681 158 79 minor,
1591 681 142 79 sicut
1686 681 173 79 dicitur
1812 681 173 79 albedo.
1938 681 110 79 CVM
2001 681 158 79 igitur
2111 681 95 79 vt
2143 681 126 79 dictum

478 740 129 69 est,
558 740 129 69 omne
639 740 129 69 quod
719 740 209 69 subiectum
880 740 145 69 facit
976 740 129 69 dici
1057 740 193 69 secundum
1202 740 145 69 magis
1298 740 80 69 &
1330 740 161 69 minus,
1443 740 96 69 in
1491 740 96 69 se
1539 740 225 69 necessario
1716 740 177 69 dicitur
1845 740 193 69 secundum
1990 740 145 69 maius
2086 740 96 69 et
2134 740 161 69 minus:

473 785 120 81 sed
541 785 120 81 non
610 785 222 81 econuerso
781 785 137 81 omne
866 785 137 81 quod
952 785 205 81 secundum
1105 785 103 81 se
1157 785 188 81 dicitur
1294 785 154 81 maius
1396 785 85 81 &
1430 785 171 81 minus,
1550 785 154 81 facit
1653 785 188 81 aliquid
1789 785 154 81 aliud
1892 785 137 81 dici
1977 785 205 81 secundum
2131 785 154 81 magis
2217 785 51 81 &

485 839 181 79 minus:
611 839 108 79 ad
665 839 217 79 sciendum
828 839 217 79 secundum
990 839 144 79 quae
1081 839 90 79 &
1117 839 181 79 qualia
1243 839 162 79 entia
1351 839 217 79 dicuntur
1514 839 181 79 aliqua
1640 839 217 79 secundum
1803 839 162 79 magis
1911 839 90 79 &
1947 839 181 79 minus:
2073 839 90 79 &
2091 839 181 79 secundum

481 898 132 82 quae
564 898 83 82 &
597 898 165 82 qualia
713 898 132 82 non:
795 898 281 82 intelligendum
1026 898 132 82 quod
1109 898 99 82 in
1159 898 182 82 entibus
1291 898 182 82 quaedam
1423 898 99 82 ex
1472 898 116 82 sua
1538 898 165 82 natura
1654 898 83 82 &
1687 898 198 82 essentia
1836 898 132 82 sunt
1918 898 248 82 determinata
2116 898 99 82 in
2149 898 116 82 gradu

478 947 181 78 naturae
609 947 132 78 suae
692 947 82 78 &
724 947 230 78 essentiae,
906 947 99 78 vt
955 947 99 78 in
1004 947 181 78 termino
1136 947 263 78 indiuisibili
1350 947 280 78 magnitudinis,
1581 947 148 78 citra
1679 947 115 78 vel
1745 947 148 78 vltra
1844 947 132 78 quem
1926 947 115 78 non
1992 947 181 78 existit
2124 947 181 78 natura.

487 1006 133 71 Alia
571 1006 133 71 vero
654 1006 100 71 ex
704 1006 166 71 natura
820 1006 83 71 &
853 1006 200 71 essentia
1003 1006 116 71 sua
1070 1006 116 71 non
1136 1006 133 71 sunt
1220 1006 250 71 determinata
1419 1006 100 71 in
1469 1006 150 71 gradu
1569 1006 216 71 essentiae
1735 1006 83 71 &
1769 1006 200 71 naturae,
1919 1006 100 71 vt
1968 1006 100 71 in
2018 1006 183 71 termino
2152 1006 150 71 indi-

487 1055 212 73 uisibili
647 1055 301 73 magnitudinis:
894 1055 124 73 sed
965 1055 106 73 in
1018 1055 248 73 latitudine
1213 1055 195 73 quadam.
1354 1055 142 73 Quae
1443 1055 159 73 autem
1549 1055 142 73 sunt
1637 1055 106 73 de
1690 1055 159 73 primo
1796 1055 177 73 genere
1920 1055 195 73 entium,
2062 1055 212 73 secundum
2203 1055 71 73 ea

484 1105 146 85 nihil
581 1105 178 85 dicitur
710 1105 194 85 secundum
856 1105 146 85 magis
953 1105 113 85 vel
1018 1105 162 85 minus:
1131 1105 129 85 quia
1212 1105 97 85 in
1260 1105 194 85 quocuque
1406 1105 162 85 habent
1519 1105 146 85 esse,
1616 1105 113 85 non
1681 1105 129 85 sunt
1762 1105 97 85 in
1810 1105 97 85 eo
1859 1105 129 85 nisi
1940 1105 97 85 in
1988 1105 146 85 eodem
2085 1105 146 85 gradu
2182 1105 113 85 in-

489 1163 228 84 diuisibili
668 1163 277 84 magnitudinis.
897 1163 82 84 &
929 1163 147 84 tales
1027 1163 131 84 sunt
1109 1163 147 84 omnes
1207 1163 163 84 formae
1321 1163 277 84 immateriales:
1549 1163 98 84 de
1598 1163 163 84 quibus
1712 1163 277 84 principaliter
1941 1163 261 84 intelligitur
2136 1163 131 84 dictum

495 1218 219 81 philosophi
667 1218 94 81 in
714 1218 172 81 septimo
840 1218 266 81 Metaphysicae:
1059 1218 125 81 quod
1137 1218 94 81 se
1184 1218 156 81 habent
1293 1218 141 81 sicut
1387 1218 172 81 numeri:
1512 1218 110 81 ita
1575 1218 125 81 quod
1653 1218 141 81 sicut
1747 1218 188 81 secundum
1888 1218 156 81 gradus
1997 1218 266 81 indiuisibiles
2200 1218 63 81 de

491 1268 242 73 terminatur
681 1268 190 73 species
819 1268 242 73 numerorum,
1009 1268 224 73 quaelibet
1181 1268 138 73 enim
1268 1268 173 73 vnitas
1389 1268 294 73 indiuisibilis
1630 1268 104 73 in
1682 1268 173 73 numero
1803 1268 207 73 apposita
1958 1268 121 73 aut
2027 1268 173 73 remota
2131 1268 138 73 variat

485 1334 87 62 &
519 1334 242 62 determinat
710 1334 208 62 speciem.
865 1334 104 62 Et
917 1334 104 62 si
969 1334 104 62 in
1021 1334 138 62 tali
1108 1334 156 62 gradu
1211 1334 260 62 determinato
1419 1334 104 62 se
1471 1334 173 62 habeat
1592 1334 173 62 natura
1713 1334 104 62 in
1765 1334 173 62 formis
1886 1334 329 62 substantialibus
2163 1334 138 62 natu

491 1379 205 76 ralibus:
645 1379 137 76 tunc
730 1379 119 76 non
798 1379 119 76 est
866 1379 154 76 magis
969 1379 85 76 &
1003 1379 154 76 minus
1105 1379 205 76 secundum
1259 1379 171 76 formas
1378 1379 307 76 substantiales.
1634 1379 137 76 Quod
1720 1379 102 76 de
1771 1379 171 76 primis
1891 1379 171 76 formis
2010 1379 205 76 asserit:
2164 1379 102 76 de
2198 1379 68 76 se

486 1431 189 73 cundis
618 1431 151 73 non:
712 1431 132 73 cum
788 1431 170 73 dicit
901 1431 113 73 in
957 1431 189 73 octauo
1089 1431 320 73 Metaphysicae.
1353 1431 283 73 Quemadmodum
1580 1431 113 73 in
1636 1431 189 73 numero
1768 1431 132 73 non
1843 1431 132 73 est
1919 1431 170 73 magis
2032 1431 94 73 &
2070 1431 189 73 minus:
2183 1431 94 73 si-

485 1496 176 68 militer
613 1496 112 68 nec
677 1496 96 68 in
725 1496 224 68 substantia
901 1496 128 68 quae
982 1496 112 68 est
1046 1496 144 68 quasi
1142 1496 160 68 forma:
1254 1496 128 68 nisi
1334 1496 112 68 sit
1398 1496 224 68 substantia
1574 1496 128 68 quae
1654 1496 112 68 est
1718 1496 112 68 cum
1782 1496 192 68 materia.
1927 1496 112 68 Vbi
1991 1496 144 68 dicit
2087 1496 160 68 quasi:
2183 1496 96 68 quia

490 1543 229 70 subsistens
670 1543 98 70 in
719 1543 98 70 se
768 1543 115 70 non
833 1543 115 70 est
899 1543 180 70 proprie
1030 1543 164 70 forma:
1144 1543 131 70 quia
1226 1543 147 70 nihil
1324 1543 213 70 informat:
1488 1543 82 70 &
1520 1543 115 70 non
1586 1543 180 70 dicitur
1717 1543 147 70 forma
1815 1543 131 70 nisi
1897 1543 98 70 ab
1946 1543 131 70 actu
2028 1543 245 70 informandi.
2208 1543 65 70 Et

492 1591 124 85 per
563 1591 177 85 eundem
687 1591 159 85 modum
793 1591 106 85 in
846 1591 230 85 relatione
1023 1591 159 85 neque
1129 1591 212 85 secundum
1288 1591 177 85 genus:
1412 1591 159 85 neque
1518 1591 212 85 secundum
1678 1591 195 85 aliquam
1819 1591 142 85 eius
1908 1591 195 85 speciem
2049 1591 230 85 accipitur
2208 1591 71 85 ma

488 1645 126 86 gis
560 1645 126 86 aut
632 1645 180 86 minus:
758 1645 162 86 neque
867 1645 216 86 secundum
1029 1645 198 86 species
1173 1645 234 86 aliquorum
1353 1645 198 86 aliorum
1498 1645 379 86 praedicamentorum:
1822 1645 108 86 vt
1876 1645 144 86 sunt
1966 1645 198 86 species
2111 1645 180 86 numeri
2219 1645 54 86 &

484 1699 158 68 omnia
590 1699 263 68 determinata
801 1699 105 68 in
853 1699 246 68 quantitate
1046 1699 211 68 continua
1205 1699 141 68 modo
1292 1699 193 68 numeri,
1433 1699 123 68 vel
1503 1699 123 68 sub
1573 1699 193 68 ratione
1714 1699 263 68 quantitatis
1925 1699 281 68 determinatae
2153 1699 105 68 in
2188 1699 88 68 ter

488 1760 161 73 mino:
596 1760 107 73 vt
649 1760 143 73 sunt
739 1760 215 73 cubitum,
900 1760 251 73 bicubitum,
1097 1760 90 73 &
1133 1760 197 73 caetera
1276 1760 251 73 huiusmodi.
1473 1760 143 73 Vnde
1563 1760 269 73 philosophus
1778 1760 107 73 in
1831 1760 322 73 praedicamentis
2082 1760 197 73 assignans

492 1806 219 81 rationem
656 1806 164 81 quare
765 1806 255 81 qualitates
965 1806 109 81 in
1020 1806 255 81 quantitate
1220 1806 109 81 vt
1275 1806 255 81 triangulus
1475 1806 128 81 vel
1548 1806 291 81 quadrangulus
1785 1806 91 81 &
1822 1806 237 81 huiusmodi
2004 1806 128 81 non
2058 1806 219 81 suscipiunt

498 1860 151 72 magis
599 1860 84 72 &
632 1860 168 72 minus,
750 1860 168 72 dicit.
867 1860 235 72 Quaecumque
1052 1860 134 72 enim
1136 1860 268 72 definitionem
1354 1860 235 72 trianguli,
1539 1860 117 72 vel
1606 1860 185 72 circuli
1740 1860 235 72 recipiunt,
1925 1860 218 72 similiter
2076 1860 201 72 trianguli,

501 1915 120 79 vel
569 1915 188 79 circuli
706 1915 154 79 sunt.
809 1915 239 79 Similiter,
997 1915 120 79 hoc
1065 1915 120 79 est
1133 1915 205 79 secundum
1287 1915 205 79 rationem
1441 1915 188 79 eiusdem
1578 1915 171 79 gradus
1698 1915 85 79 &
1732 1915 188 79 termini
1869 1915 308 79 indiuisibilis.
2125 1915 137 79 Quae
2194 1915 85 79 ve-

493 1973 102 71 ro
544 1973 102 71 ex
595 1973 102 71 se
645 1973 85 71 &
679 1973 169 71 natura
798 1973 119 71 sua
866 1973 119 71 non
933 1973 135 71 sunt
1018 1973 254 71 determinata
1221 1973 102 71 in
1272 1973 152 71 gradu
1374 1973 288 71 indiuisibili:
1611 1973 119 71 aut
1678 1973 135 71 sunt
1763 1973 305 71 determinabilia
2017 1973 102 71 ex
2068 1973 169 71 aliquo
2186 1973 135 71 quid

492 2036 195 59 existit
634 2036 106 59 in
687 2036 177 59 natura
811 2036 159 59 eorum
917 2036 89 59 &
953 2036 213 59 essentia
1112 2036 195 59 tantum:
1254 2036 124 59 aut
1325 2036 124 59 cum
1396 2036 124 59 hoc
1466 2036 106 59 ab
1519 2036 106 59 eo
1573 2036 106 59 in
1626 2036 124 59 quo
1697 2036 266 59 subsistunt.
1909 2036 159 59 Primo
2015 2036 142 59 modo
2086 2036 195 59 quantitas

493 2075 103 79 in
544 2075 103 79 se
596 2075 86 79 &
630 2075 103 79 in
682 2075 172 79 primis
802 2075 137 79 eius
887 2075 223 79 speciebus
1059 2075 137 79 quae
1145 2075 137 79 sunt
1231 2075 206 79 continua
1385 2075 86 79 &
1419 2075 223 79 discreta,
1591 2075 120 79 est
1659 2075 292 79 indeterminata
1900 2075 206 79 secundum
2054 2075 189 79 gradus:
2191 2075 120 79 sed

500 2131 279 76 determinatur
726 2131 209 76 continua
884 2131 227 76 quantitas
1058 2131 122 76 per
1128 2131 209 76 punctum,
1285 2131 87 76 &
1320 2131 209 76 discreta
1477 2131 122 76 per
1547 2131 227 76 vnitatem:
1721 2131 140 76 quae
1809 2131 140 76 sunt
1896 2131 227 76 principia
2071 2131 175 76 eorum:
2193 2131 122 76 non

491 2185 162 75 autem
599 2185 126 75 per
671 2185 252 75 subiectum.
870 2185 144 75 immo
960 2185 252 75 econuerso:
1158 2185 234 75 inquantum
1338 2185 144 75 sunt
1429 2185 216 75 mensurae
1591 2185 288 75 subiectorum.
1825 2185 108 75 Et
1879 2185 144 75 ideo
1969 2185 162 75 neque
2078 2185 108 75 in
2114 2185 162 75 genere:

491 2234 153 76 neque
593 2234 102 76 in
644 2234 170 76 aliqua
763 2234 136 76 eius
848 2234 170 76 specie
967 2234 187 76 dicitur
1103 2234 153 76 magis
1205 2234 85 76 &
1239 2234 153 76 minus
1341 2234 204 76 secundum
1493 2234 272 76 quantitatem:
1714 2234 153 76 licet
1816 2234 153 76 tamen
1918 2234 136 76 haec
2003 2234 221 76 specialis
2156 2234 119 76 ratio

493 2289 120 76 sit
561 2289 103 76 in
613 2289 223 76 aliquibus
784 2289 223 76 speciebus
956 2289 137 76 suis
1042 2289 103 76 vt
1093 2289 120 76 iam
1162 2289 172 76 dictum
1282 2289 120 76 est
1351 2289 103 76 in
1402 2289 206 76 numeris.
1556 2289 292 76 Indeterminata
1797 2289 154 76 autem
1900 2289 189 76 secundo
2037 2289 137 76 modo
2105 2289 172 76 recipien

501 2341 117 82 tia
568 2341 317 82 determinationem
835 2341 100 82 ab
886 2341 100 82 eo
936 2341 100 82 in
986 2341 117 82 quo
1053 2341 150 82 sunt,
1153 2341 134 82 ista
1236 2341 134 82 sunt
1320 2341 200 82 secundum
1470 2341 134 82 quae
1554 2341 184 82 dicitur
1687 2341 150 82 magis
1788 2341 84 82 &
1821 2341 167 82 minus.
1938 2341 134 82 Quod
2021 2341 200 82 exprimit
2172 2341 100 82 in
2205 2341 67 82 de

499 2396 138 79 cimo
585 2396 242 79 Ethicorum:
775 2396 225 79 assignans
948 2396 207 79 rationem
1104 2396 156 79 quare
1207 2396 190 79 sanitas
1346 2396 104 79 in
1398 2396 207 79 subiecto
1553 2396 190 79 recipit
1691 2396 156 79 magis
1795 2396 86 79 &
1830 2396 173 79 minus:
1951 2396 190 79 dicens.
2089 2396 190 79 Sanitas
2210 2396 69 79 de

500 2450 238 80 terminata
683 2450 128 80 ens
756 2450 202 80 recipit
903 2450 165 80 magis
1013 2450 92 80 &
1050 2450 183 80 minus.
1178 2450 128 80 Non
1251 2450 147 80 enim
1343 2450 165 80 eadem
1453 2450 312 80 commensuratio
1710 2450 110 80 in
1765 2450 202 80 omnibus
1911 2450 147 80 est,
2003 2450 165 80 neque
2113 2450 110 80 in
2150 2450 128 80 eodem

499 2506 124 81 vna
570 2506 194 81 quaedam
711 2506 194 81 semper,
852 2506 124 81 sed
923 2506 194 81 remissa
1064 2506 159 81 manet
1170 2506 159 81 vsque
1276 2506 106 81 ad
1329 2506 159 81 quid.
1435 2506 106 81 Et
1488 2506 247 81 intelligit
1682 2506 159 81 vsque
1788 2506 106 81 ad
1841 2506 212 81 terminum
2000 2506 106 81 in
2053 2506 124 81 quo
2123 2506 141 81 nata
2194 2506 88 81 est

503 2557 231 74 deficere.
681 2557 107 74 De
734 2557 196 74 talibus
877 2557 160 74 dicit
983 2557 249 74 Simplicius
1179 2557 213 74 secundum
1339 2557 231 74 Archytam,
1517 2557 142 74 quod
1606 2557 267 74 differenter
1820 2557 160 74 fiunt
1926 2557 320 74 praecedentibus
2175 2557 107 74 pas-

503 2609 203 79 sionibus
655 2609 203 79 alteris.
807 2609 135 79 Quod
891 2609 152 79 tamen
993 2609 186 79 nunquam
1128 2609 169 79 fieret
1246 2609 135 79 nisi
1330 2609 169 79 natura
1449 2609 135 79 ipsa
1533 2609 101 79 in
1584 2609 101 79 se
1634 2609 220 79 existente
1803 2609 101 79 in
1854 2609 270 79 determinato.
2073 2609 118 79 SED
2141 2609 101 79 de
2175 2609 101 79 tali

498 2671 300 75 determinabili
746 2671 124 75 est
816 2671 318 75 distinguendum.
1081 2671 124 75 Aut
1152 2671 141 75 enim
1240 2671 300 75 determinabile
1488 2671 212 75 vniuoce:
1647 2671 124 75 vel
1718 2671 247 75 analogice.
1912 2671 194 75 Secundo
2053 2671 141 75 modo
2124 2671 159 75 substan

510 2724 120 66 tia
578 2724 86 66 &
613 2724 205 66 accidens
766 2724 257 66 comparantur
972 2724 103 66 in
1023 2724 137 66 ente
1109 2724 205 66 secundum
1263 2724 154 66 magis
1365 2724 86 66 &
1399 2724 171 66 minus.
1519 2724 120 66 est
1588 2724 137 66 enim
1673 2724 239 66 substantia
1861 2724 154 66 magis
1964 2724 120 66 ens
2032 2724 137 66 quam
2101 2724 188 66 accidens.

506 2774 98 69 Et
555 2774 114 69 sic
620 2774 131 69 bene
702 2774 180 69 dicitur
832 2774 131 69 quod
914 2774 147 69 magis
1012 2774 82 69 &
1045 2774 163 69 verius
1159 2774 114 69 sit
1224 2774 131 69 esse
1306 2774 114 69 aut
1371 2774 180 69 entitas
1502 2774 245 69 substantiae
1698 2774 131 69 quam
1780 2774 245 69 accidentis:
1976 2774 212 69 inquantum
2123 2774 163 69 scilicet

503 2827 235 75 substantiae
692 2827 188 75 essentia
833 2827 141 75 maior
927 2827 126 75 est:
1006 2827 78 75 &
1037 2827 141 75 habet
1131 2827 220 75 persistere
1304 2827 78 75 &
1335 2827 126 75 esse
1414 2827 94 75 in
1461 2827 173 75 seipsa:
1587 2827 126 75 quam
1665 2827 110 75 sit
1728 2827 188 75 essentia
1869 2827 235 75 accidentis:
2058 2827 126 75 quae
2136 2827 110 75 non
2183 2827 110 75 habet

504 2881 130 71 esse
585 2881 130 71 nisi
666 2881 97 71 in
715 2881 146 71 alio.
812 2881 195 71 Secundum
959 2881 130 71 enim
1040 2881 244 71 philosophum
1235 2881 97 71 in
1284 2881 179 71 septimo
1414 2881 276 71 Metaphysicae,
1641 2881 130 71 alia
1722 2881 81 71 a
1755 2881 227 71 substantia
1934 2881 195 71 dicuntur
2080 2881 162 71 entia:
2194 2881 130 71 quae

498 2935 134 78 sunt
582 2935 150 78 entis
682 2935 134 78 quod
765 2935 117 78 est
832 2935 234 78 huiusmodi.
1016 2935 200 78 scilicet
1166 2935 267 78 substantiae.
1383 2935 100 78 Et
1433 2935 117 78 non
1500 2935 150 78 solum
1600 2935 250 78 comparantur
1801 2935 100 78 in
1851 2935 134 78 ente
1934 2935 200 78 secundum
2085 2935 150 78 magis
2185 2935 83 78 &
2202 2935 83 78 mi-

511 2998 112 64 nus
575 2998 224 64 substantia
751 2998 80 64 &
783 2998 208 64 accidens:
943 2998 112 64 sed
1007 2998 144 64 etiam
1103 2998 176 64 diuersa
1231 2998 224 64 accidentia
1407 2998 80 64 &
1439 2998 192 64 diuersae
1583 2998 256 64 substantiae:
1791 2998 192 64 secundum
1935 2998 128 64 quod
2015 2998 256 64 perfectiorem
2223 2998 96 64 ha

510 3048 125 65 bent
588 3048 94 65 in
635 3048 94 65 se
682 3048 156 65 gradum
791 3048 172 65 naturae
916 3048 78 65 &
947 3048 219 65 essentiae.
1119 3048 172 65 Dicitur
1244 3048 125 65 enim
1322 3048 203 65 quantitas
1478 3048 140 65 magis
1572 3048 109 65 ens
1634 3048 125 65 quam
1712 3048 203 65 qualitas:
1869 3048 78 65 &
1900 3048 187 65 qualitas
2040 3048 125 65 quam
2118 3048 187 65 relatio:
2243 3048 47 65 &

501 3095 245 92 substantiae
697 3095 262 92 incorporales
910 3095 131 92 quam
991 3095 245 92 corporales:
1188 3095 82 92 &
1221 3095 278 92 vniuersaliter
1450 3095 262 92 incorporalia
1662 3095 82 92 &
1695 3095 344 92 intransmutabilia,
1989 3095 131 92 quam
2071 3095 229 92 corporalia
2235 3095 49 92 &
