2502 3684
453 293 123 79 nec
524 293 123 79 per
594 293 264 79 substantiae
805 293 334 79 determinationem
1087 293 141 79 illi
1175 293 158 79 loco:
1281 293 123 79 sed
1351 293 123 79 per
1421 293 229 79 naturalem
1597 293 194 79 naturae
1738 293 176 79 gradum
1861 293 123 79 quo
1932 293 211 79 superius
2090 293 158 79 natum
2178 293 88 79 est

456 358 185 72 influere
595 358 93 72 in
641 358 170 72 inferis
765 358 201 72 virtutem:
919 358 232 72 quemadmodum
1105 358 139 72 facit
1197 358 124 72 vnus
1275 358 170 72 angelus
1398 358 155 72 alteri
1507 358 170 72 angelo.
1630 358 93 72 Et
1677 358 185 72 secundum
1816 358 108 72 hoc
1878 358 108 72 non
1939 358 170 72 proprie
2063 358 108 72 per
2109 358 155 72 accamens

456 411 175 70 dicitur
584 411 159 70 moueri
695 411 207 70 localiter
855 411 159 70 perper
966 411 271 70 applicationem
1190 411 191 70 virtutis
1333 411 96 70 ab
1381 411 112 70 vna
1445 411 144 70 parte
1540 411 144 70 medii
1636 411 96 70 ad
1684 411 159 70 aliam:
1796 411 144 70 sicut
1891 411 112 70 nec
1955 411 112 70 sol
2019 411 175 70 dicitur
2130 411 128 70 moueri

455 464 110 80 per
518 464 189 80 accidens
660 464 94 80 in
707 464 110 80 sua
770 464 220 80 substantia
943 464 110 80 per
1006 464 173 80 medium:
1132 464 142 80 licet
1227 464 189 80 virtutem
1369 464 126 80 suam
1447 464 173 80 vndique
1573 464 173 80 mittat.
1699 464 94 80 Et
1746 464 142 80 multo
1841 464 142 80 minus
1935 464 126 80 quam
2014 464 126 80 sol:
2093 464 205 80 inquantum

454 517 133 79 ille
538 517 200 79 virtutem
688 517 117 79 non
754 517 250 79 multiplicat
954 517 133 79 nisi
1038 517 117 79 per
1104 517 217 79 contactum
1271 517 217 79 naturalem
1438 517 83 79 &
1471 517 217 79 continuam
1638 517 267 79 generationem
1854 517 250 79 procedentem
2054 517 100 79 ab
2104 517 117 79 vna
2154 517 117 79 parte

455 571 155 69 medii
558 571 103 69 ad
610 571 172 69 aliam:
731 571 190 69 Angelus
869 571 138 69 vero
955 571 121 69 non
1024 571 138 69 nisi
1110 571 121 69 per
1179 571 138 69 suum
1265 571 259 69 intellectum
1472 571 86 69 &
1506 571 259 69 voluntatem.
1713 571 103 69 Et
1765 571 121 69 ita
1834 571 103 69 si
1886 571 190 69 angelus
2024 571 207 69 secundum
2162 571 103 69 hanc

463 626 214 79 positionem
631 626 153 79 aliquo
738 626 122 79 modo
814 626 168 79 dicatur
937 626 168 79 moueri:
1059 626 107 79 hoc
1120 626 138 79 solum
1212 626 122 79 erit
1288 626 275 79 accidentaliter
1518 626 107 79 per
1579 626 199 79 accidens:
1732 626 122 79 quia
1808 626 183 79 scilicet
1946 626 153 79 virtus
2053 626 92 79 ab
2099 626 92 79 eo
2129 626 138 79 corpori

458 684 143 65 mobili
558 684 158 65 influxa
673 684 158 65 mouetur
788 684 100 65 per
845 684 186 65 accidens:
988 684 115 65 quia
1060 684 100 65 per
1117 684 143 65 corpus
1218 684 100 65 cui
1275 684 201 65 influitur,
1433 684 72 65 &
1462 684 115 65 ipse
1533 684 100 65 per
1591 684 129 65 illam
1677 684 186 65 virtutem.
1820 684 72 65 &
1849 684 100 65 ita
1906 684 115 65 ipse
1978 684 258 65 accidentaliter
2193 684 100 65 per

457 747 184 58 accidens:
598 747 99 58 non
655 747 127 58 tamen
740 747 269 58 accementalitate
966 747 184 58 existente
1108 747 85 58 in
1150 747 85 58 se
1193 747 113 58 siue
1263 747 85 58 in
1306 747 99 58 sua
1362 747 127 58 suba,
1447 747 99 58 sed
1504 747 85 58 in
1546 747 127 58 alio.
1631 747 71 58 &
1660 747 99 58 hoc
1716 747 127 58 etiam
1801 747 113 58 modo
1872 747 255 58 accamentaliter
2084 747 99 58 per
2127 747 141 58 accidens

458 787 159 69 habet
564 787 141 69 esse
653 787 301 69 determinatiue
900 787 124 69 vbi
971 787 159 69 agit,
1077 787 88 69 &
1113 787 248 69 intercludi
1307 787 265 69 parietibus.
1519 787 124 69 Nec
1590 787 159 69 tamen
1696 787 230 69 negabitur
1873 787 141 69 esse
1961 787 212 69 secundum
2103 787 159 69 substan

457 843 156 77 tiam,
560 843 173 77 absque
681 843 156 77 tamen
785 843 138 77 omni
872 843 311 77 determinatione
1131 843 225 77 vbicumque
1304 843 225 77 operetur.
1477 843 121 77 SED
1546 843 138 77 tunc
1633 843 138 77 quid
1719 843 156 77 esset
1823 843 207 77 dicendum
1978 843 104 77 si
2030 843 190 77 ponatur
2151 843 104 77 esse

463 896 181 73 absque
590 896 163 73 omnis
698 896 217 73 virtutis
861 896 290 73 applicatione
1097 896 91 73 &
1133 896 199 73 actione
1278 896 163 73 circa
1387 896 199 73 aliquod
1532 896 254 73 corporale:
1731 896 199 73 Nunquid
1876 896 217 73 dicendus
2039 896 127 73 est
2093 896 163 73 nusquam

459 967 175 50 esse:
575 967 97 50 &
614 967 136 50 ita
692 967 175 50 nullo
808 967 155 50 modo
905 967 194 50 moueri
1041 967 116 50 de
1099 967 155 50 loco
1196 967 116 50 ad
1255 967 194 50 locum:
1390 967 136 50 Non
1468 967 155 50 enim
1565 967 214 50 mouetur
1720 967 116 50 de
1779 967 155 50 loco
1876 967 116 50 ad
1934 967 175 50 locum
2050 967 214 50 aliquid
2186 967 78 50 ni

454 1003 106 69 si
507 1003 211 69 secundum
666 1003 141 69 quod
754 1003 159 69 habet
860 1003 141 69 esse
948 1003 106 69 in
1001 1003 159 69 loco.
1106 1003 123 69 Hoc
1177 1003 123 69 non
1247 1003 159 69 dico.
1353 1003 123 69 Est
1423 1003 141 69 enim
1511 1003 176 69 contra
1635 1003 123 69 hoc
1705 1003 229 69 articulus
1881 1003 176 69 quidam
2005 1003 211 69 damnatus
2146 1003 123 69 talis

460 1058 136 76 Quia
545 1058 256 76 substantiae
750 1058 221 76 separatae
920 1058 136 76 sunt
1005 1058 187 76 alicubi
1141 1058 119 76 per
1210 1058 273 76 operationem:
1431 1058 85 76 &
1465 1058 136 76 quod
1550 1058 119 76 non
1619 1058 187 76 possunt
1755 1058 170 76 moueri
1874 1058 102 76 ab
1925 1058 187 76 extremo
2062 1058 102 76 in
2096 1058 170 76 extremum

460 1111 116 74 nec
527 1111 100 74 in
577 1111 166 74 medium
693 1111 133 74 nisi
776 1111 133 74 quia
859 1111 183 74 possunt
992 1111 150 74 velle
1092 1111 183 74 operari
1225 1111 100 74 in
1275 1111 133 74 eis:
1358 1111 166 74 error,
1474 1111 100 74 si
1524 1111 266 74 intelligatur
1740 1111 133 74 sine
1823 1111 233 74 operatione
2006 1111 249 74 substantiam
2189 1111 83 74 non

458 1164 142 70 esse
547 1164 106 70 in
600 1164 142 70 loco
689 1164 124 70 nec
759 1164 213 70 transire
919 1164 106 70 de
972 1164 142 70 loco
1061 1164 106 70 ad
1114 1164 177 70 locum.
1238 1164 124 70 Cui
1309 1164 248 70 sententiae
1503 1164 124 70 non
1574 1164 266 70 contradico:
1787 1164 159 70 neque
1893 1164 142 70 nego
1982 1164 195 70 angelum
2123 1164 124 70 per
2176 1164 89 70 ope

466 1223 207 63 rationem
621 1223 138 63 esse
707 1223 104 63 in
759 1223 138 63 loco
845 1223 86 63 &
880 1223 173 63 moueri
1001 1223 104 63 de
1052 1223 138 63 loco
1139 1223 104 63 ad
1190 1223 173 63 locum.
1311 1223 138 63 Quod
1397 1223 155 63 sicut
1501 1223 138 63 mihi
1587 1223 173 63 facile
1708 1223 121 63 est
1777 1223 104 63 ad
1829 1223 224 63 credendum
2001 1223 104 63 de
2053 1223 138 63 esse
2139 1223 104 63 in
2191 1223 104 63 lo

463 1272 124 78 co:
534 1272 229 78 difficile
710 1272 159 78 autem
816 1272 106 78 ad
869 1272 318 78 intelligendum:
1134 1272 106 78 vt
1187 1272 141 78 dixi
1275 1272 106 78 in
1328 1272 282 78 praenominata
1557 1272 265 78 quaestione,
1769 1272 176 78 causam
1892 1272 300 78 difficultatis
2122 1272 141 78 expli-

474 1325 138 71 cans
560 1325 190 71 ibidis:
698 1325 121 71 sic
767 1325 103 71 in
818 1325 224 71 proposita
991 1325 241 71 quaestione
1180 1325 207 71 facilius
1335 1325 121 71 est
1404 1325 138 71 mihi
1491 1325 190 71 credere
1628 1325 190 71 angelum
1766 1325 172 71 absque
1887 1325 138 71 omni
1973 1325 241 71 operatione
2145 1325 121 71 secum

471 1383 126 69 dum
543 1383 144 69 suam
633 1383 269 69 substantiam
848 1383 180 69 moueri
974 1383 108 69 de
1028 1383 144 69 loco
1118 1383 108 69 ad
1171 1383 180 69 locum,
1297 1383 144 69 quam
1387 1383 180 69 valeam
1513 1383 126 69 hoc
1585 1383 287 69 intelligere.
1818 1383 108 69 in
1872 1383 126 69 quo
1944 1383 198 69 impedit
2087 1383 108 69 me
2123 1383 144 69 praeci

479 1444 121 68 pue
548 1444 138 68 quod
634 1444 121 68 non
703 1444 121 68 est
772 1444 138 68 vere
858 1444 155 68 motus
961 1444 86 68 a
996 1444 190 68 termino
1134 1444 103 68 in
1185 1444 207 68 terminum
1340 1444 138 68 nisi
1427 1444 293 68 pertranseundo
1668 1444 190 68 medium.
1806 1444 121 68 lta
1875 1444 138 68 quod
1961 1444 207 68 antequam
2099 1444 172 68 deueniat

476 1488 110 71 ab
531 1488 201 71 extremo
677 1488 110 71 in
731 1488 237 71 extremum,
914 1488 201 71 oportet
1060 1488 146 71 quod
1151 1488 164 71 omnia
1261 1488 219 71 aequalia
1425 1488 146 71 sibi
1516 1488 201 71 inuenta
1662 1488 110 71 in
1717 1488 183 71 medio,
1845 1488 183 71 quorum
1973 1488 146 71 vnum
2064 1488 128 71 est
2119 1488 146 71 omnino

470 1544 169 64 extra
583 1544 169 64 aliud
695 1544 281 64 pertranseat
920 1544 262 64 successiue
1126 1544 150 64 vnum
1220 1544 150 64 post
1313 1544 225 64 alterum.
1482 1544 169 64 Verbi
1594 1544 206 64 gratia,
1744 1544 112 64 si
1801 1544 244 64 magnitudo
1988 1544 206 64 pedalis
2119 1544 150 64 debeat

470 1599 176 73 moueri
594 1599 106 73 ab
647 1599 194 73 extremo
787 1599 141 73 sibi
876 1599 194 73 aequali
1016 1599 106 73 in
1069 1599 123 73 quo
1140 1599 229 73 quiescit,
1316 1599 106 73 in
1369 1599 159 73 aliud
1474 1599 211 73 extremum
1633 1599 141 73 sibi
1721 1599 194 73 aequale
1862 1599 106 73 in
1915 1599 123 73 quo
1985 1599 211 73 quiescit
2126 1599 141 73 simili

473 1653 142 71 ter:
562 1653 89 71 &
598 1653 125 71 sit
669 1653 196 71 spatium
811 1653 178 71 medium
936 1653 160 71 inter
1042 1653 125 71 duo
1114 1653 249 71 tripedale:
1309 1653 196 71 oportet
1452 1653 142 71 quod
1541 1653 160 71 prius
1647 1653 267 71 pertranseat
1861 1653 107 71 in
1914 1653 160 71 medio
2021 1653 125 71 per
2092 1653 160 71 motum
2181 1653 89 71 pri

470 1710 131 64 mum
545 1710 206 64 pedale,
695 1710 94 64 &
733 1710 244 64 postmodum
920 1710 244 64 secundum,
1108 1710 94 64 &
1146 1710 188 64 vltimo
1277 1710 225 64 tertium,
1446 1710 188 64 semper
1577 1710 150 64 vnum
1671 1710 150 64 post
1765 1710 206 64 alterum
1915 1710 94 64 &
1952 1710 131 64 non
2027 1710 131 64 duo
2102 1710 131 64 vel
2158 1710 113 64 tria

477 1760 181 68 simul.
604 1760 127 68 Cum
676 1760 145 68 ergo
766 1760 199 68 angelus
911 1760 109 68 in
965 1760 127 68 sua
1038 1760 253 68 substantia
1237 1760 181 68 omnino
1363 1760 127 68 sit
1436 1760 289 68 impartibilis
1671 1760 90 68 &
1707 1760 308 68 indiuisibilis
1960 1760 90 68 &
1997 1760 253 68 simplicior
2178 1760 90 68 pun

475 1813 142 64 cto:
564 1813 106 64 vt
617 1813 106 64 in
670 1813 284 64 praenominata
901 1813 248 64 quaestione
1096 1813 230 64 expositum
1273 1813 142 64 est:
1362 1813 195 64 oportet
1504 1813 160 64 ergo,
1610 1813 106 64 vt
1663 1813 230 64 videtur:,
1840 1813 160 64 ipsum
1947 1813 160 64 omnia
2053 1813 213 64 aequalia
2195 1813 71 64 si

482 1865 109 68 bi
536 1865 200 68 inuenta
682 1865 109 68 in
737 1865 182 68 medio,
865 1865 182 68 quorum
992 1865 146 68 vnum
1083 1865 128 68 est
1156 1865 164 68 extra
1266 1865 219 68 alterum,
1430 1865 255 68 successiue
1630 1865 255 68 prtransire
1831 1865 146 68 vnum
1922 1865 146 68 post
2013 1865 219 68 alterum,
2177 1865 128 68 an-

487 1921 167 65 tequam
604 1921 200 65 deueniat
754 1921 100 65 ab
804 1921 117 65 vno
871 1921 183 65 extremo
1004 1921 100 65 in
1054 1921 167 65 aliud.
1171 1921 117 65 Cum
1238 1921 133 65 ergo
1321 1921 133 65 sibi
1405 1921 200 65 aequalia
1555 1921 133 65 sunt
1638 1921 300 65 indiuisibilia:
1888 1921 83 65 &
1922 1921 133 65 illa
2005 1921 133 65 sunt
2089 1921 217 65 infinita:

474 1976 113 70 in
531 1976 226 70 quolibet
700 1976 226 70 continuo
869 1976 169 70 etiam
982 1976 207 70 minimo:
1133 1976 226 70 infinita
1302 1976 151 70 ergo
1396 1976 245 70 oporteret
1585 1976 169 70 ipsum
1698 1976 282 70 pertransire
1923 1976 151 70 vnum
2018 1976 151 70 post
2112 1976 207 70 alterum

481 2034 216 69 signando
643 2034 108 69 in
697 2034 144 69 actu
788 2034 216 69 antequam
950 2034 198 69 minimum
1094 2034 198 69 spatium
1239 2034 253 69 transiret.
1437 2034 216 69 Infinita
1599 2034 162 69 autem
1708 2034 144 69 vnum
1798 2034 144 69 post
1888 2034 198 69 alterum
2032 2034 216 69 transiri
2177 2034 90 69 non

482 2093 201 60 possunt
628 2093 146 60 nisi
720 2093 110 60 in
774 2093 201 60 tempore
921 2093 238 60 infinito.
1104 2093 146 60 Ante
1195 2093 146 60 ergo
1287 2093 201 60 elapsum
1433 2093 220 60 temporis
1598 2093 220 60 infiniti
1763 2093 201 60 minimum
1909 2093 201 60 spatium
2055 2093 128 60 non
2110 2093 165 60 transi-

489 2146 136 58 bit,
574 2146 102 58 vt
625 2146 205 58 videtur.
779 2146 102 58 Et
830 2146 205 58 quamquam
983 2146 119 58 non
1052 2146 188 58 apparet
1188 2146 136 58 mihi
1273 2146 205 58 rationis
1427 2146 205 58 solutio:
1580 2146 188 58 nunquam
1716 2146 153 58 tamen
1819 2146 153 58 coget
1921 2146 102 58 ad
1972 2146 290 58 dogmatizandum
2194 2146 85 58 aut

481 2201 278 65 sustinendum
704 2201 130 65 vel
778 2201 278 65 defendendum
1000 2201 148 65 quod
1093 2201 297 65 dogmatizare,
1334 2201 259 65 sustinere,
1538 2201 130 65 vel
1612 2201 241 65 defendere
1797 2201 222 65 prohibet
1964 2201 297 65 pontificalis
2205 2201 111 65 in

493 2245 258 72 terdictio.
695 2245 129 72 PER
769 2245 147 72 haec
861 2245 184 72 patent
990 2245 221 72 obiecta.
1156 2245 221 72 Secundum
1322 2245 221 72 obiectum
1488 2245 276 72 concedendum
1709 2245 147 72 est:
1801 2245 203 72 dicendo
1948 2245 147 72 quod
2040 2245 221 72 secundum
2188 2245 92 72 sen

492 2301 205 63 tentiam
641 2301 223 63 episcopi
809 2301 149 63 illi
902 2301 186 63 angeli
1032 2301 298 63 descendebant
1274 2301 93 63 &
1312 2301 279 63 ascendebant
1535 2301 223 63 secundum
1703 2301 149 63 suam
1796 2301 298 63 substantiam.
2038 2301 130 63 Aut
2112 2301 168 63 forte
2206 2301 74 63 si

494 2354 165 77 placet
609 2354 181 77 dicere,
741 2354 115 77 hoc
807 2354 198 77 fecerunt
955 2354 99 77 in
1005 2354 214 77 assumptis
1169 2354 247 77 corporibus:
1367 2354 115 77 vel
1433 2354 132 77 quod
1516 2354 115 77 hoc
1582 2354 115 77 non
1648 2354 115 77 est
1713 2354 165 77 factum
1829 2354 99 77 in
1878 2354 115 77 rei
1944 2354 214 77 veritate:
2109 2354 115 77 sed
2175 2354 132 77 quod

493 2421 230 54 mysterium
670 2421 124 54 rei
741 2421 195 54 futurae
882 2421 159 54 lacob
989 2421 212 54 ostensum
1148 2421 141 54 fuit
1236 2421 106 54 in
1289 2421 141 54 tali
1378 2421 248 54 imaginaria
1572 2421 212 54 visione.

825 2459 213 71 Equitur
980 2459 116 71 de
1038 2459 136 71 eis
1115 2459 155 71 quae
1212 2459 252 71 pertinent
1406 2459 116 71 ad
1464 2459 252 71 creaturam
1657 2459 290 71 spiritualem
1890 2459 252 71 corpoream
2083 2459 116 71 vt
2141 2459 116 71 ad
2180 2459 97 71 ho-

836 2521 204 62 minem.
978 2521 183 62 Circa
1100 2521 163 62 quam
1202 2521 306 62 quaerebatur
1447 2521 163 62 vnum
1549 2521 265 62 pertinens
1752 2521 122 62 ad
1813 2521 224 62 quendam
1976 2521 224 62 hominem
2119 2521 163 62 singu-

829 2573 176 63 larem
947 2573 254 63 definite:
1143 2573 176 63 Vtrum
1260 2573 196 63 beatus
1397 2573 196 63 Paulus
1534 2573 196 63 potuit
1671 2573 196 63 occidi
1808 2573 157 63 ante
1906 2573 157 63 suam
1984 2573 294 63 conuersionem.

835 2625 172 64 Aliud
949 2625 248 64 pertinens
1140 2625 114 64 ad
1197 2625 153 64 vnum
1293 2625 210 64 hominem
1445 2625 267 64 singularem
1655 2625 286 64 indefinite:
1884 2625 191 64 vVtrum
2018 2625 114 64 in
2075 2625 153 64 isto
2151 2625 134 64 singu

834 2674 135 62 lari
918 2674 286 62 praedestinato
1154 2674 269 62 (demonstrato
1373 2674 236 62 quocumque)
1558 2674 118 62 sit
1625 2674 151 62 ratio
1726 2674 135 62 siue
1810 2674 151 62 causa
1911 2674 135 62 suae
1995 2674 320 62 praedestinatio-

826 2731 167 68 nis.
931 2731 230 68 Tertium
1098 2731 272 68 pertinens
1307 2731 125 68 ad
1369 2731 334 68 communitatem
1641 2731 230 68 hominum
1808 2731 125 68 in
1871 2731 146 68 vna
1955 2731 272 68 ciuitate:
2143 2731 146 68 Vtrum

834 2786 172 69 bonum
948 2786 134 69 sit
1025 2786 172 69 omnia
1139 2786 153 69 esse
1235 2786 229 69 communia
1406 2786 114 69 in
1464 2786 248 69 ciuitate.
1654 2786 153 69 Alia
1750 2786 153 69 vero
1845 2786 210 69 plurima
1998 2786 286 69 pertinebant
2208 2786 76 69 ge

482 2845 263 61 neraliter
684 2845 121 61 ad
745 2845 223 61 hominum
907 2845 364 61 vniuersitatem.
1210 2845 182 61 ClRca
1331 2845 202 61 primum
1473 2845 263 61 arguitur:
1675 2845 162 61 quod
1776 2845 202 61 Paulus
1918 2845 162 61 ante
2019 2845 162 61 suam
2100 2845 182 61 conuer-

501 2894 170 70 sionem
620 2894 119 70 non
688 2894 170 70 potuit
806 2894 187 70 occidi:
942 2894 136 70 quia
1027 2894 136 70 fuit
1112 2894 305 70 praedestinatus
1366 2894 102 70 ad
1417 2894 288 70 conuersionem:
1654 2894 85 70 &
1688 2894 102 70 si
1739 2894 136 70 tunc
1824 2894 187 70 occisus
1960 2894 204 70 fuisset,
2095 2894 187 70 conuersus

501 2956 127 59 non
573 2956 218 59 fuisset:
737 2956 91 59 &
773 2956 236 59 impeditus
955 2956 200 59 fuisset
1100 2956 381 59 praedestinationis
1427 2956 236 59 effectus:
1609 2956 145 59 quod
1700 2956 127 59 est
1772 2956 291 59 impossibile.
2009 2956 200 59 CONtra.
2136 2956 145 59 Status

501 3004 192 74 peccati
640 3004 122 74 non
710 3004 175 74 tollit
833 3004 315 74 possibilitatem
1095 3004 210 74 naturae:
1252 3004 140 74 immo
1340 3004 157 74 causa
1445 3004 122 74 est
1515 3004 157 74 eius:
1620 3004 175 74 potuit
1742 3004 140 74 ergo
1829 3004 105 74 in
1882 3004 157 74 statu
1987 3004 140 74 illo
2074 3004 192 74 peccati
2197 3004 87 74 oc-

506 3060 149 60 cisus
606 3060 182 60 fuisse.
738 3060 199 60 QVAEstio
888 3060 133 60 ista
971 3060 149 60 nihil
1070 3060 149 60 pilus
1169 3060 282 60 difficultatis
1402 3060 149 60 habet
1501 3060 99 60 de
1551 3060 149 60 Pauli
1650 3060 215 60 occisione
1816 3060 133 60 ante
1899 3060 133 60 suam
1982 3060 265 60 conuersionem
2181 3060 99 60 quam

500 3115 86 69 de
543 3115 186 69 quocumque
686 3115 114 69 alio
757 3115 100 69 non
814 3115 129 69 facto
900 3115 157 69 tempore
1014 3115 143 69 aliquo
1115 3115 86 69 si
1157 3115 186 69 potuisset
1300 3115 129 69 prius
1386 3115 143 69 fuisse
1486 3115 157 69 factum.
1601 3115 86 69 Et
1644 3115 100 69 est
1701 3115 172 69 absolute
1829 3115 186 69 dicendum:
1972 3115 114 69 quod
2044 3115 143 69 Paulus
2144 3115 114 69 ande
2201 3115 86 69 suam

502 3166 247 80 conuersionem
702 3166 154 80 potuit
810 3166 154 80 occidi
918 3166 123 80 quia
995 3166 154 80 mortal
1103 3166 123 80 erat
1180 3166 77 80 &
1211 3166 231 80 corporalis.
1396 3166 108 80 Nec
1457 3166 108 80 est
1519 3166 139 80 inhoc
1612 3166 170 80 aliquid
1735 3166 200 80 obscurum:
1889 3166 123 80 nisi
1966 3166 123 80 quia
2043 3166 93 80 ad
2074 3166 216 80 conuersionem
