2439 3725
192 328 241 94 condignam
378 328 204 94 propter
526 328 148 94 quam
618 328 167 94 fiunt
729 328 204 94 quantum
877 328 130 94 est
951 328 111 94 ex
1007 328 167 94 parte
1118 328 241 94 subiecti,
1303 328 148 94 sine
1395 328 130 94 qua
1469 328 222 94 iustitia
1636 328 130 94 dei
1710 328 148 94 illa
1802 328 167 94 fieri
1913 328 130 94 non

193 419 239 56 exigeret:
377 419 166 56 licet
487 419 129 56 non
561 419 129 56 sit
634 419 166 56 causa
745 419 110 56 ex
800 419 166 56 parte
910 419 129 56 dei
984 419 166 56 quare
1094 419 110 56 ea
1150 419 166 56 agat:
1260 419 129 56 sed
1334 419 239 56 solummodo
1518 419 110 56 vt
1573 419 184 56 dictum
1702 419 147 56 est,
1794 419 129 56 sua
1849 419 147 56 ipsius

195 472 236 65 iustitia.
376 472 145 65 Illa
467 472 163 65 autem
576 472 109 65 ex
630 472 163 65 parte
739 472 218 65 bonorum:
902 472 145 65 alia
993 472 163 65 circa
1101 472 163 65 bonum
1210 472 181 65 primae
1337 472 218 65 gratiae:
1500 472 91 65 &
1537 472 145 65 alia
1627 472 163 65 circa
1736 472 163 65 bonum
1827 472 163 65 gratiae

199 523 270 64 vlterioris
411 523 173 64 vsque
526 523 116 64 ad
584 523 212 64 gloriam
738 523 308 64 consummatam.
988 523 154 64 Post
1085 523 193 64 primam
1220 523 154 64 enim
1316 523 212 64 gratiam
1470 523 193 64 gratum
1605 523 250 64 facientem
1778 523 212 64 quodlibet

200 582 190 64 gratiae
338 582 224 64 augmentum
510 582 103 64 in
562 582 241 64 praesenti,
752 582 86 64 &
786 582 259 64 consummatio
993 582 138 64 eius
1079 582 103 64 in
1131 582 190 64 futuro,
1269 582 172 64 causam
1390 582 155 64 habet
1493 582 103 64 in
1545 582 155 64 nobis
1648 582 241 64 meriteriam
1838 582 103 64 de
1890 582 121 64 di-

200 641 137 66 gno:
285 641 137 66 opus
371 641 205 66 scilicet
525 641 205 66 elicitum
679 641 86 66 a
713 641 171 66 libero
833 641 205 66 arbitrio
987 641 103 66 in
1039 641 223 66 adiutorio
1210 641 188 66 gratiae
1347 641 274 66 praecedentis
1569 641 154 66 vsque
1672 641 103 66 ad
1723 641 171 66 primam
1826 641 154 66 gratiam

201 696 173 55 gratum
322 696 242 55 facientem.
512 696 138 55 Illa
599 696 138 55 enim
685 696 121 55 non
754 696 156 55 habet
858 696 104 55 in
910 696 156 55 nobis
1014 696 173 55 causam
1135 696 242 55 meritoriam
1325 696 156 55 vllam
1429 696 190 55 omnino:
1568 696 138 55 quia
1654 696 173 55 gratis
1775 696 138 55 data
1845 696 138 55 condo-

195 739 122 67 nat
264 739 210 67 peccata:
422 739 87 67 &
457 739 227 67 praecedit
632 739 175 67 primum
754 739 157 67 motum
859 739 175 67 liberi
981 739 210 67 arbitrii
1139 739 262 67 meritorium.
1349 739 192 67 Dicente
1488 739 227 67 Augustino
1663 739 157 67 super
1768 739 157 67 illud
1856 739 122 67 psal.

198 796 192 60 quinti.
337 796 157 60 Scuto
442 796 157 60 bonae
547 796 245 60 voluntatis
739 796 157 60 tuae.
844 796 140 60 Bona
931 796 210 60 voluntas
1089 796 122 60 dei
1159 796 227 60 praecedit
1333 796 157 60 bonam
1438 796 245 60 voluntatem
1630 796 192 60 nostram
1770 796 105 60 vt
1805 796 175 60 peccato-

192 841 115 68 res
257 841 148 68 vocet
356 841 99 68 in
405 841 280 68 poenitentiam.
636 841 132 68 ldem
718 841 132 68 supe
800 841 148 68 illud
899 841 148 68 psal.
998 841 148 68 xvii.
1097 841 214 68 Retribuet
1261 841 132 68 mihi
1343 841 197 68 secundum
1491 841 214 68 iustitiam
1656 841 148 68 meam.
1755 841 148 68 Bonae
1837 841 148 68 volunta

191 901 139 56 tis:
277 901 139 56 quae
364 901 156 56 prior
468 901 190 56 tribuit
606 901 294 56 misericordiam
849 901 208 56 antequam
1004 901 190 56 haberem
1143 901 156 56 bonam
1247 901 260 56 voluntatem.
1455 901 139 56 Vnde
1541 901 156 56 prima
1645 901 173 56 gratia
1766 901 156 56 datur
1870 901 104 56 ex
1905 901 69 56 me

201 955 96 62 ra
249 955 273 62 misericordia.
474 955 177 62 Secunda
603 955 145 62 autem
699 955 96 62 ex
747 955 209 62 iustitia,
908 955 129 62 quia
988 955 177 62 meretur
1117 955 96 62 ex
1165 955 161 62 prima.
1277 955 193 62 Secundum
1422 955 129 62 quod
1502 955 145 62 dicit
1598 955 225 62 Augustinus
1775 955 145 62 super
1872 955 145 62 illud

199 1009 166 59 psal.
309 1009 221 59 septimi.
475 1009 184 59 lustum
603 1009 258 59 adiutorium
806 1009 147 59 meum
898 1009 92 59 a
934 1009 202 59 domino.
1082 1009 129 59 Duo
1155 1009 147 59 sunt
1247 1009 202 59 officia
1394 1009 258 59 medicinae.
1597 1009 147 59 Vnum
1689 1009 129 59 quo
1762 1009 202 59 sanatur
1909 1009 110 59 in

193 1066 235 64 firmitas.
373 1066 198 64 Alterum
518 1066 126 64 quo
590 1066 198 64 sanitas
734 1066 271 64 custoditur.
951 1066 162 64 luxta
1059 1066 162 64 illud
1167 1066 180 64 primum
1293 1066 216 64 dicitur.
1456 1066 180 64 Saluum
1582 1066 108 64 me
1636 1066 126 64 fac
1708 1066 216 64 secundum
1853 1066 126 64 mise-

190 1116 230 56 ricordiam
367 1116 159 56 tuam.
474 1116 159 56 luxta
580 1116 124 56 hoc
651 1116 213 56 dicitur.
810 1116 177 56 lustum
935 1116 213 56 auxilium
1094 1116 142 56 meum
1183 1116 89 56 a
1218 1116 195 56 domino.
1360 1116 124 56 Ibi
1431 1116 248 56 misericors
1626 1116 230 56 auxilium:
1803 1116 142 56 quia
1874 1116 106 56 nul-

196 1168 126 62 lum
268 1168 163 62 habet
377 1168 199 62 meritum
521 1168 271 62 peccatorum.
738 1168 126 62 Hic
810 1168 163 62 autem
918 1168 181 62 iustum
1045 1168 235 62 auxilium:
1225 1168 144 62 quia
1316 1168 126 62 iam
1388 1168 163 62 iusto
1496 1168 253 62 tribuitur.
1695 1168 108 62 Et
1749 1168 163 62 licet
1840 1168 144 62 iustum

189 1226 115 59 pro
254 1226 98 59 eo
303 1226 131 59 quod
385 1226 131 59 agit
468 1226 115 59 cum
533 1226 164 59 gratia
648 1226 98 59 in
697 1226 180 59 merendo
828 1226 180 59 liberum
960 1226 230 59 arbitrium:
1140 1226 115 59 est
1206 1226 148 59 tamen
1304 1226 230 59 gratuitum:
1485 1226 131 59 quia
1567 1226 82 59 a
1600 1226 164 59 gratia
1714 1226 148 59 habet
1813 1226 131 59 quod
1879 1226 98 59 agit

191 1276 172 58 liberum
316 1276 219 58 arbitrium.
488 1276 172 58 Propter
613 1276 125 58 quid
691 1276 141 58 dicit
785 1276 203 58 Apostolus
942 1276 141 58 Phil.
1035 1276 156 58 primo.
1145 1276 125 58 Deus
1223 1276 109 58 est
1285 1276 109 58 qui
1348 1276 188 58 operatur
1489 1276 94 58 in
1535 1276 141 58 nobis
1629 1276 141 58 velle
1723 1276 78 58 &
1754 1276 203 58 perficere
1895 1276 78 58 pro

192 1334 124 66 sua
263 1334 142 66 bona
352 1334 249 66 voluntate.
548 1334 160 66 Glos.
654 1334 124 66 Non
725 1334 124 66 pro
796 1334 195 66 meritis
938 1334 213 66 nostris.
1098 1334 107 66 Et
1152 1334 160 66 super
1258 1334 160 66 illud
1365 1334 160 66 Phil.
1472 1334 178 66 primo.
1596 1334 124 66 Qui
1667 1334 195 66 incepit
1809 1334 107 66 in
1845 1334 124 66 vobis

185 1381 157 64 bonum
289 1381 157 64 opus,
393 1381 243 64 perficiet.
585 1381 157 64 Glos.
689 1381 104 64 Vt
741 1381 191 64 velimus
880 1381 209 64 operatur
1037 1381 243 64 incipiens,
1228 1381 122 64 qui
1298 1381 243 64 volentibus
1489 1381 243 64 cooperatur
1680 1381 243 64 perficiens
1872 1381 104 64 ad
1906 1381 70 64 bo

186 1441 107 56 na
240 1441 178 56 opera:
364 1441 142 56 sine
453 1441 142 56 illo
541 1441 124 56 nil
612 1441 213 56 valemus.
772 1441 142 56 Haec
861 1441 178 56 igitur
985 1441 160 56 prima
1092 1441 178 56 gratia
1216 1441 178 56 nullam
1341 1441 178 56 causam
1465 1441 160 56 habet
1572 1441 107 56 in
1625 1441 160 56 nobis
1731 1441 249 56 meritoriam
1909 1441 71 56 si

188 1489 130 62 cut
263 1489 168 62 habet
375 1489 224 62 secunda:
542 1489 168 62 habet
654 1489 168 62 tamen
766 1489 186 62 causam
896 1489 205 62 congrui
1045 1489 130 62 non
1120 1489 205 62 propter
1269 1489 168 62 quam:
1381 1489 130 62 sed
1455 1489 149 62 sine
1548 1489 130 62 qua
1623 1489 130 62 non
1698 1489 261 62 conferetur
1884 1489 93 62 vni

196 1549 172 60 prima
311 1549 191 60 gratia
445 1549 191 60 gratum
579 1549 211 60 faciens
732 1549 153 60 quae
828 1549 191 60 alteri
962 1549 268 60 denegatur:
1172 1549 134 60 cum
1249 1549 153 60 apud
1344 1549 153 60 deum
1440 1549 134 60 non
1517 1549 134 60 sit
1593 1549 268 60 personarum
1785 1549 191 60 acceptio

194 1602 154 57 sicut
297 1602 154 57 dicit
399 1602 240 57 apostolus.
588 1602 120 57 Sed
657 1602 240 57 aequaliter
845 1602 154 57 fauet
948 1602 206 57 omnibus:
1102 1602 103 57 vt
1153 1602 154 57 dicit
1256 1602 240 57 Augustinus
1445 1602 103 57 in
1496 1602 223 57 originali
1668 1602 154 57 super
1770 1602 154 57 illud
1856 1602 120 57 psal-

192 1649 121 61 mi.
261 1649 156 61 xvii.
365 1649 104 61 In
417 1649 208 61 circuitu
573 1649 139 61 eius
660 1649 278 61 tabernaculum
886 1649 156 61 eius.
990 1649 139 61 Vnde
1077 1649 104 61 ex
1129 1649 156 61 parte
1233 1649 156 61 vnius
1337 1649 191 61 istorum
1476 1649 243 61 respicitur
1667 1649 191 61 aliquid
1805 1649 139 61 sine
1892 1649 121 61 quo

198 1706 145 56 nullo
295 1706 129 56 modo
375 1706 161 56 alteri
488 1706 145 56 esset
585 1706 274 56 praeferendus:
811 1706 129 56 quid
892 1706 113 56 est
956 1706 145 56 ratio
1053 1706 242 56 praeferendi
1247 1706 145 56 ipsum
1344 1706 178 56 alteri.
1473 1706 81 56 &
1505 1706 113 56 hoc
1570 1706 113 56 non
1634 1706 97 56 ex
1683 1706 145 56 parte
1779 1706 113 56 dei
1844 1706 81 56 &
1860 1706 113 56 respe

189 1752 116 74 ctu
256 1752 150 74 actus
356 1752 133 74 eius
439 1752 100 74 vt
488 1752 116 74 est
555 1752 100 74 ab
605 1752 133 74 ipso
688 1752 83 74 &
721 1752 100 74 in
771 1752 150 74 ipso:
871 1752 116 74 sed
937 1752 100 74 ex
987 1752 150 74 parte
1087 1752 199 74 subiecti
1236 1752 100 74 in
1286 1752 150 74 nobis
1386 1752 83 74 &
1419 1752 199 74 respectu
1568 1752 166 74 actus:
1685 1752 100 74 vt
1734 1752 199 74 effectus
1867 1752 100 74 eius

182 1810 157 58 habet
286 1810 175 58 recipi
409 1810 105 58 in
461 1810 175 58 nobis.
583 1810 122 58 Sed
653 1810 140 58 tale
740 1810 140 58 quid
828 1810 122 58 sit
897 1810 175 58 omnino
1020 1810 157 58 nobis
1124 1810 297 58 inuestigabile
1369 1810 140 58 est:
1456 1810 87 58 &
1491 1810 122 58 est
1561 1810 140 58 opus
1648 1810 192 58 clamare
1788 1810 122 58 cum
1840 1810 140 58 aposto

186 1863 118 73 lo.
254 1863 84 73 O
287 1863 220 73 altitudo.
456 1863 118 73 &c.
524 1863 135 73 Vnde
608 1863 152 73 super
710 1863 152 73 illud
811 1863 186 73 Ephesi.
946 1863 186 73 tertio.
1081 1863 101 73 Vt
1132 1863 203 73 possitis
1284 1863 304 73 comprehendere.
1537 1863 152 73 Glos.
1638 1863 135 73 Quia
1723 1863 135 73 isti
1807 1863 135 73 dat,
1875 1863 101 73 illi

178 1920 133 67 non
254 1920 152 67 dat,
349 1920 114 67 de
406 1920 228 67 profundo
576 1920 266 67 iudiciorum
785 1920 133 67 dei
861 1920 247 67 procedit:
1051 1920 152 67 quod
1145 1920 228 67 scrutari
1316 1920 247 67 nequimus.
1506 1920 228 67 Exemplum
1677 1920 171 67 tamen
1790 1920 133 67 sit
1847 1920 133 67 nobis

184 1975 161 58 circa
292 1975 215 58 habentes
453 1975 144 58 vsum
543 1975 179 58 liberi
668 1975 233 58 arbitrii.
848 1975 144 58 puta
938 1975 144 58 sint
1027 1975 126 58 duo
1099 1975 251 58 peccatores
1296 1975 126 58 vel
1368 1975 251 58 infideles:
1565 1975 179 58 quorum
1691 1975 161 58 corda
1799 1975 179 58 aliquo
1906 1975 72 58 mo

192 2029 106 66 tu
245 2029 194 66 gratiae
387 2029 300 66 praeuenientis
634 2029 212 66 stimulet
793 2029 106 66 ad
846 2029 194 66 aliquod
987 2029 159 66 bonum
1093 2029 247 66 spirituale
1287 2029 247 66 credendum,
1482 2029 88 66 &
1517 2029 141 66 vnus
1605 2029 212 66 respuat,
1746 2029 230 66 recalcitret

194 2080 176 64 statim
318 2080 88 64 &
353 2080 281 64 contradicat,
581 2080 158 64 alter
687 2080 141 64 vero
775 2080 176 64 sistat
898 2080 123 64 nec
968 2080 281 64 contradicat,
1197 2080 123 64 non
1267 2080 141 64 dico
1355 2080 141 64 quod
1443 2080 193 64 aliquem
1584 2080 158 64 motum
1690 2080 106 64 in
1742 2080 158 64 bonum
1830 2080 141 64 elici-

195 2140 121 66 at.
264 2140 121 66 Non
333 2140 121 66 est
403 2140 208 66 congruum
559 2140 139 66 quod
646 2140 295 66 contradicenti
889 2140 87 66 &
923 2140 121 66 non
993 2140 295 66 contradicenti
1235 2140 191 66 aequale
1374 2140 156 66 fiat.
1478 2140 139 66 immo
1565 2140 278 66 contradicens
1791 2140 156 66 forte
1877 2140 87 66 mor

188 2191 198 54 taliter
332 2191 198 54 peccat:
476 2191 90 54 &
512 2191 198 54 meretur
657 2191 288 54 danmnationem
891 2191 144 54 siue
981 2191 306 54 reprobationem
1233 2191 126 54 quo
1305 2191 108 54 ad
1359 2191 216 54 effectum
1521 2191 144 54 eius
1612 2191 126 54 qui
1684 2191 126 54 est
1756 2191 162 54 poena
1846 2191 126 54 aeter

192 2242 125 61 na:
264 2242 161 61 alter
371 2242 143 61 vero
461 2242 161 61 nihil
568 2242 197 61 meretur
712 2242 197 61 omnino:
855 2242 143 61 quia
945 2242 251 61 adiutorium
1142 2242 197 61 gratiae
1285 2242 179 61 gratum
1411 2242 233 61 facientis
1590 2242 125 61 non
1661 2242 161 61 habet
1769 2242 179 61 adhuc.
1876 2242 90 61 Con

195 2302 140 64 gruum
289 2302 140 64 tamen
382 2302 124 64 est,
460 2302 93 64 vt
506 2302 155 64 diuina
615 2302 249 64 liberalitas,
817 2302 202 64 prouideat
973 2302 93 64 ei
1020 2302 140 64 super
1113 2302 202 64 adiutorio
1268 2302 171 64 gratiae
1393 2302 155 64 gratum
1502 2302 202 64 facientis
1657 2302 78 64 &
1688 2302 233 64 condonantis
1859 2302 109 64 pecca

191 2352 111 56 ta:
255 2352 127 56 quae
334 2352 159 56 possit
445 2352 175 56 salutem
572 2352 127 56 suam
651 2352 222 56 promereri:
826 2352 143 56 super
921 2352 111 56 quo
984 2352 111 56 non
1048 2352 111 56 est
1111 2352 143 56 aeque
1206 2352 190 56 congruum
1349 2352 206 56 prouideri
1508 2352 175 56 alteri:
1635 2352 95 56 eo
1682 2352 127 56 quod
1762 2352 222 56 voluntarie
1920 2352 48 56 a

183 2406 178 67 parato
308 2406 268 67 liberaliter
522 2406 214 67 conferre
683 2406 196 67 gratiam
825 2406 107 67 se
879 2406 214 67 auertit:
1039 2406 161 67 alter
1146 2406 161 67 autem
1253 2406 143 67 non.
1343 2406 107 67 Et
1396 2406 125 67 hoc
1468 2406 232 67 reputatur
1646 2406 232 67 conuerti:
1824 2406 107 67 vt
1860 2406 107 67 sibi

183 2461 183 63 peccata
317 2461 266 63 condonentur.
533 2461 150 63 luxta
633 2461 150 63 illud
733 2461 133 63 quid
816 2461 150 63 dicit
916 2461 233 63 Augustinus
1099 2461 150 63 super
1199 2461 283 63 praenominatum
1432 2461 150 63 psal.
1532 2461 233 63 Omnipotens
1715 2461 133 63 deus
1798 2461 150 63 neque
1898 2461 100 63 in

188 2513 278 58 misericordia
414 2513 191 58 amittit
553 2513 226 58 iudicium:
727 2513 156 58 neque
831 2513 104 58 in
883 2513 191 58 iudicio
1022 2513 313 58 misericordiam:
1283 2513 226 58 conversis
1457 2513 104 58 ad
1509 2513 104 58 se
1561 2513 156 58 donat
1665 2513 209 58 peccata:
1822 2513 122 58 non
1874 2513 87 58 con

194 2567 181 61 uersis
320 2567 127 61 non
393 2567 181 61 donat.
519 2567 253 61 Misericors
718 2567 127 61 est
791 2567 235 61 iniustis.
971 2567 199 61 nunquid
1116 2567 90 61 &
1152 2567 217 61 iudicium
1315 2567 199 61 amisit:
1460 2567 127 61 aut
1532 2567 127 61 non
1604 2567 181 61 debuit
1731 2567 217 61 iudicare
1894 2567 108 61 in

184 2617 128 58 ter
257 2617 237 58 conversos
439 2617 91 58 &
476 2617 128 58 non
549 2617 255 58 conuersos:
749 2617 109 58 An
804 2617 164 58 nobis
914 2617 182 58 iustum
1041 2617 201 58 videtur
1187 2617 109 58 vt
1242 2617 237 58 conuersus
1425 2617 91 58 &
1461 2617 128 58 non
1534 2617 237 58 conuersus
1717 2617 255 58 aequaliter
1899 2617 73 58 ha

187 2670 237 61 beantur:
365 2670 119 61 vt
424 2670 178 61 eodem
543 2670 158 61 modo
642 2670 316 61 suscipiantur
899 2670 217 61 humilis
1057 2670 99 61 &
1096 2670 257 61 superbus:
1294 2670 237 61 Secundum
1472 2670 138 61 hoc
1551 2670 158 61 ergo
1650 2670 296 61 descendendo
1887 2670 119 61 ad

185 2730 250 59 quaestionem
386 2730 150 59 dico:
486 2730 134 59 quod
569 2730 100 59 in
619 2730 134 59 isto
703 2730 217 59 singulari
870 2730 284 59 praedestinato
1104 2730 217 59 quocunque
1271 2730 117 59 est
1337 2730 217 59 assignare
1504 2730 167 59 causam
1621 2730 83 59 &
1655 2730 200 59 rationem
1788 2730 184 59 praedesti

187 2787 198 59 nationis
336 2787 149 59 suae.
435 2787 116 59 Non
501 2787 198 59 secundum
650 2787 198 59 rationem
798 2787 116 59 qua
864 2787 132 59 ipsa
947 2787 297 59 praedestinatio
1194 2787 149 59 actio
1293 2787 231 59 voluntatis
1475 2787 116 59 est
1541 2787 99 59 in
1590 2787 314 59 praedestinante:
1854 2787 116 59 sed
1904 2787 66 59 se

180 2837 190 54 cundum
313 2837 228 54 rationem
484 2837 133 54 qua
561 2837 228 54 connotat
732 2837 228 54 effectum
903 2837 228 54 receptum
1074 2837 114 54 in
1132 2837 343 54 praedestinato.
1417 2837 133 54 Non
1493 2837 152 54 dico
1588 2837 190 54 causam
1703 2837 266 54 siuerationem

181 2885 263 73 meritoriam
388 2885 207 73 propter
538 2885 150 73 quam
632 2885 150 73 sit:
726 2885 132 73 sed
801 2885 319 73 congruentiae:
1064 2885 150 73 sine
1158 2885 132 73 qua
1233 2885 150 73 non,
1327 2885 113 73 vt
1384 2885 244 73 expositum
1571 2885 150 73 est.
1665 2885 113 73 AD
1722 2885 225 73 obiectum
1872 2885 94 73 pri

189 2943 116 72 mum
256 2943 132 72 quod
338 2943 182 72 nititur
471 2943 182 72 probare
603 2943 132 72 quod
686 2943 347 72 praedestinationis
984 2943 165 72 causam
1100 2943 99 72 in
1149 2943 116 72 hoc
1215 2943 281 72 praedestinato
1447 2943 116 72 est
1513 2943 215 72 assignare
1679 2943 149 72 sicut
1778 2943 83 72 &
1795 2943 165 72 perfeue-

186 2996 192 71 rantiae:
330 2996 192 71 Dicendum
475 2996 128 71 quod
555 2996 112 71 non
619 2996 112 71 est
683 2996 160 71 omnino
795 2996 144 71 verum
892 2996 144 71 neque
988 2996 176 71 simile.
1116 2996 96 71 ad
1164 2996 144 71 plura
1260 2996 128 71 enim
1341 2996 96 71 se
1389 2996 192 71 extendit
1533 2996 289 71 praedestinatio
1774 2996 128 71 quam
1838 2996 128 71 perse-

187 3044 229 71 uerantia.
364 3044 282 71 Persuerantia
593 3044 141 71 enim
682 3044 124 71 non
752 3044 124 71 est
823 3044 141 71 nisi
911 3044 212 71 respectu
1070 3044 194 71 gloriae
1211 3044 282 71 adipiscendae
1441 3044 106 71 in
1493 3044 194 71 futuro.
1635 3044 124 71 Qui
1705 3044 141 71 enim
1776 3044 194 71 perseuera

192 3097 147 68 uerit
290 3097 147 68 vsque
388 3097 98 68 in
437 3097 164 68 finem,
552 3097 115 68 hic
617 3097 164 68 saluus
732 3097 147 68 erit.
830 3097 295 68 Praedestinatio
1076 3097 131 68 vero
1158 3097 115 68 est
1223 3097 196 68 respectu
1371 3097 180 68 gratiae
1502 3097 229 68 cuiuslibet
1682 3097 262 68 adipiscendae
1895 3097 98 68 in

182 3157 222 61 praesenti
353 3157 154 61 etiam
455 3157 205 61 respectu
609 3157 188 61 primae:
746 3157 137 61 quae
832 3157 137 61 sola
917 3157 120 61 non
985 3157 154 61 habet
1088 3157 171 61 causam
1208 3157 239 61 meritoriam
1396 3157 103 61 ex
1447 3157 154 61 parte
1550 3157 222 61 subiecti:
1721 3157 154 61 sicut
1823 3157 85 61 &
1840 3157 120 61 omnis

190 3212 136 73 alia
275 3212 205 73 sequens,
429 3212 85 73 &
463 3212 153 73 etiam
565 3212 188 73 gloria.
701 3212 102 73 Et
753 3212 188 73 propter
889 3212 153 73 illam
991 3212 170 73 primam
1111 3212 188 73 gratiam
1247 3212 119 73 non
1315 3212 119 73 est
1383 3212 170 73 simile
1503 3212 102 73 de
1554 3212 341 73 praedestinatione
1844 3212 85 73 &
1878 3212 119 73 per
