2494 3661
208 288 96 82 et
256 288 111 82 est
320 288 96 82 ex
367 288 143 82 parte
463 288 239 82 cognitionis
654 288 239 82 differentia
845 288 223 82 solummodo:
1020 288 96 82 vt
1068 288 111 82 cum
1131 288 127 82 homo
1211 288 191 82 differat
1354 288 80 82 a
1386 288 159 82 brutis
1498 288 175 82 tamquam
1625 288 191 82 arbitrio
1768 288 175 82 liberum
1895 288 80 82 a
1911 288 80 82 non

210 364 164 70 libero:
329 364 119 70 tota
403 364 134 70 ratio
493 364 149 70 liberi
597 364 178 70 arbitrii
731 364 178 70 secundum
865 364 134 70 illos
954 364 89 70 ex
998 364 134 70 parte
1088 364 223 70 cognitionis
1266 364 164 70 ponenda
1385 364 119 70 est.
1460 364 104 70 Sed
1519 364 89 70 si
1564 364 104 70 ita
1623 364 149 70 esset:
1727 364 104 70 cum
1787 364 89 70 ex
1831 364 134 70 parte
1906 364 89 70 eius

209 422 283 65 principaliter
442 422 100 65 se
492 422 166 65 tenent
609 422 166 65 virtus
725 422 83 65 &
758 422 183 65 malitia
891 422 100 65 ex
941 422 150 65 parte
1041 422 150 65 cuius
1141 422 116 65 est
1207 422 283 65 principaliter
1440 422 183 65 liberae
1573 422 200 65 actionis
1723 422 216 65 potentia:
1873 422 116 65 magis

213 471 156 66 essent
323 471 188 66 virtutes
463 471 94 66 in
510 471 219 66 cognitione
682 471 125 66 quam
760 471 94 66 in
807 471 234 66 affectione.
995 471 78 66 &
1026 471 156 66 essent
1135 471 188 66 virtutes
1276 471 219 66 scientiae,
1448 471 94 66 vt
1495 471 156 66 posuit
1604 471 203 66 Socrates:
1761 471 109 66 cui
1823 471 94 66 in
1870 471 109 66 hoc
1917 471 78 66 com

212 536 199 62 trariatur
365 536 245 62 Aristoteles:
564 536 138 62 cuius
656 536 215 62 sententiam
825 536 92 62 se
871 536 169 62 credunt
994 536 169 62 imitari
1117 536 184 62 ponentes
1255 536 153 62 dictam
1362 536 215 62 opinionem:
1531 536 123 62 quid
1608 536 107 62 non
1669 536 107 62 est
1730 536 153 62 verum.
1838 536 107 62 SED
1899 536 123 62 quod

206 585 201 58 libertas
357 585 218 58 arbitrii,
525 585 118 58 qua
592 585 101 58 de
643 585 185 58 proximo
777 585 168 58 potest
895 585 134 58 homo
979 585 218 58 acceptare
1146 585 118 58 vel
1214 585 185 58 renuere
1348 585 134 58 quid
1432 585 201 58 cognitio
1583 585 218 58 proponit,
1734 585 252 58 principaliter

219 635 106 66 sit
279 635 91 66 ex
325 635 136 66 parte
415 635 227 66 voluntatis:
596 635 76 66 &
627 635 196 66 praecise:
778 635 151 66 patere
883 635 136 66 nobis
974 635 151 66 maxime
1080 635 151 66 potest
1186 635 106 66 hoc
1246 635 121 66 modo
1321 635 106 66 Cum
1382 635 121 66 enim
1457 635 91 66 ex
1503 635 106 66 hoc
1563 635 151 66 liberi
1669 635 181 66 arbitrii
1805 635 136 66 simus
1895 635 121 66 quod

211 685 170 64 duobus
330 685 237 64 propositis
516 685 136 64 vnum
601 685 203 64 possumus
754 685 237 64 acceptare:
940 685 186 64 alterum
1076 685 136 64 vero
1160 685 220 64 refutare:
1330 685 85 64 &
1364 685 119 64 hoc
1432 685 119 64 est
1499 685 203 64 eligere:
1652 685 186 64 naturam
1788 685 170 64 liberi
1906 685 119 64 ar-

208 742 177 55 bitrii
332 742 106 55 ex
385 742 248 55 electionis
580 742 142 55 actu
669 742 177 55 maxime
793 742 195 55 oportet
935 742 283 55 considerare:
1165 742 106 55 vt
1218 742 124 55 ibi
1289 742 159 55 magis
1395 742 283 55 principalius
1626 742 89 55 &
1661 742 266 55 immediatius
1856 742 124 55 pona-

209 806 108 55 mus
270 806 215 55 libertatem
439 806 200 55 arbitrii:
593 806 108 55 vbi
654 806 138 55 magis
747 806 246 55 principalius
947 806 77 55 &
977 806 231 55 immediatius
1162 806 138 55 habet
1254 806 123 55 esse
1331 806 184 55 electio.
1469 806 108 55 Est
1531 806 154 55 igitur
1638 806 184 55 sciendum
1777 806 123 55 quod
1854 806 92 55 ad
1884 806 108 55 actum

214 845 195 64 electionis
368 845 195 64 concurrit,
521 845 84 64 ex
563 845 126 64 parte
647 845 181 64 intellect
786 845 168 64 scilicet
912 845 98 64 duo
968 845 195 64 eligibilia
1121 845 195 64 proponere:
1275 845 84 64 ex
1317 845 126 64 parte
1401 845 195 64 voluntatis
1554 845 154 64 alterum
1666 845 140 64 alteri
1764 845 195 64 praeferre:
1917 845 70 64 &
1931 845 56 64 si

219 901 167 59 virtuosa
344 901 97 59 sit
400 901 111 59 illa
470 901 153 59 electio
581 901 125 59 illud
665 901 181 59 praeferre
804 901 139 59 libere
901 901 111 59 quid
971 901 97 59 per
1026 901 181 59 consilium
1166 901 167 59 rationis
1291 901 181 59 iudicatum
1430 901 97 59 est
1486 901 111 59 esse
1555 901 153 59 melius.
1667 901 97 59 Non
1723 901 125 59 autem
1806 901 111 59 quod
1862 901 125 59 simpli-

220 952 119 72 citer
299 952 159 72 oporteat
418 952 119 72 illud
498 952 185 72 praeferre,
643 952 106 72 quid
710 952 119 72 tamen
789 952 106 72 illi
855 952 146 72 dicunt.
961 952 172 72 Quocumque
1094 952 119 72 autem
1173 952 106 72 modo
1239 952 93 72 res
1292 952 79 72 se
1332 952 146 72 habeat,
1438 952 93 72 hoc
1491 952 119 72 tamen
1570 952 132 72 certum
1663 952 93 72 est
1716 952 106 72 quod
1782 952 159 72 proptuer
1901 952 119 72 illud

214 1014 103 61 quod
278 1014 141 61 electio
381 1014 141 61 aliquid
484 1014 103 61 hent
548 1014 154 61 rationis
664 1014 141 61 aliquid
766 1014 193 61 voluntatis,
920 1014 116 61 dicit
997 1014 193 61 philosophus
1151 1014 77 61 in
1190 1014 116 61 sexto
1267 1014 180 61 ethicorum:
1408 1014 103 61 quod
1472 1014 141 61 electio
1575 1014 90 61 est
1626 1014 90 61 vel
1678 1014 193 61 intellectus
1819 1014 167 61 appetitiuus

217 1059 106 70 vel
277 1059 197 70 appetitus
429 1059 273 70 intellectiuus,
656 1059 136 70 quasi
747 1059 106 70 sub
808 1059 136 70 dubio
898 1059 151 70 ponens
1004 1059 136 70 vtrum
1095 1059 167 70 electio
1217 1059 242 70 principalius
1413 1059 197 70 pertineat
1565 1059 91 70 ad
1610 1059 212 70 cognitiuam
1777 1059 106 70 vel
1838 1059 91 70 ad
1868 1059 121 70 appeti

210 1116 141 58 tiuam.
309 1116 113 58 quia
379 1116 85 58 si
422 1116 85 58 ad
464 1116 212 58 cognitiuam,
633 1116 113 58 tunc
704 1116 99 58 est
760 1116 212 58 intellectus
930 1116 226 58 appetitiuus.
1113 1116 85 58 si
1155 1116 85 58 ad
1198 1116 212 58 affectiuam,
1367 1116 113 58 tunc
1438 1116 183 58 econuerso
1579 1116 99 58 est
1635 1116 183 58 appetitus
1762 1116 226 58 intellectiuus.

208 1165 113 71 Sed
272 1165 129 71 hanc
353 1165 258 71 dubitationem
562 1165 97 71 ex
611 1165 145 71 parte
707 1165 145 71 prius
804 1165 290 71 determinauerat
1046 1165 97 71 in
1094 1165 161 71 tertio
1207 1165 226 71 ethicorum,
1384 1165 113 71 vbi
1448 1165 145 71 dicit
1545 1165 129 71 quod
1625 1165 177 71 electio
1754 1165 113 71 est
1803 1165 193 71 desiderium

208 1226 256 60 consiliabile.
419 1226 105 60 vbi
479 1226 136 60 dicit
570 1226 241 60 Commentator.
765 1226 121 60 Erit
841 1226 151 60 vtique
946 1226 166 60 electio
1067 1226 196 60 appetitus
1218 1226 136 60 eorum
1308 1226 121 60 quae
1383 1226 90 60 in
1428 1226 136 60 nobis
1519 1226 271 60 consiliatiuus.
1745 1226 166 60 Oportet
1865 1226 151 60 itaque

207 1279 122 62 scire
289 1279 150 62 quoniam
398 1279 190 62 electionis
547 1279 122 62 genus
629 1279 95 62 est
683 1279 95 62 non
738 1279 204 62 simpliciter
901 1279 204 62 intellectus
1064 1279 95 62 vel
1119 1279 190 62 appetitus:
1268 1279 95 62 sed
1323 1279 109 62 quod
1391 1279 109 62 ambo
1459 1279 190 62 commixtim.
1608 1279 109 62 vnde
1676 1279 68 62 &
1703 1279 204 62 philosophus
1853 1279 136 62 probauit

214 1329 132 66 prius
303 1329 88 66 de
347 1329 162 66 vtroque
464 1329 103 66 per
523 1329 88 66 se
567 1329 118 66 quod
641 1329 162 66 electio
758 1329 103 66 nec
817 1329 103 66 est
876 1329 176 66 voluntas
1008 1329 103 66 nec
1067 1329 162 66 opinio.
1185 1329 118 66 Nota
1258 1329 132 66 tamen
1346 1329 118 66 quod
1420 1329 162 66 electio
1537 1329 103 66 cum
1596 1329 206 66 completiue
1758 1329 103 66 sit
1817 1329 132 66 actus
1890 1329 103 66 volum

218 1386 138 65 tatis:
315 1386 96 65 non
370 1386 152 65 dicitur
480 1386 179 65 commixtus
618 1386 83 65 ex
659 1386 165 65 vtroque,
783 1386 110 65 nisi
852 1386 110 65 quia
921 1386 96 65 cum
976 1386 96 65 sit
1031 1386 96 65 per
1086 1386 83 65 se
1127 1386 207 65 voluntatis,
1293 1386 96 65 hoc
1348 1386 124 65 tamen
1430 1386 96 65 non
1485 1386 96 65 est
1540 1386 110 65 sine
1609 1386 193 65 cognitione
1761 1386 220 65 praecedente,
1926 1386 69 65 vel

209 1436 204 63 simplici
362 1436 119 63 vel
430 1436 289 63 deliberatiua.
668 1436 102 63 Sl
718 1436 136 63 ergo
803 1436 187 63 electio
939 1436 289 63 principaliter
1177 1436 204 63 dependet
1330 1436 85 63 a
1364 1436 238 63 voluntate:
1551 1436 85 63 &
1584 1436 136 63 ipsa
1669 1436 102 63 ex
1720 1436 170 63 natura
1839 1436 119 63 sua
1890 1436 102 63 libe

217 1492 86 64 ra
260 1492 115 64 est:
331 1492 72 64 &
360 1492 115 64 quod
431 1492 200 64 principale
589 1492 86 64 in
632 1492 129 64 ipsa,
718 1492 172 64 libertas
847 1492 115 64 eius
918 1492 115 64 est.
990 1492 172 64 Libertas
1119 1492 115 64 ergo
1190 1492 243 64 principaliter
1391 1492 100 64 est
1448 1492 86 64 ex
1491 1492 129 64 parte
1577 1492 215 64 voluntatis:
1749 1492 86 64 vt
1792 1492 86 64 si
1835 1492 129 64 velit
1906 1492 86 64 agat

222 1543 100 62 per
279 1543 215 62 electionem:
451 1543 172 62 sequando
579 1543 172 62 iudicium
708 1543 186 62 rationis,
851 1543 100 62 vel
908 1543 143 62 contra
1008 1543 129 62 ipsum
1094 1543 172 62 sequando
1223 1543 172 62 proprium
1351 1543 200 62 appetitum.
1509 1543 100 62 ita
1566 1543 114 62 quod
1637 1543 86 62 ad
1680 1543 172 62 volendum
1809 1543 129 62 nihil
1881 1543 114 62 faciat

221 1596 202 64 simpliciter
382 1596 121 64 ratio
463 1596 108 64 nisi
531 1596 108 64 quod
598 1596 162 64 proponat
720 1596 189 64 volibilia.
868 1596 121 64 licet
949 1596 81 64 ad
990 1596 162 64 volendum
1111 1596 94 64 per
1165 1596 189 64 electionem
1313 1596 148 64 necesse
1421 1596 94 64 est
1475 1596 189 64 praecedere
1624 1596 162 64 rationis
1745 1596 202 64 sententiam:
1907 1596 108 64 quia

205 1653 143 59 aliter
305 1653 200 59 voluntatis
462 1653 186 59 appetitus
604 1653 100 59 non
662 1653 128 59 esset
747 1653 200 59 electiuus.
904 1653 100 59 Nec
961 1653 143 59 aliter
1061 1653 157 59 proprie
1175 1653 100 59 est
1232 1653 200 59 rationalis
1389 1653 114 59 nec,
1461 1653 157 59 proprie
1575 1653 186 59 voluntas.
1718 1653 171 59 secundum
1846 1653 114 59 quod
1918 1653 100 59 di-

205 1702 107 53 cit
266 1702 214 53 Augustinus
434 1702 138 53 libro
526 1702 107 53 ii.
587 1702 92 53 de
633 1702 168 53 sermone
755 1702 153 53 domini
862 1702 92 53 in
908 1702 168 53 modote.
1031 1702 107 53 Non
1092 1702 107 53 est
1153 1702 184 53 voluntas
1291 1702 122 53 nisi
1367 1702 92 53 in
1413 1702 153 53 bonis.
1520 1702 122 53 vnde
1596 1702 76 53 &
1627 1702 92 53 de
1673 1702 122 53 tali
1749 1702 199 53 voluntate
1887 1702 107 53 dicit

205 1757 201 68 philosophus
365 1757 94 68 lio
419 1757 107 68 iii.
486 1757 188 68 ethicorum.
634 1757 80 68 Ex
674 1757 188 68 consiliari
821 1757 188 68 iudicantes
969 1757 201 68 desideramus
1130 1757 161 68 secundum
1251 1757 188 68 consilium.
1398 1757 80 68 i,
1438 1757 94 68 per
1492 1757 188 68 voluntatem
1639 1757 174 68 consilii,
1773 1757 80 68 vt
1814 1757 121 68 dicit
1881 1757 107 68 Commen

211 1811 147 58 tator.
314 1811 176 58 Apposuit
446 1811 176 58 secundum
579 1811 220 58 voluntatem:
755 1811 118 58 quia
828 1811 206 58 desiderium
990 1811 103 58 ira
1049 1811 73 58 &
1078 1811 264 58 concupiscentia
1298 1811 118 58 sunt
1372 1811 103 58 &c.
1431 1811 103 58 sed
1489 1811 132 58 illae
1578 1811 147 58 quidem
1680 1811 176 58 aliorum.
1813 1811 88 58 vt
1857 1811 132 58 autem
1930 1811 59 58 bo

204 1859 90 63 ni
249 1859 180 63 alicuius
384 1859 210 63 desiderium
550 1859 75 63 &
580 1859 195 63 appetitus
730 1859 195 63 voluntas.
880 1859 105 63 est
941 1859 135 63 tamen
1031 1859 180 63 voluntas
1166 1859 241 63 simpliciter:
1362 1859 120 63 etsi
1437 1859 105 63 sit
1497 1859 210 63 desiderium
1662 1859 150 63 contra
1767 1859 195 63 consilium
1903 1859 90 63 sci-

210 1916 85 70 re
252 1916 183 70 consilio.
393 1916 113 70 Vnde
464 1916 212 70 philosophus
633 1916 99 70 ibi
689 1916 127 70 stati
774 1916 183 70 subiungit
915 1916 212 70 determinans
1084 1916 99 70 hoc
1141 1916 85 70 ex
1183 1916 155 70 aliorum
1296 1916 212 70 sententiis:
1465 1916 141 70 dicens
1564 1916 113 70 quod
1634 1916 169 70 voluntas
1761 1916 155 70 videtur
1860 1916 127 70 quibus-

207 1971 100 66 dam
264 1971 100 66 per
321 1971 86 66 se
364 1971 115 66 boni
436 1971 129 66 esse,
522 1971 129 66 aliis
608 1971 129 66 autem
694 1971 201 66 apparentis
852 1971 129 66 boni.
938 1971 186 66 Contingit
1081 1971 129 66 autem
1168 1971 215 66 voluntabile
1340 1971 100 66 per
1397 1971 86 66 se
1440 1971 129 66 bonum
1526 1971 201 66 dicentibus
1684 1971 100 66 non
1741 1971 115 66 esse
1799 1971 186 66 voluntabile

213 2026 120 55 quod
288 2026 120 55 vult
363 2026 105 55 qui
424 2026 105 55 non
484 2026 135 55 recte
574 2026 135 55 vult.
664 2026 120 55 quia
740 2026 105 55 non
800 2026 105 55 est
860 2026 105 55 per
920 2026 90 55 se
966 2026 151 55 bonum.
1071 2026 151 55 Rursus
1176 2026 181 55 apparens
1312 2026 135 55 bonum
1402 2026 226 55 voluntabile
1583 2026 211 55 dicentibus
1748 2026 105 55 non
1808 2026 105 55 est
1854 2026 135 55 volunta

208 2074 112 70 bile
278 2074 112 70 nisi
348 2074 98 70 per
404 2074 84 70 se
446 2074 140 70 bonum,
545 2074 112 70 quia
615 2074 182 70 quandoque
755 2074 98 70 non
811 2074 154 70 apparet
923 2074 112 70 esse
993 2074 126 70 bonum
1077 2074 238 70 intelligibile
1274 2074 112 70 nisi
1344 2074 98 70 sit
1400 2074 70 70 &
1428 2074 182 70 apparens.
1568 2074 84 70 Et
1610 2074 112 70 quia
1680 2074 196 70 philosopho
1835 2074 140 70 neutra
1919 2074 70 70 opi

215 2131 151 67 nionum
321 2131 106 67 per
381 2131 91 67 se
427 2131 167 67 placet:
548 2131 106 67 sed
609 2131 167 67 aliquid
730 2131 91 67 ex
775 2131 182 67 vtraque:
912 2131 136 67 quasi
1002 2131 182 67 voluntas
1139 2131 106 67 sit
1199 2131 197 67 vtriusque
1351 2131 121 67 boni
1427 2131 91 67 vt
1472 2131 257 67 voluntabilis:
1684 2131 136 67 licet
1775 2131 242 67 diuersimode:

210 2188 211 67 subiungit.
376 2188 90 67 Si
421 2188 136 67 autem
511 2188 106 67 hoc
572 2188 106 67 non
632 2188 166 67 placet,
753 2188 181 67 dicendum
888 2188 121 67 ergo
964 2188 226 67 simpliciter
1145 2188 151 67 quidem
1250 2188 75 67 &
1280 2188 181 67 secundum
1416 2188 196 67 veritatem
1567 2188 226 67 voluntabile
1748 2188 121 67 esse
1823 2188 106 67 per
1883 2188 90 67 se
1914 2188 75 67 bo-

207 2240 114 66 num.
278 2240 186 66 vnicuique
421 2240 129 66 autem
507 2240 114 66 quod
578 2240 171 66 videtur.
707 2240 171 66 studioso
835 2240 129 66 autem
921 2240 171 66 secundum
1050 2240 186 66 veritatem
1193 2240 129 66 esse,
1278 2240 129 66 prauo
1364 2240 129 66 autem
1450 2240 114 66 quod
1521 2240 200 66 contingit.
1679 2240 86 66 Et
1721 2240 129 66 sicut
1807 2240 100 66 est
1864 2240 86 66 de
1893 2240 100 66 volum

203 2295 117 66 tate
276 2295 117 66 quod
350 2295 161 66 proprie
466 2295 102 66 est
525 2295 88 66 de
569 2295 117 66 bono
642 2295 234 66 simpliciter:
832 2295 190 66 similiter
978 2295 132 66 etiam
1065 2295 102 66 est
1124 2295 88 66 de
1168 2295 190 66 apparenti
1314 2295 132 66 bono.
1402 2295 190 66 Similiter
1548 2295 102 66 est
1606 2295 88 66 de
1650 2295 205 66 electione.
1811 2295 88 66 Et
1854 2295 161 66 vtroque

210 2349 114 66 modo
281 2349 242 66 principaliter
480 2349 171 66 pertinet
608 2349 114 66 eius
679 2349 185 66 libertas,
821 2349 100 66 qua
878 2349 100 66 est
935 2349 199 66 principium
1091 2349 171 66 virtutum
1219 2349 71 66 &
1248 2349 213 66 malitiarum,
1418 2349 156 66 proprie
1532 2349 85 66 ad
1575 2349 213 66 voluntatem.
1745 2349 114 66 vnde
1802 2349 185 66 philosophus

203 2401 212 58 assignando:
373 2401 226 58 differentiam
556 2401 198 58 electionis
712 2401 99 58 pro
769 2401 113 58 illa
839 2401 127 58 parte
924 2401 99 58 qua
981 2401 156 58 attinet
1094 2401 184 58 voluntati
1235 2401 85 58 ad
1278 2401 198 58 opinionem,
1433 2401 127 58 dicit
1518 2401 99 58 in.
1575 2401 113 58 iii.
1646 2401 198 58 ethicorum.
1801 2401 85 58 In
1844 2401 170 58 eligendo

203 2453 128 68 bona
283 2453 112 68 vel
347 2453 128 68 mala
426 2453 175 68 quaeles
554 2453 159 68 quidem
665 2453 159 68 sumus,
777 2453 175 68 quoniam
905 2453 128 68 boni
984 2453 112 68 vel
1048 2453 144 68 mali.
1144 2453 96 68 In
1192 2453 191 68 opinando
1335 2453 144 68 autem
1431 2453 128 68 non.
1511 2453 255 68 Commentator,
1718 2453 112 68 non
1782 2453 128 68 enim
1861 2453 112 68 qui
1909 2453 80 68 opi

206 2506 135 56 natur
296 2506 105 56 iam
356 2506 135 56 bonus
446 2506 105 56 non
506 2506 135 56 autem
596 2506 180 56 eligens.
730 2506 120 56 vnde
805 2506 75 56 &
835 2506 90 56 si
880 2506 165 56 proprie
1000 2506 75 56 &
1030 2506 165 56 stricte
1150 2506 165 56 volumus
1270 2506 135 56 loqui
1360 2506 90 56 de
1405 2506 210 56 electionis
1569 2506 210 56 libertate:
1734 2506 120 56 ipsa
1809 2506 90 56 in
1854 2506 120 56 sola
1914 2506 75 56 vo-

212 2562 166 61 luntate
333 2562 121 61 est,
408 2562 75 61 &
438 2562 136 61 nullo
529 2562 121 61 modo
604 2562 91 61 in
649 2562 166 61 ratione
770 2562 121 61 nisi
846 2562 196 61 quaetenus
996 2562 151 61 libere
1102 2562 166 61 mouetur
1223 2562 91 61 ad
1268 2562 166 61 diuersa
1389 2562 241 61 inuestiganda
1585 2562 75 61 a
1615 2562 211 61 voluntate.
1781 2562 136 61 Ratio
1871 2562 121 61 enim
1932 2562 60 61 co

207 2611 166 68 gnitiua
328 2611 197 68 inquantum
479 2611 197 68 huiusmodi
630 2611 151 68 libera
736 2611 106 68 non
797 2611 136 68 est,.
888 2611 212 68 necessario
1054 2611 121 68 enim
1130 2611 166 68 mouetur
1251 2611 227 68 simplicibus
1432 2611 212 68 apphensis.
1599 2611 106 68 nec
1659 2611 106 68 est
1720 2611 91 68 in
1765 2611 121 68 eius
1826 2611 166 68 potestate

204 2664 91 62 ea
249 2664 106 62 non
310 2664 242 62 apprhendere,
507 2664 197 62 similiter
658 2664 106 62 nec
719 2664 227 62 comnexionem
901 2664 182 62 primorum
1037 2664 242 62 principiorum
1234 2664 106 62 per
1294 2664 91 62 se
1340 2664 182 62 notorum:
1476 2664 136 62 neque
1567 2664 212 62 connexioni
1734 2664 242 62 conclusionis
1915 2664 76 62 non

201 2717 232 73 assentire.
384 2717 132 73 quia
466 2717 99 73 si
516 2717 215 73 conclusio
682 2717 182 73 apparet
814 2717 99 73 ei
864 2717 149 73 medio
963 2717 248 73 necessario:
1162 2717 199 73 assentit
1311 2717 99 73 de
1361 2717 265 73 necessitate.
1576 2717 99 73 Si
1626 2717 149 73 medio
1725 2717 215 73 apparenti
1874 2717 116 73 valde

207 2775 96 62 de
255 2775 241 62 necessitate
448 2775 193 62 assentit
593 2775 209 62 opinando.
754 2775 96 62 si
802 2775 209 62 debiliter
963 2775 225 62 apparenti,
1140 2775 225 62 necessario
1317 2775 193 62 assentit
1461 2775 225 62 dubitando:
1638 2775 129 62 nisi
1719 2775 113 62 sit
1783 2775 161 62 medium
1879 2775 113 62 proba

204 2828 154 62 bilius
311 2828 92 62 in
357 2828 231 62 contrarium:
542 2828 92 62 vt
588 2828 138 62 omnis
680 2828 200 62 sententia
834 2828 184 62 rationis
972 2828 92 62 de
1018 2828 169 62 comnexo
1141 2828 231 62 necessitate
1326 2828 246 62 syllogistica
1526 2828 246 62 concludatur.
1726 2828 138 62 Nullo
1818 2828 123 62 modo
1895 2828 123 62 ergo

213 2880 191 68 voluntas
356 2880 222 68 principium
531 2880 222 68 libertatis
705 2880 79 68 a
737 2880 175 68 ratione
864 2880 159 68 habet.
975 2880 111 68 sed
1039 2880 79 68 a
1071 2880 159 68 seipso
1182 2880 159 68 primo.
1293 2880 79 68 &
1325 2880 111 68 sic
1388 2880 175 68 electio
1516 2880 159 68 libera
1627 2880 191 68 virtutes
1770 2880 79 68 &
1801 2880 191 68 malitiae
1928 2880 64 68 mo

208 2939 130 60 rales
294 2939 101 60 non
352 2939 144 60 tantum
452 2939 101 60 non
510 2939 115 60 sunt
582 2939 86 60 in
625 2939 158 60 ratione
740 2939 201 60 cognitiua,
898 2939 86 60 vt
942 2939 86 60 in
985 2939 187 60 subiecto:
1129 2939 101 60 sed
1186 2939 101 60 nec
1244 2939 86 60 vt
1287 2939 86 60 in
1330 2939 130 60 cauam
1416 2939 72 60 &
1445 2939 86 60 in
1488 2939 201 60 principio:
1647 2939 101 60 sed
1704 2939 130 60 solum
1791 2939 130 60 sicut
1877 2939 86 60 in
1906 2939 86 60 occa

205 2987 148 58 sione.
309 2987 192 58 ESTigitur
456 2987 177 58 sciendum
589 2987 118 58 quod
663 2987 177 58 voluntas
796 2987 222 58 tripliciter
973 2987 192 58 flectitur
1121 2987 89 58 ad
1165 2987 162 58 aliquid
1283 2987 207 58 appetendum
1446 2987 118 58 sibi
1519 2987 103 58 per
1579 2987 222 58 cognitionem
1756 2987 222 58 propositum,
1933 2987 89 58 du

205 3043 129 68 obus
285 3043 145 68 modis
382 3043 177 68 sumendo
510 3043 241 68 occasionem,
703 3043 113 68 sed
767 3043 113 68 non
832 3043 145 68 cauam
928 3043 113 68 aut
992 3043 257 68 necessitatem
1201 3043 145 68 vllam
1298 3043 96 68 ab
1346 3043 145 68 alio,
1443 3043 96 68 vt
1491 3043 80 68 a
1523 3043 193 68 ratione.
1668 3043 113 68 Vno
1732 3043 129 68 vero
1812 3043 129 68 modo
1876 3043 113 68 sumen

210 3097 88 64 do
254 3097 146 64 causam
356 3097 73 64 &
385 3097 204 64 occasionem
546 3097 73 64 a
575 3097 146 64 seipsa
677 3097 146 64 solum.
779 3097 102 64 vno
838 3097 117 64 enim
911 3097 117 64 modo
984 3097 190 64 flectitur
1129 3097 88 64 ad
1173 3097 204 64 appetendum
1334 3097 102 64 per
1392 3097 204 64 electionem
1552 3097 88 64 ex
1596 3097 190 64 sententia
1742 3097 146 64 rectae
1830 3097 160 64 rationis.

204 3148 94 71 et
251 3148 109 71 est
314 3148 188 71 voluntas
455 3148 188 71 studiosa
595 3148 78 71 &
627 3148 219 71 principium
799 3148 203 71 virtutum.
955 3148 109 71 dei
1018 3148 125 71 enim
1096 3148 94 71 in
1143 3148 125 71 iii.
1221 3148 219 71 ethicorum.
1393 3148 203 71 Studiosus
1549 3148 172 71 singula
1675 3148 172 71 iudicat
1800 3148 156 71 recte,
1909 3148 78 71 &
1940 3148 94 71 in
