2418 3783
186 311 134 79 esse
270 311 117 79 non
337 311 151 79 actum
438 311 201 79 creandi.
589 311 84 79 &
623 311 201 79 essentia
774 311 84 79 a
807 311 117 79 suo
874 311 235 79 essentiali
1059 311 201 79 respectu
1210 311 185 79 absolui
1344 311 117 79 non
1411 311 185 79 potest,
1546 311 151 79 sicut
1646 311 151 79 neque
1747 311 185 79 materia
1881 311 84 79 a
1898 311 84 79 sua

185 394 295 62 possibilitate
427 394 104 62 ad
479 394 191 62 formam:
618 394 156 62 licet
722 394 173 62 posset
843 394 191 62 absolui
982 394 87 62 a
1016 394 173 62 forma.
1137 394 104 62 AD
1189 394 208 62 Secundum
1345 394 225 62 dicendum:
1519 394 139 62 quod
1605 394 156 62 aliud
1709 394 121 62 est
1761 394 208 62 intellige-

177 437 110 64 re
232 437 201 64 hominem
378 437 128 64 non
451 437 329 64 cointelligendo
725 437 237 64 risibile:
907 437 164 64 aliud
1017 437 146 64 vero
1108 437 274 64 intelligere
1328 437 201 64 hominem
1474 437 292 64 intelligendo
1711 437 164 64 ipsum
1821 437 128 64 non
1876 437 91 64 es-

185 500 102 58 se
236 500 239 58 risibilem.
424 500 170 58 Primum
543 500 119 58 est
611 500 136 58 bene
696 500 239 58 possibile:
884 500 136 58 quia
969 500 256 58 intellectus
1173 500 187 58 separat
1310 500 136 58 quae
1395 500 170 58 natura
1514 500 290 58 inseparabilia
1753 500 153 58 sunt,
1838 500 136 58 secun-

183 555 124 59 dum
254 555 266 59 philosophum
467 555 124 59 in.
538 555 142 59 xii.
627 555 302 59 Metaphysicae.
875 555 124 59 Non
946 555 160 59 tamen
1053 555 213 59 sequitur
1212 555 106 59 ex
1265 555 124 59 hoc
1336 555 142 59 quod
1425 555 266 59 intellectus
1638 555 177 59 potest
1744 555 231 59 intelligere

186 598 132 61 quod
269 598 132 61 deus
352 598 116 61 non
418 598 165 61 potest
534 598 182 61 facere:
666 598 132 61 quia
749 598 248 61 intelligere
947 598 199 61 hominem,
1096 598 116 61 non
1162 598 298 61 cointelligendo
1411 598 132 61 quod
1493 598 116 61 sit
1559 598 232 61 risibilis,
1741 598 116 61 non
1808 598 116 61 est
1857 598 116 61 intel

184 651 178 72 ligere
309 651 143 72 quid
398 651 143 72 sit:
488 651 125 72 sed
559 651 107 72 ad
613 651 196 72 aliquid
755 651 214 72 negatiue
916 651 196 72 dictum.
1059 651 143 72 Vnde
1148 651 125 72 est
1219 651 107 72 in
1273 651 232 72 argumento
1451 651 178 72 figura
1576 651 250 72 dictionis,
1773 651 232 72 commutan-

178 714 106 79 do
231 714 158 79 quid,
337 714 106 79 in
389 714 106 79 ad
442 714 211 79 aliquid.

521 801 212 86 Equuntur
680 801 265 86 quaestiones
892 801 106 86 de
945 801 159 86 illis
1051 801 141 86 quae
1139 801 141 86 sunt
1227 801 106 86 vt
1280 801 212 86 operatio
1439 801 229 86 egrediens
1615 801 88 86 a
1650 801 247 86 substantia
1845 801 123 86 vel
1897 801 71 86 na

520 867 167 73 tura.
632 867 112 73 Et
688 867 167 73 erant
799 867 149 73 duo.
892 867 149 73 Vnum
985 867 242 73 pertinens
1171 867 112 73 ad
1227 867 279 73 electionem.
1450 867 167 73 Aliud
1561 867 149 73 vero
1654 867 112 73 ad
1710 867 186 73 fugam.
1821 867 149 73 Primum

513 923 163 67 erat:
621 923 163 67 Vtrum
730 923 109 67 in
784 923 199 67 aequali
929 923 253 67 facilitate
1128 923 235 67 exequendi
1309 923 217 67 vtrumque
1472 923 145 67 homo
1562 923 181 67 semper
1689 923 199 67 tenetur
1833 923 109 67 ad
1870 923 90 67 me-

514 974 150 72 lius
608 974 263 72 faciendum.
815 974 244 72 Secundum:
1003 974 169 72 vtrum
1115 974 263 72 doctoribus
1322 974 357 72 contrariantibus
1623 974 169 72 circa
1736 974 207 72 aliquod
1867 974 94 72 agi

480 1035 209 64 bilium:
632 1035 95 64 &
670 1035 171 64 agere
784 1035 228 64 secundum
955 1035 152 64 vnam
1050 1035 247 64 opinionem
1241 1035 133 64 est
1317 1035 152 64 sine
1412 1035 152 64 omni
1507 1035 228 64 periculo
1678 1035 228 64 peccati,
1830 1035 133 64 agere

479 1089 142 64 vero
568 1089 213 64 secundum
728 1089 160 64 aliam
835 1089 124 64 est
906 1089 107 64 in
959 1089 160 64 dubio
1066 1089 195 64 peccati
1208 1089 231 64 mortalis:
1386 1089 249 64 mortaliter
1581 1089 178 64 peccet
1705 1089 142 64 ille
1794 1089 124 64 qui
1848 1089 124 64 agit.

494 1137 168 66 illud
607 1137 112 66 de
663 1137 131 66 quo
737 1137 131 66 est
812 1137 187 66 dubium
943 1137 112 66 an
999 1137 131 66 sit
1074 1137 224 66 peccatum
1243 1137 224 66 mortale.
1411 1137 150 66 puta
1504 1137 112 66 in
1560 1137 187 66 emendo
1691 1137 224 66 redditus
1860 1137 112 66 ad
1897 1137 75 66 vi

171 1191 130 59 tam
246 1191 130 59 vel
320 1191 259 59 accipiendo
523 1191 167 59 vltra
635 1191 204 59 fortem.
783 1191 111 59 In
838 1191 130 59 non
912 1191 185 59 emendo
1042 1191 148 59 enim
1135 1191 185 59 certum
1264 1191 130 59 est
1338 1191 130 59 non
1412 1191 148 59 esse
1505 1191 241 59 peccatum.
1690 1191 130 59 Sed
1764 1191 111 59 de
1820 1191 185 59 emendo

179 1244 257 66 intentione
381 1244 257 66 accipiendi
583 1244 165 66 vltra
693 1244 202 66 fortem,
840 1244 184 66 quidam
969 1244 184 66 dicunt
1098 1244 147 66 esse
1190 1244 202 66 vsuram:
1337 1244 92 66 &
1374 1244 129 66 ita
1447 1244 202 66 mortale
1594 1244 239 66 peccatum:
1778 1244 184 66 quidam
1888 1244 74 66 ve

175 1300 111 64 ro
230 1300 148 64 non.
322 1300 277 64 ClRCAprimum
544 1300 240 64 arguitur,
729 1300 148 64 quod
821 1300 148 64 homo
914 1300 222 64 caeteris
1080 1300 203 64 paribus
1228 1300 203 64 tenetur
1376 1300 111 64 ad
1431 1300 203 64 melius:
1579 1300 148 64 quia
1672 1300 185 64 aliter
1783 1300 166 64 poneret

171 1354 183 59 modum
293 1354 122 59 in
354 1354 204 59 amore:
496 1354 163 59 quid
598 1354 142 59 non
680 1354 204 59 licet.
822 1354 285 59 CONTRAtunc
1046 1354 244 59 quilibet
1229 1354 265 59 teneretur
1433 1354 122 59 ad
1494 1354 265 59 consilia.
1697 1354 244 59 DICENdum
1881 1354 122 59 ad

175 1407 138 62 hoc,
261 1407 138 62 quod
347 1407 155 62 licet
450 1407 189 62 peccata
587 1407 189 62 tanquam
725 1407 206 62 defectus
880 1407 86 62 &
914 1407 258 62 priuationes
1120 1407 292 62 distinguantur
1361 1407 155 62 penes
1464 1407 292 62 conuersionem:
1705 1407 138 62 quia
1774 1407 189 62 conuersio

167 1474 123 52 fit
238 1474 105 52 ad
290 1474 193 52 aliquid
431 1474 228 52 positiuum
607 1474 263 52 subtractum:
817 1474 158 52 circa
923 1474 141 52 quod
1011 1474 228 52 contingit
1186 1474 211 52 defectus
1344 1474 123 52 vel
1415 1474 211 52 priuatio
1573 1474 141 52 quae
1660 1474 123 52 est
1731 1474 105 52 in
1783 1474 211 52 peccato:

180 1515 87 67 &
214 1515 208 67 defectus
370 1515 139 67 siue
457 1515 260 67 priuationes
665 1515 121 67 non
734 1515 173 67 habent
855 1515 225 67 distingui
1029 1515 139 67 nisi
1115 1515 156 67 penes
1219 1515 208 67 subiecta
1375 1515 156 67 circa
1479 1515 139 67 quae
1566 1515 156 67 sunt:
1670 1515 139 67 quia
1756 1515 191 67 ratione
1877 1515 87 67 sui

168 1567 164 59 nihil
277 1567 201 59 ponunt:
423 1567 91 59 &
460 1567 110 59 in
515 1567 183 59 nihilo
643 1567 164 59 nulla
752 1567 164 59 cadit
862 1567 274 59 differentia
1081 1567 128 59 seu
1154 1567 274 59 distinctio:
1373 1567 274 59 quemadmodum
1593 1567 219 59 caecitas
1757 1567 91 59 &
1775 1567 183 59 surditas

179 1626 119 61 non
247 1626 288 61 distinguuntur
484 1626 102 61 ex
535 1626 119 61 hoc
603 1626 136 61 quod
687 1626 203 61 defectus
840 1626 136 61 sunt
925 1626 136 61 siue
1009 1626 271 61 priuationes:
1229 1626 119 61 sed
1297 1626 102 61 ex
1348 1626 119 61 hoc
1416 1626 136 61 quod
1501 1626 119 61 hoc
1568 1626 220 61 contingit
1738 1626 152 61 circa
1822 1626 136 61 visum,

170 1674 156 54 illud
274 1674 139 54 vero
360 1674 156 54 circa
464 1674 208 54 auditum:
620 1674 156 54 tamen
724 1674 156 54 ratio
828 1674 208 54 formalis
984 1674 104 54 in
1036 1674 208 54 quolibet
1192 1674 191 54 peccato
1330 1674 121 54 qua
1400 1674 208 54 peccatum
1556 1674 139 54 est.
1642 1674 225 54 consistit
1815 1674 104 54 in
1850 1674 104 54 auer

177 1729 184 67 sione:
305 1729 147 67 quae
397 1729 129 67 sit
470 1729 275 67 descendendo
691 1729 92 67 a
728 1729 165 67 summe
838 1729 239 67 positiuo:
1021 1729 92 67 a
1058 1729 129 67 quo
1132 1729 184 67 quanto
1260 1729 147 67 quis
1352 1729 202 67 amplius
1499 1729 220 67 recedit,
1664 1729 165 67 tanto
1774 1729 165 67 magis
1885 1729 110 67 ad

173 1783 122 62 non
242 1783 139 62 esse
329 1783 192 62 accedit
469 1783 87 62 &
504 1783 105 62 ad
556 1783 209 62 defectum
713 1783 139 62 siue
800 1783 279 62 priuationem.
1026 1783 139 62 Nunc
1114 1783 157 62 autem
1218 1783 122 62 ita
1288 1783 122 62 est
1358 1783 139 62 quod
1445 1783 192 62 auersio
1584 1783 87 62 a
1619 1783 139 62 bono
1706 1783 209 62 secundum
1845 1783 105 62 quod

174 1836 160 57 bonum
281 1836 125 57 non
352 1836 125 57 est
424 1836 143 57 fine
513 1836 232 57 contemptu
691 1836 196 57 illius.
834 1836 160 57 Radix
941 1836 143 57 ergo
1030 1836 89 57 &
1066 1836 160 57 causa
1173 1836 196 57 peccati
1315 1836 107 57 ex
1369 1836 160 57 parte
1476 1836 232 57 peccantis
1654 1836 125 57 non
1725 1836 125 57 est
1797 1836 143 57 nisi
1868 1836 89 57 con

174 1886 204 64 temptus
323 1886 148 64 boni
415 1886 222 64 secundum
582 1886 148 64 quod
675 1886 185 64 bonum.
804 1886 241 64 vbicunque
990 1886 148 64 ergo
1082 1886 130 64 est
1156 1886 259 64 contemptus
1360 1886 111 64 in
1416 1886 241 64 electione
1601 1886 148 64 boni
1694 1886 222 64 secundum
1842 1886 111 64 quod

175 1941 158 58 bonum
281 1941 141 58 est:
369 1941 194 58 necesse
510 1941 123 58 est
580 1941 176 58 ponere
703 1941 229 58 peccatum.
879 1941 123 58 Hoc
950 1941 158 58 autem
1055 1941 229 58 contingit
1231 1941 106 58 in
1284 1941 141 58 casu
1372 1941 246 58 propositae
1566 1941 282 58 quaestionis:
1795 1941 106 58 si
1847 1941 141 58 duo-

168 1996 129 66 bus
241 1996 259 66 propositis
445 1996 185 66 quorum
574 1996 148 66 vnum
666 1996 129 66 est
740 1996 185 66 melius
870 1996 185 66 altero
999 1996 222 66 caeteris
1165 1996 222 66 paribus,
1332 1996 185 66 eligat
1461 1996 148 66 quis
1553 1996 166 66 minus
1664 1996 185 66 bonum.
1794 1996 129 66 hoc
1849 1996 111 66 enim

167 2050 129 61 non
240 2050 184 61 potest
369 2050 258 61 contingere
572 2050 147 61 nisi
664 2050 129 61 per
737 2050 258 61 contemptum
940 2050 147 61 boni
1032 2050 221 61 secundum
1197 2050 147 61 quod
1289 2050 184 61 bonum.
1418 2050 184 61 peccat
1547 2050 184 61 igitur
1676 2050 129 61 non
1750 2050 202 61 eligens
1878 2050 74 61 me

169 2104 154 59 lius.
272 2104 154 59 Quare
374 2104 120 59 cum
443 2104 206 59 quilibet
597 2104 188 59 tenetur
734 2104 137 59 tale
820 2104 86 59 &
854 2104 120 59 sic
923 2104 154 59 agere
1026 2104 137 59 quod
1111 2104 120 59 non
1180 2104 188 59 peccet:
1317 2104 86 59 &
1351 2104 120 59 sic
1420 2104 120 59 non
1488 2104 171 59 potest
1608 2104 171 59 facere
1728 2104 103 59 in
1763 2104 188 59 proposito

174 2158 137 61 casu
259 2158 137 61 nisi
345 2158 205 61 faciendo
498 2158 137 61 quod
584 2158 171 61 melius
703 2158 137 61 est:
788 2158 188 61 idcirco
925 2158 137 61 dico
1010 2158 205 61 absolute
1164 2158 137 61 quod
1249 2158 205 61 quilibet
1403 2158 205 61 caeteris
1556 2158 188 61 paribus
1693 2158 171 61 semper
1795 2158 154 61 tenetur

167 2208 168 68 agere
279 2208 93 68 &
317 2208 205 68 eligere
466 2208 205 68 melius.
615 2208 149 68 Quia
709 2208 168 68 autem
821 2208 131 68 non
896 2208 187 68 possit
1026 2208 168 68 agere
1138 2208 131 68 seu
1213 2208 205 68 eligere
1362 2208 168 68 minus
1474 2208 168 68 bonum
1587 2208 149 68 fine
1680 2208 243 68 contemptu
1848 2208 112 68 boni

167 2263 221 60 secundum
332 2263 147 60 quod
424 2263 184 60 bonum:
553 2263 165 60 patet
663 2263 110 60 ex
718 2263 147 60 hoc:
810 2263 147 60 quod
902 2263 129 60 cum
976 2263 257 60 praeeligit
1178 2263 184 60 minuus
1307 2263 92 60 &
1343 2263 221 60 dimittit
1509 2263 184 60 maius:
1637 2263 257 60 dimittendo
1821 2263 129 60 maius

175 2316 170 64 ipsum
289 2316 246 64 contemnit
478 2316 284 64 praeferendo
704 2316 113 64 ei
761 2316 170 64 minus
875 2316 189 64 facto,
1007 2316 151 64 plus
1101 2316 246 64 reputando
1290 2316 189 64 minus.
1423 2316 151 64 Nunc
1517 2316 170 64 autem
1631 2316 227 64 caeteris
1782 2316 170 64 paribus

174 2370 122 62 cum
243 2370 261 62 comparantur
452 2370 156 62 maius
556 2370 156 62 bonum
660 2370 87 62 &
695 2370 174 62 minus,
817 2370 156 62 nulla
921 2370 122 62 est
991 2370 261 62 differentia
1199 2370 104 62 in
1252 2370 139 62 ipso
1338 2370 139 62 nisi
1425 2370 139 62 quod
1512 2370 139 62 plus
1599 2370 104 62 de
1651 2370 139 62 bono
1738 2370 122 62 est
1808 2370 104 62 in
1860 2370 122 62 vno

177 2424 144 70 quam
267 2424 108 70 in
321 2424 198 70 altero.
464 2424 144 70 quod
554 2424 144 70 enim
644 2424 126 70 est
716 2424 108 70 in
770 2424 198 70 minori,
913 2424 126 70 est
985 2424 108 70 in
1039 2424 180 70 maiori
1165 2424 90 70 &
1201 2424 216 70 amplius.
1362 2424 144 70 Quia
1452 2424 144 70 ergo
1542 2424 233 70 contemnit
1722 2424 162 70 maius
1811 2424 144 70 bonum,

167 2479 121 59 hoc
236 2479 121 59 non
305 2479 121 59 est
375 2479 139 59 nisi
461 2479 191 59 ratione
600 2479 139 59 boni
686 2479 139 59 quod
773 2479 121 59 est
842 2479 156 59 citra
946 2479 156 59 illud
1050 2479 208 59 amplius,
1206 2479 121 59 aut
1275 2479 191 59 ratione
1414 2479 139 59 eius
1501 2479 139 59 quod
1587 2479 121 59 est
1657 2479 208 59 amplius.
1812 2479 121 59 Non
1864 2479 87 59 ra-

176 2536 161 59 tione
283 2536 143 59 eius
373 2536 143 59 quod
462 2536 125 59 est
534 2536 179 59 citra:
659 2536 143 59 quia
749 2536 161 59 illud
856 2536 161 59 etiam
964 2536 125 59 est
1035 2536 107 59 in
1089 2536 179 59 minori
1214 2536 161 59 bono:
1322 2536 89 59 &
1357 2536 215 59 secundum
1518 2536 179 59 eandem
1644 2536 233 59 rationem,
1805 2536 143 59 secun-

167 2585 138 66 dum
246 2585 295 66 hypothesim.
482 2585 118 66 Et
541 2585 157 66 quia
639 2585 197 66 omnino
777 2585 157 66 sunt
875 2585 216 66 eiusdem
1032 2585 236 66 rationis
1209 2585 138 66 non
1288 2585 138 66 est
1366 2585 138 66 quo
1445 2585 157 66 vnum
1543 2585 256 66 eligatur:
1740 2585 98 66 &
1779 2585 216 66 alterum

167 2637 299 64 contemnatur.
410 2637 150 64 immo
504 2637 206 64 talibus
654 2637 187 64 duobus
784 2637 281 64 propositis,
1009 2637 112 64 si
1065 2637 224 64 vtrunque
1233 2637 131 64 non
1308 2637 187 64 potest
1439 2637 150 64 homo
1533 2637 224 64 aggredi,
1701 2637 131 64 sed
1776 2637 206 64 alterum

172 2693 186 54 tantum:
307 2693 102 54 si
358 2693 118 54 vno
426 2693 186 54 dimisso
561 2693 186 54 alterum
697 2693 186 54 capiat,
832 2693 118 54 hoc
900 2693 118 54 non
967 2693 118 54 sit
1035 2693 118 54 per
1103 2693 237 54 electionem
1289 2693 305 54 consiliatiuam:
1543 2693 135 54 quia
1627 2693 152 54 nulla
1729 2693 169 54 potest
1831 2693 118 54 huius

173 2743 251 66 assignari
366 2743 193 66 ratio:
501 2743 135 66 sed
578 2743 135 66 per
655 2743 270 66 electionem
867 2743 251 66 casualem.
1060 2743 154 66 Quod
1157 2743 174 66 tamen
1273 2743 251 66 aliquibus
1466 2743 174 66 visum
1581 2743 135 66 est
1659 2743 251 66 absurdum:
1832 2743 116 66 quia

181 2800 180 65 ponunt
307 2800 144 65 quod
397 2800 216 65 voluntas
559 2800 180 65 semper
685 2800 216 65 sequitur
847 2800 216 65 iudicium
1009 2800 234 65 rationis:
1190 2800 90 65 &
1226 2800 144 65 quia
1316 2800 162 65 ratio
1424 2800 126 65 hic
1496 2800 198 65 neutrum
1640 2800 216 65 praefert
1784 2800 162 65 alteri,

172 2863 212 60 dixerunt
332 2863 142 60 quod
420 2863 195 60 neutrum
562 2863 230 60 eligeret:
739 2863 89 60 &
774 2863 142 60 quod
863 2863 106 60 in
916 2863 142 60 casu
1005 2863 230 60 proposito
1182 2863 124 60 non
1252 2863 177 60 posset
1376 2863 177 60 omnino
1500 2863 159 60 minus
1607 2863 159 60 bonum
1695 2863 248 60 praeeligere:

168 2908 188 63 quorum
300 2908 244 63 contraria
487 2908 300 63 declarauimus
731 2908 150 63 esse
825 2908 150 63 vera
918 2908 113 63 in
975 2908 319 63 quaestionibus
1237 2908 113 63 de
1294 2908 244 63 voluntate
1481 2908 94 63 &
1519 2908 206 63 ratione
1669 2908 113 63 in
1725 2908 188 63 quadam
1837 2908 113 63 alia

174 2963 292 64 disputatione
411 2963 109 64 de
466 2963 237 64 Quolibet.
648 2963 109 64 Si
703 2963 146 64 ergo
794 2963 109 64 in
849 2963 146 64 casu
940 2963 237 64 proposito
1122 2963 182 64 contra
1250 2963 219 64 iudicium
1414 2963 219 64 rationis
1578 2963 91 64 &
1615 2963 128 64 non
1688 2963 164 64 casu,
1779 2963 164 64 eligen-

167 3008 112 66 do
223 3008 225 66 praefert
392 3008 150 66 quis
486 3008 169 66 minus
598 3008 169 66 bonum
711 3008 187 66 maiori
842 3008 131 66 hoc
917 3008 131 66 non
992 3008 131 66 est
1067 3008 150 66 nisi
1161 3008 206 66 ratione
1311 3008 150 66 boni
1404 3008 150 66 quod
1498 3008 206 66 amplius
1648 3008 131 66 est
1723 3008 112 66 in
1779 3008 187 66 maiori
1892 3008 56 66 &

165 3065 124 60 non
236 3065 124 60 est
307 3065 106 60 in
360 3065 195 60 minori.
501 3065 124 60 lta
572 3065 142 60 quod
661 3065 159 60 licet
767 3065 159 60 nihil
873 3065 142 60 agit
961 3065 248 60 aspiciendo
1156 3065 106 60 ad
1209 3065 159 60 malum
1315 3065 177 60 purum:
1439 3065 88 60 &
1474 3065 124 60 sic
1545 3065 124 60 non
1616 3065 212 60 eligeret
1775 3065 159 60 minus
1864 3065 88 60 bo-

165 3121 123 89 num
236 3121 140 89 nisi
323 3121 123 89 sub
393 3121 193 89 ratione
533 3121 158 89 boni:
638 3121 158 89 tamen
743 3121 210 89 eligendo
901 3121 158 89 ipsum
1006 3121 105 89 in
1059 3121 175 89 minori
1181 3121 88 89 &
1216 3121 123 89 non
1286 3121 105 89 in
1339 3121 193 89 maiori,
1479 3121 105 89 in
1532 3121 123 89 quo
1602 3121 193 89 aequali
1742 3121 245 89 facilitate
