2455 3761
483 261 277 93 substantiali
708 261 173 93 omnino
829 261 243 93 expoliatur
1020 261 139 93 sine
1107 261 139 93 omni
1193 261 225 93 eductione
1367 261 208 93 alterius
1523 261 104 93 de
1575 261 208 93 potentia
1731 261 225 93 materiae.
1904 261 121 93 Sed
1974 261 104 93 in
2026 261 208 93 instanti
2164 261 139 93 illius

491 352 254 74 expoliationis
700 352 164 74 materia
820 352 119 74 illa
894 352 149 74 vnitur
999 352 179 74 materiae
1133 352 164 74 membri:
1253 352 75 74 &
1283 352 90 74 in
1327 352 119 74 illa
1402 352 134 74 forma
1492 352 149 74 illius
1596 352 224 74 informatur:
1775 352 75 74 &
1805 352 105 74 sic
1865 352 134 74 quasi
1955 352 149 74 mixtio
2059 352 164 74 quaedam
2179 352 105 74 sit
2223 352 75 74 ibi

483 410 125 59 cibi
561 410 109 59 cum
624 410 172 59 cibato.
749 410 94 59 In
796 410 109 59 qua
858 410 141 59 etiam
952 410 250 59 expoliatione
1155 410 156 59 formae
1264 410 265 59 substantialis
1483 410 219 59 expoliatur
1655 410 141 59 simul
1748 410 109 59 suo
1811 410 219 59 accidente,
1983 410 78 59 &
2014 410 141 59 etiam
2108 410 219 59 quantitate

482 458 161 62 vsque
589 458 107 62 ad
643 458 250 62 potentiam,
840 458 125 62 per
911 458 143 62 quam
1001 458 161 62 habet
1108 458 161 62 fieri
1215 458 268 62 augmentatio
1430 458 179 62 absque
1555 458 143 62 omni
1644 458 304 62 accumulatione
1895 458 89 62 &
1930 458 304 62 penetratione.
2163 458 125 62 Mate-

481 520 117 68 ria
548 520 150 68 autem
648 520 167 68 addita
765 520 200 68 materiae
914 520 117 68 cui
981 520 200 68 aduenit,
1131 520 117 68 dat
1198 520 200 68 virtutem
1348 520 267 68 extensibilis
1564 520 183 68 maioris
1697 520 117 68 sub
1764 520 250 68 quantitate,
1964 520 183 68 manente
2097 520 183 68 aequali
2214 520 83 68 dem

484 567 176 77 sitate,
612 567 128 77 quod
692 567 225 77 requiritur
869 567 96 77 ad
917 567 144 77 verum
1013 567 208 77 augmentum
1174 567 208 77 materiae.
1334 567 80 77 &
1366 567 112 77 sic
1430 567 176 77 materia
1558 567 128 77 illa
1639 567 208 77 adueniens
1799 567 208 77 inquantum
1959 567 112 77 est
2023 567 96 77 in
2072 567 192 77 potentia
2200 567 96 77 quam

492 623 111 56 ta,
556 623 95 56 vt
603 623 191 56 scilicet
746 623 159 56 potens
857 623 222 56 subintrare
1032 623 238 56 quantitatem
1222 623 191 56 materiae
1365 623 111 56 cui
1429 623 191 56 aduenit,
1572 623 159 56 auget:
1683 623 206 56 inquantum
1842 623 127 56 vero
1921 623 111 56 est
1984 623 95 56 in
2032 623 191 56 potentia
2175 623 127 56 caro
2238 623 64 56 po

481 684 133 69 tens
564 684 232 69 subintrare
747 684 166 69 formam
863 684 166 69 carnis
979 684 282 69 praecedentem,
1211 684 182 69 nutrit.
1343 684 215 69 NONrestat
1509 684 133 69 ergo
1592 684 249 69 difficultas
1791 684 116 69 quo
1857 684 99 69 ad
1907 684 232 69 propositam
2073 684 215 69 quaestionem

482 739 125 73 nisi
560 739 125 73 quod
638 739 93 73 in
685 739 203 73 speciebus
841 739 109 73 non
903 739 109 73 est
965 739 171 73 materia
1090 739 125 73 quae
1168 739 109 73 est
1230 739 93 73 in
1277 739 187 73 potentia
1417 739 125 73 quid
1495 739 78 73 &
1526 739 171 73 quantum
1651 739 125 73 (uvt
1729 739 156 73 dictum
1838 739 125 73 est)
1916 739 187 73 materiae
2041 739 249 73 augmentabilis.

491 797 113 58 Sed
555 797 113 58 est
620 797 194 58 dicendum
765 797 129 58 quod
846 797 178 58 species
975 797 145 58 illae
1072 797 113 58 quo
1137 797 97 58 ad
1185 797 226 58 accidentia
1363 797 129 58 quae
1443 797 226 58 subsistunt
1621 797 97 58 in
1669 797 97 58 se
1718 797 242 58 miraculose,
1912 797 81 58 &
1944 797 161 58 habent
2057 797 97 58 in
2105 797 97 58 se
2138 797 161 58 virtutem

482 850 218 71 nutriendi
650 850 84 71 &
684 850 269 71 augmentandi:
902 850 151 71 sicut
1003 850 218 71 habuisset
1171 850 151 71 eorum
1272 850 252 71 substantia:
1473 850 235 71 miraculose
1658 850 235 71 reducuntur
1843 850 101 71 in
1893 850 218 71 potentiam
2061 850 202 71 materiae
2195 850 101 71 illi

487 909 114 58 us:
552 909 245 58 quemadmodum
748 909 245 58 naturaliter
943 909 196 58 fuissent
1090 909 196 58 reductae
1237 909 98 58 in
1286 909 130 58 illa
1367 909 114 58 sua
1433 909 179 58 materia
1563 909 98 58 in
1612 909 212 58 potentiam
1775 909 130 58 suae
1857 909 212 58 materiae,
2020 909 130 58 quae
2101 909 147 58 facta
2183 909 114 58 esset

495 964 112 72 vna
559 964 176 72 materia
687 964 112 72 cum
751 964 176 72 materia
879 964 192 72 nutriti.
1023 964 80 72 &
1055 964 112 72 sic
1119 964 176 72 recipit
1247 964 176 72 materia
1375 964 128 72 illa
1456 964 112 72 per
1520 964 224 72 accidentia
1696 964 128 72 illa
1776 964 176 72 reducta
1904 964 96 72 in
1952 964 128 72 eius
2032 964 224 72 potentiam,
2192 964 96 72 idem

499 1014 135 69 esse
584 1014 118 69 sub
651 1014 152 69 forma
753 1014 118 69 sua
820 1014 287 69 substantiali:
1057 1014 101 69 vt
1107 1014 118 69 per
1175 1014 152 69 ipsam
1276 1014 152 69 fiant
1378 1014 253 69 augmentatio
1580 1014 84 69 &
1614 1014 203 69 nutritio
1766 1014 101 69 ad
1817 1014 152 69 modum
1918 1014 118 69 quo
1986 1014 152 69 facta
2087 1014 203 69 fuissent
2222 1014 68 69 si

491 1075 193 61 materia
632 1075 176 61 aliqua
755 1075 158 61 eidem
860 1075 158 61 vnita
966 1075 211 61 fuisset.
1124 1075 123 61 PER
1194 1075 141 61 haec
1282 1075 176 61 patent
1387 1075 176 61 obiecta.

829 1127 132 63 Irca
911 1127 181 63 quartum
1043 1127 214 63 arguitur,
1207 1127 132 63 quod
1290 1127 99 63 in
1339 1127 247 63 sacramentis
1537 1127 148 63 nouae
1635 1127 148 63 legis
1734 1127 115 63 sit
1800 1127 165 63 virtus
1915 1127 296 63 supernaturalis
2146 1127 148 63 creati-

839 1195 95 65 ua
887 1195 189 65 gratiae.
1029 1195 174 65 videmus
1155 1195 126 65 enim
1234 1195 126 65 quod
1313 1195 142 65 ignis
1407 1195 205 65 naturalis
1565 1195 126 65 agit
1644 1195 95 65 in
1691 1195 158 65 animam
1802 1195 205 65 separatam
1960 1195 110 65 vel
2023 1195 95 65 in
2070 1195 174 65 angelum
2181 1195 110 65 super

840 1239 244 76 naturaliter
1035 1239 97 76 ad
1083 1239 211 76 causandum
1246 1239 195 76 dolorem,
1392 1239 146 76 quare
1489 1239 97 76 vt
1538 1239 179 76 videtur
1668 1239 162 76 potest
1782 1239 244 76 sacramentum
1976 1239 260 76 corporaliter
2171 1239 114 76 super

837 1304 224 56 naturaliter
1016 1304 89 56 in
1061 1304 149 56 animam
1165 1304 89 56 ad
1210 1304 179 56 creandum
1344 1304 179 56 gratiam.
1478 1304 89 56 IN
1523 1304 209 56 contrarium
1687 1304 119 56 est,
1761 1304 119 56 quod
1836 1304 119 56 tunc
1910 1304 179 56 creatura
2045 1304 164 56 crearet
2164 1304 104 56 vel
2208 1304 75 56 con

832 1359 201 70 municaret
986 1359 124 70 deo:
1064 1359 124 70 quia
1141 1359 155 70 gratia
1250 1359 108 70 non
1312 1359 108 70 sit
1373 1359 124 70 nisi
1451 1359 108 70 per
1513 1359 232 70 creationem:
1699 1359 124 70 quid
1776 1359 108 70 non
1838 1359 139 70 tenet
1931 1359 201 70 ecclesia.
2086 1359 186 70 DIcendum
2225 1359 93 70 ad

797 1420 127 61 hoc:
876 1420 127 61 quod
956 1420 174 61 propter
1082 1420 301 61 supereminentiam
1336 1420 206 61 virtutis,
1495 1420 127 61 quam
1574 1420 174 61 necesse
1701 1420 174 61 habemus
1827 1420 190 61 secundum
1970 1420 143 61 fidem
2065 1420 158 61 ponere
2176 1420 95 61 in
2208 1420 79 61 sa-

495 1467 211 52 cramentis
657 1467 146 52 nouae
754 1467 146 52 legis
852 1467 146 52 super
949 1467 227 52 sacramenta
1128 1467 179 52 veteris
1257 1467 162 52 legis,
1371 1467 97 52 in
1420 1467 114 52 hoc
1485 1467 211 52 videlicet
1647 1467 130 52 quod
1728 1467 227 52 sacramenta
1907 1467 179 52 veteris
2036 1467 146 52 legis
2134 1467 130 52 quia
2215 1467 114 52 non

485 1509 202 79 habebant
636 1509 235 79 adiutricem
821 1509 202 79 gratiam:
972 1509 151 79 sicut
1073 1509 235 79 sacramenta
1258 1509 151 79 nouae
1359 1509 168 79 legis:
1477 1509 202 79 occidere
1628 1509 134 79 enim
1712 1509 235 79 dicebantur
1897 1509 319 79 transgressores:
2149 1509 134 79 Sacra-

488 1578 141 63 menta
582 1578 125 63 vero
661 1578 141 63 nouae
755 1578 141 63 legis
848 1578 235 63 viuificare,
1036 1578 78 63 &
1068 1578 251 63 iustificare,
1271 1578 188 63 secundum
1412 1578 204 63 doctrinam
1569 1578 204 63 apostoli,
1725 1578 188 63 quaestio
1866 1578 188 63 praesens
2007 1578 78 63 a
2038 1578 204 63 Theologis
2179 1578 110 63 intro

494 1632 142 56 ducta
589 1632 126 56 est.
667 1632 110 56 Non
730 1632 110 56 est
793 1632 126 56 enim
872 1632 173 56 euidens
998 1632 94 56 in
1045 1632 110 56 quo
1108 1632 205 56 consistit
1266 1632 126 56 illa
1344 1632 189 56 virtutis
1486 1632 299 56 supereminentia:
1738 1632 126 56 nisi
1817 1632 205 56 consistat
1974 1632 94 56 in
2021 1632 236 56 aliqualiter
2195 1632 94 56 cre-

485 1684 130 67 ando
566 1684 195 67 gratiam:
712 1684 98 67 de
761 1684 114 67 quo
826 1684 146 67 tamen
924 1684 163 67 multum
1037 1684 163 67 dubium
1151 1684 114 67 est
1216 1684 146 67 vtrum
1314 1684 163 67 possit
1428 1684 146 67 virtu
1525 1684 195 67 scilicet
1671 1684 228 67 sacramenti
1850 1684 146 67 super
1948 1684 130 67 hoc:
2029 1684 114 67 cum
2078 1684 211 67 sacramentum

479 1746 111 58 sit
543 1746 191 58 creatura
686 1746 127 58 siue
765 1746 175 58 creatum
893 1746 143 58 quid,
988 1746 80 58 &
1020 1746 159 58 gratia
1131 1746 111 58 non
1195 1746 191 58 causatur
1338 1746 127 58 nisi
1418 1746 111 58 per
1482 1746 239 58 creationem:
1672 1746 95 58 in
1720 1746 175 58 creando
1847 1746 143 58 autem
1943 1746 159 58 potius
2054 1746 191 58 creditur
2182 1746 111 58 crea-

478 1797 153 62 turam
580 1797 153 62 nihil
683 1797 170 62 omnino
802 1797 153 62 posse
904 1797 222 62 cooperari
1075 1797 205 62 creatori
1228 1797 136 62 quam
1313 1797 170 62 posse:
1433 1797 153 62 licet
1535 1797 205 62 credatur
1688 1797 153 62 posse
1791 1797 256 62 ministerium
1995 1797 188 62 aliquod
2115 1797 170 62 exhibere

490 1856 95 69 vt
538 1856 206 69 orationis
696 1856 111 69 vel
760 1856 190 69 alicuius
903 1856 159 69 talis,
1014 1856 190 69 ordinans
1157 1856 79 69 &
1188 1856 206 69 disponens
1347 1856 95 69 ad
1395 1856 175 69 gratiae
1521 1856 254 69 susceptionem
1728 1856 127 69 quae
1807 1856 175 69 habetur
1934 1856 111 69 per
1997 1856 238 69 creationem,
2188 1856 127 69 quid

480 1911 122 63 non
549 1911 157 63 solum
654 1911 227 63 creditur:
828 1911 140 63 immo
916 1911 314 63 rationabiliter
1177 1911 244 63 asseritur.
1369 1911 87 63 &
1404 1911 122 63 hoc
1474 1911 192 63 ratione
1613 1911 192 63 sumpta,
1753 1911 87 63 &
1788 1911 105 63 ex
1840 1911 157 63 parte
1945 1911 174 63 ipsius
2067 1911 157 63 actus
2154 1911 122 63 crean

482 1973 91 64 di
527 1973 241 64 generaliter,
723 1973 75 64 &
754 1973 91 64 ex
799 1973 136 64 parte
889 1973 166 64 gratiae
1010 1973 166 64 creatae
1131 1973 241 64 specialiter.
1327 1973 91 64 Ex
1372 1973 136 64 parte
1463 1973 136 64 autem
1554 1973 136 64 actus
1644 1973 166 64 creandi
1765 1973 136 64 ratio
1855 1973 121 64 est:
1931 1973 121 64 quia
2006 1973 166 64 creatio
2127 1973 106 64 est
2172 1973 106 64 actio

485 2023 95 67 ex
533 2023 111 67 non
596 2023 206 67 subiecto,
755 2023 111 67 hoc
819 2023 111 67 est
882 2023 95 67 ex
930 2023 175 67 nihilo:
1057 2023 79 67 &
1089 2023 143 67 omnis
1184 2023 143 67 actio
1279 2023 206 67 creaturae
1438 2023 111 67 est
1502 2023 95 67 ex
1549 2023 191 67 subiecto
1692 2023 254 67 susceptibili
1899 2023 286 67 praesupposito,
2137 2023 95 67 eo
2185 2023 127 67 quod

488 2082 115 58 est
553 2082 214 58 potentiae
718 2082 197 58 finitae:
866 2082 82 58 &
899 2082 214 58 productio
1063 2082 99 58 ex
1112 2082 164 58 nihilo
1228 2082 164 58 omnino
1343 2082 115 58 est
1408 2082 132 58 opus
1491 2082 214 58 potentiae
1655 2082 230 58 infinitae.
1836 2082 132 58 Quia
1918 2082 148 58 inter
2017 2082 164 58 omnino
2132 2082 181 58 nihilum

483 2129 78 61 &
515 2129 109 61 ens
577 2129 94 61 in
624 2129 125 61 actu
702 2129 109 61 est
765 2129 203 61 distantia
921 2129 203 61 infinita:
1078 2129 125 61 quam
1156 2129 109 61 non
1218 2129 156 61 potest
1328 2129 203 61 absoluere
1484 2129 125 61 nisi
1563 2129 188 61 potentia
1703 2129 203 61 infinita.
1860 2129 141 61 Inter
1954 2129 125 61 vero
2032 2129 94 61 id
2079 2129 125 61 quod
2157 2129 109 61 est
2204 2129 78 61 ens

485 2188 92 58 in
531 2188 184 58 potentia
669 2188 230 58 praecedens:
853 2188 77 58 &
884 2188 107 58 ens
945 2188 92 58 in
991 2188 154 58 actum:
1099 2188 107 58 non
1160 2188 107 58 est
1222 2188 123 58 nisi
1298 2188 200 58 distantia
1452 2188 169 58 finita:
1575 2188 123 58 quae
1652 2188 154 58 potest
1759 2188 169 58 absolui
1882 2188 107 58 per
1943 2188 138 58 agens
2035 2188 184 58 finitum.
2174 2188 92 58 Ex
2204 2188 77 58 par

481 2240 93 75 te
528 2240 124 75 vero
606 2240 171 75 gratiae
730 2240 186 75 creandae
870 2240 124 75 etsi
948 2240 109 75 non
1010 2240 171 75 haberet
1134 2240 124 75 esse
1212 2240 109 75 per
1274 2240 233 75 creationem:
1460 2240 140 75 ratio
1554 2240 124 75 est:
1631 2240 124 75 quia
1709 2240 155 75 gratia
1818 2240 93 75 eo
1864 2240 124 75 quod
1942 2240 155 75 eleuat
2051 2240 155 75 animam
2160 2240 93 75 ad
2191 2240 93 75 esse

482 2293 182 62 quoddam
615 2293 298 62 supernaturale,
863 2293 232 62 necessario
1045 2293 116 62 est
1112 2293 199 62 effectus
1261 2293 166 62 quidam
1376 2293 315 62 supernaturalis:
1641 2293 149 62 licet
1741 2293 99 62 in
1790 2293 99 62 se
1840 2293 116 62 sit
1906 2293 166 62 natura
2022 2293 83 62 &
2055 2293 199 62 creatura
2188 2293 99 62 ali-

490 2354 136 70 qua:
575 2354 102 70 in
626 2354 136 70 quem
710 2354 152 70 nulla
812 2354 203 70 creatura
964 2354 186 70 potest:
1100 2354 136 70 quia
1185 2354 169 70 virtus
1303 2354 136 70 eius
1388 2354 119 70 non
1456 2354 119 70 est
1524 2354 136 70 nisi
1608 2354 169 70 virtus
1727 2354 237 70 naturalis,
1913 2354 85 70 &
1947 2354 152 70 nulla
2049 2354 169 70 virtus
2167 2354 152 70 natu-

489 2403 133 57 ralis
578 2403 148 57 potest
682 2403 89 57 in
726 2403 178 57 effectum
860 2403 282 57 supernaturalem:
1097 2403 193 57 inquanum.
1245 2403 178 57 scilicet
1379 2403 297 57 supernaturaliter
1631 2403 133 57 habet
1720 2403 148 57 fieri:
1823 2403 133 57 licet
1912 2403 89 57 in
1957 2403 89 57 se
2001 2403 104 57 sit
2061 2403 148 57 natura
2164 2403 148 57 aliqua

490 2463 150 53 neque
590 2463 167 53 potest
707 2463 100 53 ad
757 2463 150 53 ipsum
857 2463 150 53 etiam
957 2463 133 53 vllo
1041 2463 133 53 modo
1124 2463 234 53 attingere.
1308 2463 100 53 In
1358 2463 117 53 quo
1424 2463 133 53 ergo
1508 2463 217 53 consistit
1675 2463 300 53 supereminentia
1925 2463 284 53 sacramentorum
2158 2463 150 53 nouae

486 2514 158 54 legis,
597 2514 126 54 quod
676 2514 158 54 habent
786 2514 221 54 adiutricem
960 2514 237 54 assistentem
1149 2514 174 54 gratiam
1275 2514 142 54 super
1370 2514 205 54 sacrameta
1528 2514 174 54 veteris
1654 2514 142 54 legis
1749 2514 126 54 quae
1827 2514 142 54 illam
1922 2514 110 54 non
1985 2514 205 54 habebant,
2143 2514 110 54 cum
2206 2514 110 54 non

484 2567 176 66 possit
607 2567 246 66 consistere
800 2567 105 66 in
853 2567 158 66 ipsam
958 2567 193 66 gratiam
1099 2567 193 66 creando
1239 2567 140 66 siue
1327 2567 211 66 causando
1485 2567 193 66 virtute
1625 2567 123 66 sua
1696 2567 228 66 naturali.
1871 2567 158 66 Vtrum
1977 2567 228 66 consistat
2152 2567 105 66 in
2187 2567 88 66 cre

487 2622 145 76 ando
578 2622 163 76 ipsam
687 2622 381 76 supernaturaliter,
1013 2622 91 76 &
1050 2622 109 76 ad
1104 2622 127 76 hoc
1177 2622 182 76 habeat
1304 2622 218 76 virtutem
1467 2622 345 76 supernaturalim:
1758 2622 218 76 secundum
1921 2622 145 76 quod
2012 2622 200 76 quaerit
2139 2622 145 76 propo-

486 2678 128 70 sita
566 2678 208 70 quaestio,
726 2678 80 70 &
758 2678 144 70 tenet
855 2678 224 70 communitas
1031 2678 208 70 doctorum,
1191 2678 80 70 &
1223 2678 96 70 in
1271 2678 144 70 ipsis
1367 2678 240 70 vniuersalis
1560 2678 208 70 ecclesia:
1720 2678 128 70 quod
1800 2678 224 70 sacramenta
1976 2678 176 70 veteris
2105 2678 144 70 legis
2185 2678 96 70 nul-

488 2732 94 75 lo
535 2732 126 75 modo
614 2732 126 75 sunt
693 2732 204 75 effectiua
850 2732 173 75 gratiae
976 2732 236 75 praesentis:
1164 2732 110 75 sed
1227 2732 157 75 tantum
1337 2732 142 75 signa
1432 2732 267 75 significatiua
1652 2732 110 75 vel
1715 2732 220 75 figuratiua
1888 2732 173 75 gratiae
2014 2732 189 75 futurae:
2155 2732 126 75 quae
2218 2732 63 75 si

490 2779 218 71 gnificatio
662 2779 140 71 quasi
755 2779 171 71 quaedam
880 2779 94 71 de
927 2779 171 71 futuris
1052 2779 125 71 erat
1130 2779 234 71 instructio:
1317 2779 218 71 Sacramenta
1488 2779 125 71 vero
1566 2779 140 71 nouae
1659 2779 140 71 legis
1753 2779 109 71 non
1815 2779 140 71 solum
1909 2779 125 71 sunt
1987 2779 265 71 significatiua
2189 2779 94 71 gere

489 2842 109 70 non
552 2842 125 70 dico
630 2842 172 70 futurae
755 2842 109 70 sed
817 2842 234 70 praesentis:
1004 2842 94 70 vt
1051 2842 94 70 in
1098 2842 109 70 hoc
1160 2842 156 70 tantum
1270 2842 172 70 ponamus
1395 2842 250 70 differentiam
1597 2842 265 70 sacramentorum
1816 2842 172 70 veteris
1941 2842 140 70 legis
2034 2842 78 70 &
2066 2842 156 70 nouae:
2175 2842 109 70 sed
2222 2842 62 70 si

483 2892 114 49 mul
548 2892 131 49 sunt
630 2892 82 49 &
662 2892 147 49 signa
760 2892 180 49 gratiae
891 2892 245 49 praesentis,
1087 2892 82 49 &
1119 2892 147 49 causa
1217 2892 147 49 eius.
1315 2892 131 49 Quae
1397 2892 147 49 tamen
1495 2892 114 49 due
1560 2892 196 49 scilicet
1707 2892 131 49 esse
1789 2892 163 49 signum
1903 2892 82 49 &
1936 2892 163 49 causam
2050 2892 196 49 gratiae,
2197 2892 114 49 non
2246 2892 49 49 l

485 2942 138 60 bene
571 2942 277 60 determinauit
796 2942 138 60 illa
882 2942 173 60 opinio
1003 2942 225 60 aliquorum
1176 2942 138 60 quae
1263 2942 190 60 dicebat
1401 2942 138 60 quod
1488 2942 242 60 sacramenta
1678 2942 156 60 nouae
1782 2942 156 60 legis
1885 2942 121 60 non
1954 2942 138 60 sunt
2041 2942 156 60 causa
2127 2942 156 60 gratiae

486 3002 110 74 per
549 3002 189 74 virtutem
691 3002 173 74 aliquam
817 3002 110 74 eis
879 3002 173 74 inditam
1005 3002 142 74 ipsam
1100 3002 189 74 creando:
1241 3002 110 74 sed
1304 3002 126 74 quia
1383 3002 110 74 deo
1446 3002 220 74 assistente
1619 3002 236 74 sacramentis
1807 3002 110 74 cum
1870 3002 236 74 exhibentur,
2059 3002 173 74 gratiam
2169 3002 110 74 cream

492 3057 100 72 do
542 3057 201 72 confert.
693 3057 117 72 Sed
760 3057 117 72 hoc
827 3057 134 72 modo
911 3057 251 72 sacramentum
1112 3057 117 72 non
1179 3057 117 72 est
1246 3057 151 72 causa
1346 3057 184 72 gratiae
1480 3057 184 72 propter
1614 3057 134 72 quam
1698 3057 134 72 sit:
1782 3057 134 72 immo
1865 3057 134 72 sine
1949 3057 117 72 qua
2016 3057 134 72 non.
2100 3057 84 72 &
2133 3057 117 72 hoc
2200 3057 117 72 non

495 3099 143 85 sicut
591 3099 127 85 sine
670 3099 111 85 qua
734 3099 111 85 non
797 3099 159 85 posset
909 3099 159 85 fieri:
1020 3099 239 85 quemadmodum
1211 3099 159 85 figura
1322 3099 111 85 non
1386 3099 159 85 posset
1497 3099 175 85 imprimi
1624 3099 159 85 caerae
1735 3099 80 85 a
1767 3099 191 85 sigillo,
1910 3099 127 85 nisi
1990 3099 143 85 esset
2085 3099 175 85 mollis:
2212 3099 111 85 non

486 3160 169 77 tamen
599 3160 207 77 propter
749 3160 169 77 ipsam
862 3160 282 77 imprimitur:
1087 3160 131 77 sed
1162 3160 244 77 solummodo
1350 3160 150 77 sine
1444 3160 131 77 qua
1519 3160 263 77 ordinauit,
1726 3160 169 77 quasi
1838 3160 113 77 ex
1895 3160 188 77 quadam
2026 3160 225 77 pactione
2176 3160 113 77 siue

491 3197 201 108 statuto,
642 3197 100 108 ne
692 3197 217 108 imprimens
859 3197 117 108 eam
926 3197 251 108 imprimeret.
1127 3197 100 108 Et
1177 3197 117 108 sic
1244 3197 184 108 quantum
1377 3197 117 108 est
1444 3197 100 108 ex
1494 3197 100 108 se
1544 3197 117 108 non
1611 3197 150 108 agit,
1712 3197 134 108 nisi
1795 3197 134 108 quod
1879 3197 184 108 gratiam
2013 3197 234 108 praesentem
2180 3197 100 108 esse
