2428 3740
149 272 101 71 si
200 272 118 71 per
267 272 168 71 partes
385 272 84 71 &
419 272 118 71 sub
486 272 135 71 esse
570 272 202 71 diminuto
722 272 202 71 dispersa
873 272 118 71 est
941 272 135 71 supe
1025 272 152 71 omnes
1126 272 236 71 creaturas.
1311 272 152 71 luxta
1412 272 152 71 illud
1513 272 101 71 de
1564 272 185 71 maximis
1698 272 168 71 Alani.
1799 272 135 71 Solers

139 339 177 62 naturae
267 339 177 62 studium
396 339 128 62 quae
476 339 177 62 singula
605 339 161 62 munera
717 339 193 62 contulit
861 339 161 62 aliis,
974 339 209 62 conclusit
1134 339 96 62 in
1182 339 144 62 vnam.
1279 339 96 62 Et
1327 339 112 62 per
1391 339 112 62 hoc
1455 339 209 62 diuinitas
1616 339 177 62 simplex
1728 339 193 62 imitabilis

141 388 115 71 est
206 388 99 71 ab
256 388 181 71 omnibus
388 388 231 71 creaturis:
569 388 82 71 &
602 388 148 71 habet
701 388 99 71 in
750 388 99 71 se
800 388 313 71 imitabilitates:
1064 388 264 71 secundumquas
1278 388 148 71 omnis
1377 388 198 71 essentia
1525 388 214 71 creaturae
1690 388 115 71 eam
1756 388 148 71 licet
1855 388 99 71 di

140 442 212 70 uersimode
303 442 212 70 imitatur:
466 442 114 70 sed
531 442 147 70 habet
629 442 114 70 eas
695 442 98 70 in
744 442 114 70 vno
809 442 196 70 simplici
956 442 98 70 vt
1005 442 131 70 vnam
1086 442 82 70 &
1119 442 163 70 omnino
1233 442 261 70 indistinctam
1446 442 196 70 secundum
1593 442 163 70 actum:
1707 442 114 70 sed
1772 442 180 70 distin-

144 493 196 71 guibilem
291 493 114 71 per
356 493 278 71 intelligentis
585 493 229 71 conceptum:
765 493 114 71 ita
830 493 131 71 quod
912 493 229 71 pluralitas
1092 493 180 71 illarum
1223 493 262 71 perfectionum
1435 493 98 71 vt
1485 493 114 71 est
1550 493 98 71 in
1599 493 213 71 essentia,
1762 493 114 71 est
1812 493 114 71 quasi

148 547 220 64 potentia:
317 547 101 64 vt
368 547 135 64 vero
453 547 118 64 est
520 547 101 64 in
571 547 135 64 ipso
655 547 203 64 conceptu
808 547 304 64 intelligentis,
1061 547 118 64 est
1129 547 203 64 secundum
1281 547 169 64 actum:
1400 547 85 64 &
1434 547 118 64 hoc
1501 547 237 64 quodammodo
1687 547 152 64 sicut
1772 547 152 64 vniuer-

138 599 126 64 sale
217 599 189 64 potentia
359 599 110 64 est
422 599 95 64 in
469 599 158 64 rebus:
579 599 126 64 actu
658 599 126 64 vero
737 599 95 64 in
784 599 236 64 intellectu.
973 599 110 64 sed
1036 599 236 64 diuersimode
1225 599 95 64 in
1272 599 221 64 intellectu
1446 599 189 64 increato
1587 599 79 64 &
1619 599 173 64 creato.
1745 599 173 64 quoniam
1855 599 63 64 ex

139 655 280 69 plenitudine
363 655 299 69 perfectionis
606 655 168 69 vnica
718 655 93 69 &
755 655 280 69 indistincta
979 655 112 69 in
1035 655 187 69 diuina
1166 655 224 69 essentia
1334 655 224 69 prouenit
1502 655 243 69 multitudo
1670 655 261 69 conceptionum

143 714 189 65 plurium
280 714 206 65 secundum
434 714 154 65 actum
537 714 103 65 in
589 714 137 65 eius
674 714 309 65 intelligentia:
932 714 86 65 &
966 714 120 65 hoc
1034 714 120 65 non
1103 714 257 65 concipiente
1309 714 206 65 secundum
1463 714 206 65 diuersas
1617 714 223 65 huiusmodi
1789 714 171 65 ratio-

139 765 113 60 nes
203 765 145 60 ipsam
300 765 209 60 simplicem
461 765 225 60 essentiam:
638 765 129 60 nisi
718 765 97 60 ex
767 765 193 60 respectu
912 765 97 60 ad
960 765 258 60 perfectiones
1169 765 193 60 diuersas
1314 765 113 60 re,
1379 765 129 60 quae
1459 765 225 60 respondent
1636 765 113 60 eis
1701 765 97 60 in
1733 765 193 60 creaturis.

139 816 105 57 EX
192 816 263 57 plenitudine
402 816 158 57 autem
507 816 280 57 perfectionis
735 816 105 57 in
787 816 175 57 diuina
910 816 210 57 essentia
1067 816 263 57 indistincta
1277 816 88 57 &
1312 816 175 57 vnica,
1435 816 123 57 non
1505 816 210 57 prouenit
1662 816 140 57 illa
1732 816 193 57 multitudo

137 869 196 71 plurium
280 869 286 71 conceptionum
512 869 214 71 secundum
673 869 161 71 actum
780 869 107 71 in
834 869 304 71 intelligentia
1084 869 196 71 creata:
1227 869 143 71 nisi
1316 869 107 71 in
1369 869 196 71 visione
1512 869 179 71 beata.
1637 869 89 71 &
1673 869 125 71 hoc
1744 869 107 71 vt
1780 869 143 71 dicunt

127 924 118 66 non
195 924 135 66 nisi
279 924 101 66 ex
329 924 202 66 respectu
481 924 101 66 ad
532 924 185 66 creata.
666 924 101 66 VT
717 924 152 66 autem
818 924 253 66 intellectus
1020 924 185 66 creatus
1155 924 236 66 intelligit
1340 924 152 66 solum
1441 924 101 66 in
1492 924 185 66 virtute
1627 924 185 66 luminis
1745 924 185 66 naturalis

146 971 205 61 concipit
300 971 154 61 illas
402 971 85 61 a
436 971 256 61 posteriori:
641 971 222 61 inquantum
812 971 120 61 per
881 971 205 61 diuersas
1034 971 273 61 persectiones
1257 971 205 61 secundum
1410 971 120 61 rem
1479 971 222 61 respersas
1650 971 120 61 per
1718 971 222 61 creaturas
1872 971 51 61 a

143 1033 238 64 posteriori
330 1033 238 64 perducitur
518 1033 102 64 ad
569 1033 272 64 percipiendum
790 1033 153 64 illas
892 1033 102 64 in
943 1033 204 64 essentia
1097 1033 187 64 diuina,
1233 1033 204 64 formando
1386 1033 102 64 de
1437 1033 119 64 deo
1505 1033 272 64 persectiones
1710 1033 221 64 proportiona

151 1087 138 59 les,
237 1087 86 59 &
272 1087 328 59 correspondentes
548 1087 311 59 perfectionibus
807 1087 294 59 procedentibus
1049 1087 86 59 a
1084 1087 173 59 diuina
1204 1087 259 59 perfectione
1412 1087 155 59 super
1515 1087 242 59 creaturas:
1705 1087 138 59 quae
1792 1087 104 59 vt
1826 1087 104 59 sunt

149 1135 98 69 in
198 1135 261 69 intellectum,
410 1135 163 69 plures
524 1135 131 69 sunt
606 1135 82 69 &
639 1135 245 69 distinctae.
835 1135 98 69 Et
884 1135 114 69 hoc
949 1135 212 69 similiter
1112 1135 114 69 non
1178 1135 131 69 nisi
1259 1135 98 69 ex
1308 1135 196 69 respectu
1455 1135 82 69 &
1488 1135 261 69 comparatione
1700 1135 98 69 ad
1749 1135 131 69 sibi
1815 1135 114 69 corre

142 1185 234 71 spondentia
326 1185 100 71 in
376 1185 234 71 creaturis,
559 1185 133 71 sine
643 1185 117 71 quo
709 1185 200 71 respectu
860 1185 167 71 omnino
976 1185 117 71 non
1043 1185 300 71 intelliguntur,
1293 1185 150 71 neque
1393 1185 100 71 ab
1443 1185 234 71 intellectu
1627 1185 183 71 creato,
1760 1185 150 71 neque
1860 1185 100 71 ab

150 1248 215 62 increato.
316 1248 149 62 sicut
415 1248 149 62 neque
514 1248 281 62 intelliguntur
745 1248 182 62 dextrum
877 1248 83 62 &
910 1248 215 62 sinistrum
1075 1248 99 62 in
1124 1248 198 62 columna,
1273 1248 149 62 neque
1372 1248 231 62 principium
1553 1248 83 62 &
1586 1248 149 62 finis
1685 1248 99 62 in
1735 1248 165 62 puncto
1834 1248 99 62 fine

150 1296 195 68 respectu
296 1296 81 68 &
328 1296 276 68 comparatione:
555 1296 97 68 vt
604 1296 162 68 dictum
717 1296 114 68 est
782 1296 211 68 arguendo.
945 1296 97 68 Et
993 1296 211 68 inquantum
1155 1296 260 68 perfectiones
1366 1296 211 68 huiusmodi
1528 1296 130 68 sunt
1610 1296 97 68 in
1658 1296 195 68 conceptu
1788 1296 146 68 intelle

144 1358 138 55 ctus:
236 1358 184 55 rationes
373 1358 199 55 vocantur.
527 1358 138 55 Ratio
619 1358 123 55 enim
695 1358 184 55 secundum
833 1358 123 55 quod
910 1358 107 55 hic
971 1358 214 55 accipitur,
1139 1358 138 55 nihil
1231 1358 138 55 aliud
1323 1358 107 55 est
1385 1358 123 55 nisi
1461 1358 245 55 perfectionis
1660 1358 199 55 conceptio
1813 1358 92 55 in
1859 1358 107 55 deo

150 1410 282 59 determinatae
379 1410 106 59 ex
432 1410 211 59 respectu
591 1410 106 59 ad
644 1410 282 59 determinatam
873 1410 282 59 persectionem
1102 1410 106 59 ei
1155 1410 335 59 correspondentem
1437 1410 106 59 in
1490 1410 229 59 creatura.
1666 1410 106 59 Et
1719 1410 211 59 secundum
1860 1410 70 59 hu

142 1460 209 58 iusmodi
294 1460 229 58 rationum
466 1460 324 58 diuersitatem,
732 1460 114 58 vt
789 1460 209 58 dicunt,
942 1460 267 58 imponuntur
1151 1460 190 58 nomina
1285 1460 209 58 diuersa
1437 1460 248 58 diuinorum
1627 1460 305 58 attributorum
1856 1460 76 58 si

149 1516 280 64 gnificantium
377 1516 193 64 diuinam
517 1516 228 64 essentiam
692 1516 123 64 sub
762 1516 193 64 ratione
902 1516 228 64 attributi
1077 1516 88 64 &
1112 1516 228 64 respectus
1287 1516 228 64 cuiusdam:
1462 1516 140 64 quae
1550 1516 158 64 tamen
1655 1516 158 64 sicut
1760 1516 105 64 in
1812 1516 105 64 se
1847 1516 88 64 est

149 1566 127 67 vna
222 1566 91 67 &
258 1566 218 67 simplex,
422 1566 127 67 non
494 1566 145 67 nisi
585 1566 164 67 vnico
694 1566 182 67 nomine
822 1566 164 67 habet
931 1566 236 67 nominari.
1113 1566 127 67 HIC
1185 1566 164 67 primo
1295 1566 109 67 ad
1349 1566 218 67 videndum
1513 1566 255 67 inuolucrum
1713 1566 164 67 huius
1804 1566 127 67 posi-

152 1617 178 66 tionis,
281 1617 259 66 aduertendum:
492 1617 129 66 quod
573 1617 129 66 ista
654 1617 146 66 tria:
751 1617 146 66 idea,
848 1617 210 66 perfectio
1010 1617 227 66 creaturae:
1188 1617 81 66 &
1220 1617 227 66 attributum
1398 1617 97 66 in
1446 1617 129 66 deo:
1527 1617 146 66 licet
1625 1617 194 66 secundum
1770 1617 129 66 quod
1835 1617 97 66 plu-

155 1677 217 58 rificantur
325 1677 108 58 non
387 1677 124 58 sunt
464 1677 124 58 nisi
541 1677 186 58 rationes
681 1677 93 58 in
727 1677 124 58 deo:
804 1677 139 58 tamen
897 1677 139 58 inter
990 1677 93 58 se
1037 1677 186 58 diuersas
1176 1677 186 58 rationes
1315 1677 201 58 important
1470 1677 93 58 in
1516 1677 186 58 conceptu
1655 1677 232 58 intellectus
1826 1677 108 58 circa

154 1728 210 60 essentiam
315 1728 193 60 diuinam.
460 1728 97 60 In
509 1728 113 60 hoc
573 1728 210 60 videlicet
734 1728 129 60 quod
815 1728 145 60 omnis
911 1728 210 60 perfectio
1073 1728 97 60 in
1121 1728 193 60 creatura
1266 1728 210 60 inquantum
1427 1728 129 60 ipsa
1508 1728 113 60 est
1572 1728 113 60 res
1637 1728 81 60 &
1669 1728 193 60 essentia
1814 1728 145 60 quae-

152 1787 136 58 dam,
237 1787 153 58 habet
339 1787 102 58 in
390 1787 119 58 deo
457 1787 204 58 rationem
610 1787 170 58 ideae:
729 1787 102 58 et
780 1787 221 58 similiter
949 1787 204 58 rationem
1102 1787 271 58 perfectionis
1322 1787 136 58 sibi
1407 1787 288 58 respondentem.
1645 1787 119 58 Est
1713 1787 136 58 enim
1797 1787 102 58 in
1848 1787 119 58 deo

149 1839 233 61 perfectio
328 1839 89 61 &
364 1839 143 61 idea
453 1839 179 61 asini.
578 1839 233 61 similiter
757 1839 197 61 lapidis
900 1839 89 61 &
936 1839 250 61 caeterarum
1133 1839 179 61 omnium
1258 1839 268 61 absolutarum
1473 1839 286 61 essentiarum,
1705 1839 125 61 tam
1777 1839 197 61 substan

152 1884 145 60 tiarum
253 1884 116 60 quam
325 1884 232 60 accidentium,
514 1884 72 60 &
543 1884 116 60 alia
615 1884 72 60 &
644 1884 116 60 alia
716 1884 203 60 singulorum
876 1884 174 60 secundum
1006 1884 159 60 Aug.lgx
1122 1884 174 60 lxxxiii,
1252 1884 203 60 quaestitu.
1412 1884 101 60 vbi
1470 1884 145 60 dicit.
1571 1884 130 60 Omnia
1658 1884 159 60 ratione
1774 1884 116 60 sunt
1832 1884 101 60 condi

142 1950 113 52 ta:
206 1950 113 52 nec
271 1950 145 52 eadem
367 1950 177 52 ratione
496 1950 129 52 homo
576 1950 113 52 qua
641 1950 161 52 equus:
753 1950 113 52 sed
818 1950 193 52 singula,
963 1950 193 52 propriis
1107 1950 129 52 sunt
1188 1950 161 52 creata
1300 1950 241 52 rationibus.
1493 1950 97 52 ET
1542 1950 145 52 solum
1638 1950 145 52 inter
1735 1950 97 52 se
1767 1950 177 52 differunt

146 1991 133 69 ratio
235 1991 251 69 perfectionis,
441 1991 74 69 &
471 1991 133 69 ratio
559 1991 177 69 idealis:
692 1991 118 69 quod
766 1991 133 69 ratio
855 1991 236 69 perfectionis
1047 1991 177 69 respicit
1179 1991 162 69 diuinam
1297 1991 207 69 essentiam:
1460 1991 89 69 vt
1504 1991 177 69 concepta
1637 1991 103 69 est
1696 1991 89 69 in
1740 1991 118 69 eius
1799 1991 133 69 intelli

148 2043 160 69 gentia:
265 2043 87 69 et
309 2043 189 69 similiter
454 2043 131 69 omnes
542 2043 175 69 rationes
673 2043 117 69 quae
746 2043 117 69 sunt
818 2043 87 69 in
862 2043 87 69 ea
906 2043 87 69 ex
950 2043 175 69 respectu
1081 2043 87 69 ad
1124 2043 160 69 creata,
1241 2043 189 69 inquantum
1387 2043 117 69 sunt
1459 2043 160 69 obiecta
1576 2043 160 69 diuinae
1692 2043 262 69 intelligentie:
1896 2043 44 69 &

146 2098 116 67 hoc
213 2098 100 67 in
263 2098 200 67 respectu
413 2098 100 67 ad
463 2098 266 67 perfectiones
679 2098 266 67 creaturarum:
895 2098 100 67 vt
945 2098 250 67 simpliciter
1145 2098 133 67 sunt
1228 2098 283 67 perfectiones.
1461 2098 150 67 RAtio
1561 2098 133 67 vero
1644 2098 183 67 idealis
1761 2098 166 67 respicit

148 2154 140 60 eandem
246 2154 84 60 vt
288 2154 181 60 conceptam
427 2154 84 60 in
469 2154 112 60 eius
539 2154 251 60 intelligentia:
748 2154 70 60 &
776 2154 181 60 similiter
916 2154 126 60 omnes
1000 2154 168 60 rationes
1125 2154 195 60 praedictas
1279 2154 98 60 non
1335 2154 154 60 solummo
1446 2154 84 60 vt
1488 2154 112 60 sunt
1558 2154 154 60 obiecta
1670 2154 251 60 intelligentiae
1879 2154 84 60 in

149 2211 190 64 respectu
292 2211 95 64 ad
339 2211 254 64 perfectiones
545 2211 95 64 in
593 2211 222 64 creaturis:
767 2211 95 64 vt
815 2211 127 64 sunt
894 2211 238 64 simpliciter
1084 2211 269 64 perfectiones:
1306 2211 111 64 sed
1369 2211 95 64 vt
1417 2211 127 64 sunt
1496 2211 190 64 rationes
1639 2211 254 64 intelligendi
1829 2211 111 64 ipsas

154 2257 257 67 perfectiones
362 2257 128 67 quae
443 2257 128 67 sunt
523 2257 96 67 in
571 2257 144 67 ipsis
667 2257 225 67 creaturis:
844 2257 80 67 &
876 2257 112 67 hoc
940 2257 96 67 in
988 2257 192 67 respectu
1132 2257 96 67 ad
1180 2257 160 67 illas:
1293 2257 96 67 vt
1341 2257 144 67 natae
1437 2257 128 67 sunt
1517 2257 208 67 intelligi
1677 2257 112 67 per
1742 2257 128 67 eas.
1806 2257 128 67 ATtri-

159 2317 138 58 butum
251 2317 123 58 vero
327 2317 107 58 sub
388 2317 168 58 ratione
511 2317 199 58 attributi
664 2317 107 58 non
725 2317 138 58 habet
817 2317 92 58 in
863 2317 107 58 deo
924 2317 199 58 quaelibet
1077 2317 199 58 perfectio
1231 2317 199 58 essentiae
1384 2317 77 58 &
1414 2317 168 58 naturae
1537 2317 92 58 in
1583 2317 184 58 creatura
1721 2317 199 58 existens.
1858 2317 77 58 Non

149 2373 119 62 enim
224 2373 209 62 attributum
388 2373 194 62 inquantum
537 2373 209 62 attributum
701 2373 89 62 in
746 2373 104 62 deo
805 2373 194 62 respondet
955 2373 194 62 essentiae
1104 2373 209 62 creaturae,
1268 2373 104 62 aut
1327 2373 224 62 perfectioni
1506 2373 119 62 eius
1581 2373 194 62 inquantum
1730 2373 119 62 ipsa
1790 2373 149 62 essentia

150 2420 123 64 habet
232 2420 123 64 illam
314 2420 218 64 perfectionem
492 2420 82 64 in
533 2420 82 64 se
574 2420 82 64 vt
615 2420 109 64 sibi
683 2420 218 64 essentialem,
860 2420 68 64 &
888 2420 109 64 quae
956 2420 191 64 perficitur
1106 2420 82 64 in
1147 2420 123 64 esse:
1229 2420 109 64 sic,
1297 2420 82 64 nm
1338 2420 82 64 ab
1379 2420 164 64 essentia
1502 2420 191 64 cuiuslibet
1652 2420 178 64 creaturae
1789 2420 178 64 inquantum

159 2482 177 60 essentia
292 2482 103 60 est
351 2482 221 60 acciperetur
527 2482 221 60 attributum:
704 2482 103 60 sed
763 2482 191 60 respondet
910 2482 191 60 essentiae
1057 2482 191 60 creaturae
1204 2482 74 60 &
1234 2482 221 60 perfectioni
1410 2482 118 60 eius
1484 2482 191 60 inquantum
1631 2482 177 60 creatura
1763 2482 88 60 in
1808 2482 88 60 se
1837 2482 103 60 habet

162 2527 117 65 illam
240 2527 207 65 perfectionem
408 2527 78 65 vt
447 2527 104 65 sibi
512 2527 220 65 accidentalem:
693 2527 78 65 vt
732 2527 104 65 quae
797 2527 181 65 perficitur
939 2527 78 65 in
978 2527 104 65 bene
1043 2527 117 65 esse.
1121 2527 104 65 Vnde
1186 2527 143 65 nominia
1289 2527 104 65 quae
1354 2527 181 65 imponuntur
1497 2527 65 65 a
1522 2527 117 65 rerum
1600 2527 233 65 perfectionibus
1794 2527 168 65 inquantum

164 2579 208 68 perficiunt
328 2579 104 68 eas
387 2579 89 68 in
432 2579 119 68 esse
507 2579 194 68 essentiae
655 2579 134 68 suae:
745 2579 134 68 nullo
834 2579 119 68 modo
909 2579 253 68 transferuntur
1117 2579 89 68 ad
1162 2579 164 68 diuina:
1281 2579 104 68 nec
1340 2579 134 68 ipsae
1430 2579 104 68 res
1489 2579 179 68 secundum
1623 2579 194 68 huiusmodi
1772 2579 164 68 nominia
1876 2579 60 68 vl

157 2631 84 71 lo
199 2631 112 71 modo
269 2631 168 71 dicuntur
396 2631 112 71 esse
466 2631 84 71 in
508 2631 112 71 deo:
578 2631 98 71 sed
634 2631 154 71 solummo
746 2631 154 71 nominia
859 2631 112 71 quae
929 2631 196 71 imponuntur
1083 2631 70 71 a
1111 2631 126 71 rerum
1195 2631 253 71 perfectionibus
1406 2631 182 71 inquantum
1546 2631 196 71 perficiunt
1700 2631 98 71 eas
1757 2631 84 71 in
1799 2631 112 71 bene
1855 2631 84 71 esse

153 2685 119 65 Vnde
228 2685 104 65 non
287 2685 164 65 dicimus
406 2685 119 65 quod
481 2685 119 65 deus
555 2685 104 65 est
615 2685 149 65 asinus
719 2685 104 65 aut
779 2685 149 65 lapis:
883 2685 119 65 siue
957 2685 119 65 quod
1032 2685 149 65 asinus
1136 2685 104 65 aut
1195 2685 134 65 lapis
1285 2685 104 65 est
1344 2685 89 65 in
1389 2685 119 65 deo,
1463 2685 134 65 sicut
1553 2685 164 65 dicimus
1672 2685 119 65 quod
1746 2685 119 65 deus
1821 2685 104 65 est
1866 2685 74 65 sa-

155 2740 152 72 piens
256 2740 84 72 &
290 2740 169 72 bonus,
408 2740 84 72 &
442 2740 135 72 quod
526 2740 219 72 sapientia
695 2740 84 72 &
729 2740 186 72 bonitas
864 2740 101 72 in
914 2740 118 72 deo
982 2740 152 72 sunt.
1083 2740 152 72 Cuius
1184 2740 152 72 ratio
1285 2740 135 72 est,
1370 2740 135 72 quod
1454 2740 135 72 illa
1538 2740 169 72 nomina
1656 2740 236 72 imponuntur
1842 2740 101 72 ad
1876 2740 67 72 si

159 2808 267 55 gnificandum
373 2808 160 55 rerum
479 2808 231 55 essentias
657 2808 213 55 secundum
817 2808 160 55 modum
924 2808 196 55 essendi
1066 2808 285 55 determinatae
1298 2808 285 55 perfectionis
1529 2808 125 55 qua
1600 2808 231 55 quaelibet
1760 2808 178 55 creatura

154 2850 178 64 differt
284 2850 81 64 a
316 2850 130 64 deo,
397 2850 81 64 &
430 2850 81 64 a
462 2850 195 64 quolibet
608 2850 146 64 alio.
705 2850 130 64 Ista
786 2850 146 64 autem
884 2850 227 64 imponuntur
1062 2850 97 64 ad
1111 2850 276 64 significandum
1338 2850 97 64 id
1387 2850 130 64 quod
1468 2850 243 64 significant
1662 2850 114 64 non
1727 2850 195 64 secundum
1857 2850 81 64 ra-

147 2889 168 76 tionem
265 2889 252 76 determinati
467 2889 135 76 modi
551 2889 286 76 persectionis:
787 2889 118 76 sed
854 2889 118 76 sub
921 2889 185 76 ratione
1056 2889 269 76 perfectionis
1275 2889 269 76 simpliciter:
1494 2889 101 76 vt
1544 2889 168 76 melius
1662 2889 84 76 &
1696 2889 236 76 perfectius
1864 2889 84 76 sit

152 2958 162 63 cuique
265 2958 129 63 esse
346 2958 145 63 ipsum
443 2958 129 63 quam
523 2958 113 63 non
588 2958 162 63 ipsum:
701 2958 194 63 secundum
846 2958 129 63 quod
927 2958 145 63 alibi
1024 2958 242 63 exposuimus.
1218 2958 129 63 Vnde
1299 2958 145 63 omnis
1396 2958 113 63 res
1460 2958 81 63 &
1493 2958 210 63 perfectio
1654 2958 194 63 existens
1800 2958 97 63 in
1832 2958 113 63 crea-

153 3010 141 63 turis
247 3010 126 63 siue
326 3010 110 63 sit
389 3010 267 63 substantialis
608 3010 126 63 siue
687 3010 267 63 accidentalis,
906 3010 204 63 inquantum
1063 3010 110 63 res
1126 3010 126 63 est,
1205 3010 78 63 &
1236 3010 157 63 natura
1346 3010 157 63 habens
1456 3010 251 63 determinatum
1660 3010 157 63 gradum
1754 3010 188 63 perfectio-

155 3066 103 60 nis
214 3066 89 60 in
259 3066 103 60 sua
318 3066 192 60 essentia:
465 3066 133 60 habet
554 3066 177 60 rationem
687 3066 236 60 perfectionis
879 3066 89 60 in
923 3066 118 60 deo,
997 3066 74 60 &
1026 3066 133 60 ideam
1115 3066 89 60 in
1159 3066 103 60 sua
1218 3066 207 60 sapientia,
1381 3066 89 60 vt
1425 3066 133 60 homo,
1514 3066 74 60 &
1543 3066 148 60 lapis,
1647 3066 148 60 color,
1750 3066 74 60 &
1780 3066 148 60 sapor,
1868 3066 74 60 sa-

147 3111 164 90 pientia,
270 3111 82 90 de
311 3111 164 90 bonitas,
434 3111 68 90 &
461 3111 150 90 caetera
570 3111 191 90 huiusmodi.
720 3111 95 90 Sed
775 3111 123 90 tamen
856 3111 95 90 non
911 3111 123 90 omnis
993 3111 123 90 habet
1074 3111 82 90 in
1115 3111 136 90 diuina
1211 3111 164 90 essentia
1333 3111 164 90 rationem
1456 3111 191 90 attributi:
1606 3111 95 90 sed
1661 3111 123 90 solum
1742 3111 95 90 res
1797 3111 109 90 illa
1865 3111 109 90 quae
