2430 3722
192 244 214 70 arctata,
352 244 125 70 non
424 244 142 70 enim
513 244 196 70 quaerit
655 244 160 70 vtrum
762 244 196 70 aliquod
904 244 214 70 accidens
1064 244 160 70 manet
1171 244 107 70 in
1225 244 142 70 Deo:
1314 244 125 70 sed
1385 244 160 70 vtrum
1492 244 160 70 manet
1598 244 214 70 essentia
1759 244 214 70 alicuius
1901 244 89 70 ac-

190 312 217 68 cidentis:
358 312 151 68 quasi
458 312 134 68 etsi
542 312 167 68 certum
659 312 134 68 sit,
742 312 134 68 quod
826 312 167 68 nullum
943 312 201 68 accidens
1094 312 151 68 manet
1194 312 100 68 in
1244 312 134 68 Deo,
1328 312 167 68 dubium
1445 312 151 68 tamen
1545 312 117 68 sit
1612 312 100 68 an
1662 312 167 68 maneat
1779 312 100 68 in
1829 312 134 68 ipso
1896 312 84 68 es-

190 359 169 73 sentia
309 359 203 73 alicuius
461 359 288 73 praedicamenti
698 359 254 73 accidentis:
901 359 152 73 licet
1003 359 152 73 ipsum
1104 359 203 73 accidens
1257 359 119 73 non
1325 359 186 73 maneat.
1460 359 152 73 quasi
1562 359 152 73 aliud
1663 359 119 73 sit
1731 359 203 73 essentia
1866 359 119 73 acci-

192 424 167 60 dentis
309 424 83 60 &
342 424 150 60 ipsum
443 424 200 60 accidens
593 424 133 60 siue
676 424 117 60 res
743 424 250 60 accidentis.
943 424 133 60 Quod
1026 424 117 60 non
1093 424 117 60 est
1160 424 167 60 verum:
1277 424 133 60 immo
1360 424 200 60 essentia
1510 424 117 60 tam
1577 424 250 60 substantiae
1777 424 133 60 quam
1844 424 150 60 acciden

198 465 115 74 tis
263 465 115 74 est
329 465 197 74 realitas
477 465 131 74 sua:
559 465 115 74 cui
625 465 197 74 convenit
773 465 148 74 modus
871 465 181 74 essendi
1003 465 99 74 vt
1052 465 148 74 ratio
1151 465 279 74 praedicamenti
1381 465 115 74 sui
1447 465 197 74 propria.
1595 465 131 74 Quia
1677 465 148 74 tamen
1775 465 197 74 quicquid
1907 465 82 74 rei

199 521 103 59 est
258 521 88 59 in
302 521 250 59 praedicamento
508 521 220 59 cuiuscumque
684 521 220 59 accidentis:
860 521 88 59 in
904 521 88 59 eo
948 521 191 59 consistit
1095 521 103 59 sua
1154 521 279 59 accidentalitas,
1389 521 176 59 propria:
1521 521 176 59 secundum
1653 521 117 59 quam
1726 521 235 59 distinguitur
1903 521 73 59 co-

189 573 210 68 ordinatio
350 573 291 68 praedicamenti,
593 573 178 68 manente
722 573 145 68 eodem
819 573 129 68 modo
900 573 178 68 essendi
1029 573 178 68 tanquam
1159 573 178 68 ratione
1288 573 275 68 praedicamenti
1514 573 97 68 in
1563 573 129 68 tota
1644 573 291 68 coordinatione:
1886 573 81 68 &
1902 573 81 68 res

192 631 171 68 nuiius
312 631 291 68 praedicamenti
551 631 239 68 accidentis
739 631 222 68 translati
910 631 103 68 ad
961 631 154 68 Deum,
1064 631 171 68 nanet:
1183 631 188 68 idcirco
1320 631 154 68 etiam
1423 631 188 68 nuilius
1560 631 291 68 praedicamenti
1782 631 205 68 accidentis

198 680 220 62 essentia
363 680 128 62 cum
436 680 275 62 transfertur
656 680 110 62 ad
711 680 165 62 Deum,
821 680 165 62 manet
931 680 110 62 in
986 680 147 62 Deo.
1078 680 110 62 ET
1133 680 147 62 quod
1224 680 238 62 obiicitur
1408 680 110 62 de
1463 680 238 62 relatione
1646 680 147 62 quae
1738 680 128 62 est
1793 680 183 62 accidens

196 736 96 55 in
244 736 225 55 creaturis:
420 736 128 55 quod
501 736 208 55 essentiam
661 736 144 55 habet
757 736 96 55 ab
805 736 96 55 eo
853 736 128 55 quod
934 736 112 55 est
998 736 128 55 esse
1078 736 96 55 ad
1126 736 160 55 aliud:
1238 736 80 55 &
1270 736 112 55 quo
1335 736 96 55 ad
1383 736 112 55 hoc
1447 736 160 55 manet:
1559 736 144 55 quare
1655 736 144 55 manet
1751 736 128 55 eius
1816 736 160 55 essentia

194 786 75 68 &
224 786 105 68 sic
284 786 181 68 essentia
420 786 226 68 accidentis:
600 786 181 68 Dicendum
735 786 181 68 secundum
871 786 105 68 iam
931 786 135 68 dicta
1021 786 120 68 quod
1097 786 105 68 cum
1157 786 105 68 duo
1217 786 120 68 sunt
1292 786 90 68 in
1337 786 181 68 quolibet
1473 786 271 68 praedicamento,
1698 786 105 68 res
1743 786 241 68 praedicamenti,

195 848 77 62 &
225 848 138 62 ratio
317 848 276 62 praedicamenti:
548 848 123 62 quae
624 848 92 62 in
670 848 261 62 praedicamento
885 848 215 62 relationis
1054 848 107 62 est
1116 848 123 62 esse
1192 848 92 62 ad
1238 848 153 62 aliud:
1346 848 77 62 &
1376 848 184 62 essentia
1515 848 276 62 praedicamenti.
1745 848 184 62 secundum
1883 848 123 62 quam

196 898 199 62 procedit
346 898 183 62 diuisio
479 898 100 62 in
528 898 116 62 sua
595 898 299 62 coordinatione.
844 898 216 62 consistit
1010 898 100 62 in
1060 898 116 62 sua
1126 898 232 62 realitate:
1309 898 149 62 patet
1408 898 133 62 quod
1491 898 199 62 essentia
1641 898 232 62 relationis
1824 898 116 62 non
1873 898 100 62 con-

199 954 181 61 sistit
326 954 109 61 in
380 954 127 61 suo
452 954 145 61 esse
543 954 109 61 ad
597 954 181 61 aliud,
724 954 127 61 sed
796 954 109 61 in
851 954 127 61 sua
923 954 253 61 realitate.
1122 954 109 61 ET
1176 954 145 61 Quia
1267 954 217 61 ARCVITVR
1430 954 145 61 quod
1520 954 199 61 relatio
1665 954 109 61 ex
1720 954 290 61 comparatione

192 1000 88 60 &
228 1000 142 60 esse
316 1000 106 60 ad
369 1000 159 60 aliud
475 1000 159 60 habet
581 1000 230 60 essentiam
758 1000 318 60 praedicamenti:
1024 1000 142 60 quia
1112 1000 124 60 per
1183 1000 124 60 hoc
1254 1000 106 60 in
1307 1000 230 60 creaturis
1484 1000 283 60 distinguitur
1714 1000 106 60 ab
1767 1000 159 60 aliis
1855 1000 124 60 prae-

199 1049 268 70 dicamentis:
413 1049 89 70 &
449 1049 250 70 distinctio
645 1049 196 70 generum
788 1049 125 70 est
859 1049 125 70 per
931 1049 143 70 suas
1020 1049 250 70 essentias:
1216 1049 214 70 Dicendum
1376 1049 143 70 quod
1466 1049 107 70 in
1519 1049 321 70 praedicamentis
1787 1049 178 70 duplex
1894 1049 89 70 est

196 1112 194 62 generum
337 1112 265 62 distinctio.
549 1112 123 62 Vna
620 1112 123 62 qua
690 1112 141 62 vnum
778 1112 318 62 praedicamentum
1043 1112 282 62 distinguitur
1272 1112 106 62 ab
1325 1112 159 62 alio.
1431 1112 141 62 Alia
1519 1112 123 62 qua
1590 1112 229 62 quodlibet
1749 1112 229 62 praedicamen

195 1161 118 64 tum
263 1161 270 64 distinguitur
482 1161 101 64 in
533 1161 118 64 sua
600 1161 304 64 coordinatione.
854 1161 169 64 Prima,
972 1161 101 64 vt
1023 1161 169 64 dictum
1141 1161 135 64 est,
1225 1161 186 64 sumitur
1360 1161 152 64 penes
1462 1161 203 64 rationem
1614 1161 304 64 praedicamenti:
1867 1161 101 64 vt
1917 1161 101 64 in

207 1214 281 62 praedicamentis
441 1214 234 62 accidentium
628 1214 140 62 penes
722 1214 140 62 modum
816 1214 172 62 inesse.
940 1214 109 62 lta
1003 1214 125 62 quod
1081 1214 94 62 si
1127 1214 140 62 omnis
1221 1214 109 62 res
1283 1214 78 62 &
1315 1214 140 62 omnes
1408 1214 203 62 essentiae
1564 1214 234 62 accidentium
1751 1214 187 62 haberent
1891 1214 125 62 vnum

197 1267 88 68 &
233 1267 176 68 eundem
356 1267 159 68 modum
462 1267 247 68 inhaerendi
656 1267 282 68 substantiae,
885 1267 159 68 omnes
991 1267 176 68 essent
1115 1267 194 68 eiusdem
1256 1267 318 68 praedicamenti.
1520 1267 141 68 Vnde
1609 1267 141 68 quia
1697 1267 159 68 omnis
1803 1267 123 68 res
1873 1267 141 68 quae

201 1324 209 64 qualitas
358 1324 244 64 appellatur
549 1324 140 64 vnum
637 1324 87 64 &
672 1324 174 64 eundem
794 1324 157 64 modum
898 1324 157 64 habet
1003 1324 262 64 inhaerendi:
1212 1324 87 64 &
1247 1324 227 64 similiter
1422 1324 157 64 omnis
1526 1324 122 64 res
1596 1324 140 64 quae
1683 1324 244 64 appellatur
1875 1324 140 64 quam

194 1377 161 61 titas,
307 1377 145 61 alium
404 1377 145 61 habet
500 1377 145 61 modum
597 1377 226 61 inhaerendi
775 1377 242 61 substantiae
968 1377 129 61 quam
1049 1377 145 61 illae
1146 1377 129 61 quae
1227 1377 194 61 dicuntur
1372 1377 242 61 qualitates:
1565 1377 129 61 ideo
1646 1377 145 61 omnes
1743 1377 145 61 illae
1840 1377 113 61 res
1888 1377 97 61 sunt

202 1428 141 61 vnius
296 1428 282 61 praedicamenti:
532 1428 78 61 &
563 1428 141 61 illae
657 1428 204 61 similiter
814 1428 157 61 vnius,
924 1428 110 61 sed
987 1428 204 61 alterius:
1144 1428 110 61 nec
1206 1428 220 61 dicerentur
1379 1428 173 61 propter
1504 1428 141 61 rerum
1599 1428 78 61 &
1630 1428 235 61 essentiarum
1802 1428 173 61 differen-

197 1482 141 60 tiam
286 1482 141 60 esse
374 1482 247 60 diuersorum
568 1482 353 60 praedicamentorum
868 1482 141 60 nisi
956 1482 212 60 haberent
1115 1482 212 60 diuersum
1273 1482 159 60 modum
1379 1482 247 60 inhaerendi
1573 1482 265 60 substantiae
1785 1482 141 60 siue
1856 1482 123 60 essen

203 1534 100 63 di
253 1534 100 63 in
303 1534 117 63 ea.
370 1534 184 63 Secunda
504 1534 134 63 vero
587 1534 234 63 distinctio
771 1534 184 63 sumitur
905 1534 150 63 penes
1005 1534 117 63 rem
1071 1534 301 63 praedicamenti:
1322 1534 83 63 &
1355 1534 117 63 sit
1422 1534 117 63 per
1489 1534 150 63 rerum
1589 1534 217 63 essentias
1756 1534 200 63 diuersas
1890 1534 83 63 sub

205 1580 178 79 essentia
338 1580 178 79 communis
472 1580 178 79 generis,
605 1580 74 79 &
635 1580 104 79 sub
694 1580 133 79 eadem
783 1580 163 79 ratione
901 1580 163 79 communi
1020 1580 118 79 quae
1094 1580 104 79 est
1153 1580 148 79 ipsius
1256 1580 267 79 praedicamenti:
1479 1580 178 79 secundum
1612 1580 133 79 modum
1701 1580 207 79 inhaerendi
1849 1580 133 79 substan

201 1639 137 55 tiae
286 1639 137 55 siue
372 1639 188 55 essendi
508 1639 102 55 in
559 1639 171 55 eadem.
679 1639 102 55 In
730 1639 119 55 quo
798 1639 102 55 si
850 1639 119 55 non
918 1639 307 55 communicarent,
1174 1639 119 55 non
1242 1639 171 55 essent
1362 1639 188 55 eiusdem
1498 1639 307 55 praedicamenti.
1754 1639 102 55 DE
1788 1639 188 55 praedica-

200 1690 146 70 mento
297 1690 129 70 ergo
378 1690 243 70 relationis:
572 1690 146 70 verum
669 1690 113 70 est
734 1690 129 70 quod
815 1690 97 70 ad
863 1690 146 70 aliud
960 1690 129 70 esse
1041 1690 227 70 constituit
1219 1690 162 70 ipsum,
1333 1690 259 70 distinguendo
1543 1690 146 70 ipsum
1640 1690 97 70 ab
1689 1690 146 70 aliis
1770 1690 210 70 praedicamen

199 1750 119 60 tis.
274 1750 89 60 ld
318 1750 134 60 autem
408 1750 119 60 quod
482 1750 209 60 constituit
647 1750 134 60 ipsum
736 1750 164 60 tanquam
855 1750 134 60 illud
945 1750 104 60 per
1005 1750 119 60 quod
1079 1750 134 60 habet
1169 1750 194 60 distingui
1318 1750 89 60 in
1362 1750 104 60 sua
1422 1750 268 60 coordinatione,
1646 1750 104 60 non
1706 1750 104 60 est
1765 1750 89 60 ad
1810 1750 134 60 aliud
1885 1750 89 60 esse

198 1800 134 61 quia
282 1800 117 61 hoc
349 1800 117 61 est
416 1800 151 61 ratio
517 1800 201 61 communis
668 1800 134 61 quae
752 1800 185 61 circuit
886 1800 151 61 omnia
987 1800 134 61 quae
1071 1800 134 61 sunt
1155 1800 101 61 in
1205 1800 151 61 eodem
1306 1800 302 61 praedicamento.
1557 1800 117 61 Nec
1625 1800 117 61 est
1692 1800 134 61 alia
1776 1800 151 61 ratio
1860 1800 117 61 essen

203 1863 95 59 di
251 1863 95 59 ad
298 1863 142 59 aliud
393 1863 221 59 relationis
566 1863 126 59 quae
645 1863 111 59 est
709 1863 284 59 suppositionis,
945 1863 95 59 ab
993 1863 126 59 illa
1072 1863 126 59 quae
1151 1863 111 59 est
1214 1863 284 59 suppositionis:
1451 1863 126 59 quia
1530 1863 126 59 tunc
1609 1863 158 59 essent
1719 1863 221 59 diuersorum
1877 1863 95 59 prae

197 1912 277 68 dicamentorum.
425 1912 114 68 Sed
490 1912 147 68 istae
587 1912 228 68 relationes
766 1912 81 68 &
799 1912 212 68 similiter
962 1912 147 68 omnes
1059 1912 147 68 aliae
1157 1912 212 68 abinuicem
1320 1912 277 68 distinguuntur
1548 1912 147 68 penes
1645 1912 147 68 ipsas
1743 1912 114 68 res
1808 1912 98 68 in
1841 1912 130 68 quibus

200 1959 201 73 consistit
354 1959 186 73 essentia
494 1959 155 73 earum:
602 1959 139 73 sicut
695 1959 108 73 est
757 1959 139 73 earum
850 1959 201 73 realitas.
1005 1959 93 73 In
1052 1959 139 73 nullo
1145 1959 124 73 enim
1222 1959 263 73 praedicamento
1439 1959 108 73 est
1501 1959 139 73 aliud
1594 1959 108 73 res
1656 1959 263 73 praedicamenti
1873 1959 124 73 quam

195 2014 129 61 eius
275 2014 209 61 essentia.
436 2014 96 61 ET
484 2014 112 61 sic
548 2014 112 61 cum
613 2014 96 61 in
661 2014 273 61 praedicamento
886 2014 225 61 relationis
1062 2014 96 61 in
1111 2014 209 61 creaturis
1271 2014 129 61 tria
1352 2014 241 61 conveniant:
1544 2014 161 61 Primum
1657 2014 129 61 quod
1737 2014 112 61 sit
1801 2014 112 61 res
1849 2014 129 61 aliqua

197 2072 149 66 licet
297 2072 116 66 per
363 2072 149 66 illud
462 2072 149 66 super
562 2072 133 66 quod
645 2072 215 66 fundatur:
810 2072 99 66 vt
860 2072 166 66 dictum
976 2072 133 66 est:
1059 2072 199 66 Secundum
1208 2072 133 66 quod
1291 2072 116 66 sit
1357 2072 99 66 in
1407 2072 133 66 alio
1490 2072 99 66 vt
1539 2072 99 66 in
1589 2072 199 66 subiecto
1738 2072 116 66 cui
1788 2072 182 66 inhaeret:

205 2121 190 57 Tertium
343 2121 138 57 quod
430 2121 121 57 cum
499 2121 121 57 hoc
568 2121 190 57 oportet
706 2121 138 57 quod
793 2121 121 57 hoc
862 2121 138 57 esse
948 2121 173 57 habeat
1070 2121 104 57 in
1121 2121 208 57 respectu
1277 2121 104 57 ad
1329 2121 173 57 aliud:
1450 2121 121 57 quo
1519 2121 104 57 ad
1571 2121 156 57 prima
1675 2121 121 57 duo
1744 2121 138 57 quae
1813 2121 156 57 commnia

192 2176 155 64 habet
295 2176 121 64 cum
364 2176 155 64 aliis
468 2176 311 64 praedicamentis
727 2176 276 64 accidentium,
952 2176 121 64 cum
1021 2176 259 64 transfertur
1228 2176 104 64 ad
1280 2176 190 64 diuina,
1418 2176 190 64 mutatur
1556 2176 121 64 res
1626 2176 138 64 eius
1712 2176 104 64 in
1764 2176 121 64 rem
1816 2176 155 64 substan

196 2233 140 62 tiae
284 2233 158 62 super
390 2233 140 62 quam
477 2233 211 62 fundatur
635 2233 105 62 in
688 2233 140 62 deo:
776 2233 88 62 &
811 2233 140 62 esse
898 2233 105 62 in
951 2233 211 62 subiecto
1109 2233 105 62 in
1162 2233 211 62 secundum
1320 2233 105 62 se
1372 2233 88 62 &
1407 2233 123 62 non
1478 2233 105 62 in
1530 2233 140 62 alio
1618 2233 158 62 esse:
1723 2233 88 62 &
1758 2233 158 62 manet
1846 2233 123 62 solum

199 2280 119 70 quo
267 2280 102 70 ad
318 2280 153 70 illud
420 2280 136 70 quod
506 2280 136 70 sibi
591 2280 204 70 proprium
744 2280 136 70 est:
829 2280 119 70 quo
898 2280 273 70 distinguitur
1119 2280 85 70 &
1153 2280 85 70 a
1187 2280 239 70 substantia
1375 2280 85 70 &
1409 2280 85 70 a
1443 2280 204 70 quolibet
1596 2280 222 70 accidente
1767 2280 153 70 alio:
1869 2280 136 70 quid

198 2332 107 70 est
259 2332 138 70 ratio
351 2332 260 70 praedicamenti
565 2332 229 70 relationis:
748 2332 183 70 scilicet
886 2332 92 70 ad
931 2332 138 70 aliud
1023 2332 122 70 esse
1100 2332 153 70 nudum.
1207 2332 107 70 Non
1268 2332 122 70 quod
1344 2332 122 70 ista
1421 2332 138 70 ratio
1512 2332 122 70 sola
1589 2332 107 70 sit
1650 2332 138 70 ipsum
1726 2332 245 70 praedicamentum

194 2389 245 64 relationis
386 2389 105 64 in
438 2389 140 64 deo:
525 2389 157 64 sicut
630 2389 122 64 nec
700 2389 122 64 est
770 2389 105 64 in
822 2389 245 64 creaturis:
1014 2389 122 64 sed
1084 2389 314 64 praedicamentum
1346 2389 245 64 relationis
1538 2389 105 64 in
1591 2389 122 64 deo
1661 2389 122 64 est
1730 2389 122 64 res
1800 2389 122 64 cui
1853 2389 122 64 conue

196 2443 127 64 nit
268 2443 109 64 in
323 2443 109 64 se
377 2443 145 64 esse
468 2443 127 64 non
540 2443 236 64 absolute:
721 2443 127 64 sed
794 2443 109 64 in
848 2443 217 64 respectu
1011 2443 109 64 ad
1066 2443 181 64 aliud:
1193 2443 272 64 quemadmodum
1410 2443 109 64 in
1465 2443 236 64 creaturis
1646 2443 326 64 praedicamentum
1900 2443 72 64 re

196 2495 203 61 lationis
348 2495 118 61 est
416 2495 118 61 res
484 2495 118 61 cui
551 2495 203 61 conuenit
704 2495 102 61 in
755 2495 135 61 alio
839 2495 135 61 esse
924 2495 118 61 non
991 2495 220 61 absolute,
1161 2495 118 61 sed
1228 2495 102 61 in
1279 2495 203 61 respectu
1431 2495 102 61 ad
1482 2495 169 61 aliud.
1601 2495 118 61 Sed
1668 2495 118 61 non
1736 2495 118 61 est
1787 2495 186 61 relationi

206 2549 180 70 propria
336 2549 196 70 realitas
483 2549 131 70 alia
565 2549 82 70 a
598 2549 212 70 realitate
761 2549 114 70 sui
826 2549 229 70 fundamenti
1006 2549 98 70 in
1055 2549 131 70 deo:
1136 2549 147 70 sicut
1234 2549 147 70 neque
1332 2549 98 70 in
1381 2549 229 70 creaturis.
1561 2549 147 70 Neque
1659 2549 212 70 similiter
1806 2549 163 70 essentia

203 2605 133 64 alia
287 2605 117 64 est
353 2605 233 64 relationis
536 2605 100 64 in
586 2605 117 64 deo
653 2605 100 64 ab
703 2605 200 64 essentia
853 2605 117 64 sui
919 2605 250 64 fundamenti:
1119 2605 150 64 sicut
1219 2605 150 64 neque
1319 2605 100 64 in
1352 2605 200 64 creaturis.

544 2659 188 58 Equuntur
685 2659 235 58 quaestiones
873 2659 125 58 quae
951 2659 203 58 pertinent
1107 2659 94 58 ad
1154 2659 172 58 diuinae
1279 2659 235 58 substantiae
1467 2659 203 58 actionem.
1623 2659 109 58 Vbi
1686 2659 235 58 quaerebatur
1873 2659 125 58 vnum

551 2707 98 63 de
600 2707 131 63 eius
681 2707 179 63 actione
812 2707 228 63 interiori:
991 2707 196 63 scilicet
1138 2707 147 63 vtrum
1236 2707 98 63 in
1285 2707 114 63 Deo
1350 2707 114 63 sit
1415 2707 163 63 ponere
1530 2707 179 63 aliquam
1660 2707 245 63 infinitatem
1856 2707 147 63 idea-

549 2760 121 64 rum
618 2760 121 64 vel
687 2760 260 64 cognitorum.
896 2760 104 64 Et
948 2760 139 64 alia
1034 2760 121 64 duo
1104 2760 104 64 de
1156 2760 139 64 eius
1242 2760 191 64 actione
1381 2760 243 64 transeunte
1572 2760 104 64 in
1624 2760 191 64 aliquid
1763 2760 173 64 extra.
1867 2760 104 64 ClR-

537 2823 101 67 ca
588 2823 169 67 primum
706 2823 203 67 arguitur
858 2823 135 67 quod
942 2823 135 67 sic.
1027 2823 186 67 quoniam
1162 2823 101 67 ex
1212 2823 118 67 hoc
1280 2823 118 67 est
1347 2823 135 67 idea
1432 2823 101 67 in
1482 2823 135 67 Deo,
1567 2823 84 67 &
1601 2823 101 67 ex
1651 2823 118 67 hoc
1719 2823 219 67 cognoscit
1871 2823 101 67 alia

540 2869 79 62 a
572 2869 110 62 se,
635 2869 126 62 quod
713 2869 126 62 ipse
792 2869 173 62 ratione
918 2869 126 62 suae
997 2869 252 62 perfectionis
1201 2869 110 62 est
1264 2869 220 62 imitabilis
1437 2869 79 62 a
1469 2869 220 62 creaturis:
1642 2869 79 62 &
1673 2869 126 62 quod
1752 2869 126 62 ipse
1830 2869 142 62 omnes
1909 2869 63 62 su

538 2919 100 71 as
588 2919 334 71 commutabilitates
872 2919 234 71 cognoscit.
1055 2919 117 71 sed
1122 2919 133 71 ipse
1206 2919 184 71 ratione
1339 2919 133 71 suae
1422 2919 267 71 perfectionis
1639 2919 217 71 infinitae
1806 2919 200 71 secundum

546 2974 192 59 infinitos
694 2974 148 59 gradus
797 2974 207 59 imitabilis
960 2974 103 59 est
1019 2974 74 59 a
1048 2974 207 59 creaturis:
1211 2974 74 59 &
1240 2974 133 59 omnes
1329 2974 133 59 illos
1418 2974 133 59 simul
1506 2974 133 59 actum
1595 2974 207 59 cognoscit.
1757 2974 118 59 Ergo
1817 2974 162 59 infinitae

198 3035 137 63 ideae
289 3035 122 63 sunt
365 3035 91 63 in
411 3035 137 63 ipso:
502 3035 76 63 &
533 3035 183 63 infinita
669 3035 91 63 in
715 3035 91 63 se
761 3035 137 63 simul
852 3035 137 63 actum
943 3035 213 63 cognoscit.
1111 3035 122 63 Quod
1187 3035 107 63 est
1248 3035 152 63 maxime
1354 3035 167 63 apparet
1476 3035 91 63 ex
1522 3035 137 63 parte
1613 3035 243 63 cognitionis.
1811 3035 167 63 quoniam
1917 3035 61 63 et

205 3078 84 84 si
247 3078 141 84 essent
346 3078 84 84 in
388 3078 113 84 ipso
458 3078 127 84 ideae
543 3078 183 84 specierum
684 3078 169 84 finitae:
810 3078 127 84 tamen
895 3078 99 84 sub
951 3078 99 84 vna
1007 3078 141 84 specie
1106 3078 169 84 infinita
1233 3078 169 84 praesent
1359 3078 113 84 esse
1430 3078 183 84 indiuidua
1571 3078 169 84 secundum
1697 3078 239 84 successionem:
1895 3078 113 84 quam
