2449 3743
492 259 127 75 non
564 259 271 75 successiue:
781 259 127 75 sed
854 259 163 75 simul
962 259 163 75 omnia
1071 259 253 75 cognoscit.
1269 259 145 75 ergo
1360 259 127 75 &c.
1432 259 199 75 CONtra.
1577 259 108 75 si
1631 259 108 75 in
1685 259 127 75 Deo
1758 259 181 75 essent
1884 259 235 75 infinitae
2065 259 181 75 ideae,
2192 259 90 75 &
2210 259 90 75 per

489 307 144 98 illas
585 307 192 98 infinita
729 307 192 98 secundum
873 307 176 98 species
1002 307 272 98 cognoscerent:
1226 307 112 98 cum
1290 307 192 98 cuilibet
1434 307 144 98 ideae
1530 307 224 98 respondeat
1706 307 160 98 gradus
1818 307 256 98 determinatus
2027 307 256 98 perfectionis
2235 307 96 98 in

493 367 197 92 creatura:
644 367 121 92 ergo
720 367 136 92 licet
811 367 182 92 essentia
947 367 212 92 cuiuslibet
1113 367 197 92 creaturae
1265 367 182 92 secundum
1401 367 182 92 specieum
1537 367 136 92 esset
1628 367 166 92 finitae
1749 367 257 92 perfectionis:
1961 367 136 92 tamen
2052 367 212 92 totalitas,
2203 367 91 92 siue

492 425 260 91 vniuersitas
700 425 260 91 essentiarum
908 425 277 91 perfectionis
1133 425 173 91 omnium
1255 425 156 91 creat
1359 425 191 91 urarum,
1497 425 156 91 simul
1601 425 260 91 infinitatem
1809 425 191 91 quandam
1948 425 277 91 perfectionis
2156 425 139 91 impor-

496 482 169 85 taret.
615 482 102 85 Et
665 482 118 85 cum
733 482 203 85 secundum
885 482 254 85 Philosophum
1088 482 152 85 primo
1190 482 152 85 Caeli
1291 482 85 85 &
1325 482 169 85 Mundi,
1444 482 220 85 infinitum
1613 482 203 85 infinito
1765 482 152 85 neque
1867 482 152 85 maius
1968 482 135 85 sit,
2053 482 152 85 neque
2155 482 169 85 minus:

492 536 140 89 ergo
580 536 228 89 persectio
755 536 123 89 Dei
826 536 123 89 non
896 536 140 89 erit
983 536 158 89 maior
1088 536 263 89 perfectione
1299 536 298 89 vniuersitatis
1544 536 280 89 creaturarum:
1772 536 158 89 neque
1877 536 140 89 ista
1965 536 158 89 minor
2070 536 175 89 illa,.
2193 536 140 89 quod

494 592 132 77 est
570 592 245 77 absurdum.
758 592 113 77 EX
815 592 170 77 parte
928 592 151 77 vero
1023 592 283 77 cognitionis
1249 592 226 77 arguitur
1419 592 283 77 specialiter
1645 592 151 77 sic.
1740 592 151 77 Quod
1834 592 226 77 repugnat
2004 592 245 77 entitati,
2174 592 113 77 repu

485 638 141 83 gnat
573 638 369 83 cognoscibilitati.
890 638 141 83 Quia
978 638 158 83 sicut
1084 638 106 83 se
1136 638 158 83 habet
1242 638 264 83 vnumquodque
1453 638 106 83 ad
1506 638 158 83 esse:
1611 638 123 83 sic
1682 638 106 83 se
1735 638 158 83 habet
1840 638 106 83 ad
1893 638 282 83 cognitionem.
2122 638 106 83 vt
2157 638 123 83 dici-

491 707 140 75 tur.
579 707 105 75 i.
632 707 298 75 Metaphysicae.
877 707 228 75 Infinitum
1053 707 211 75 repugnat
1211 707 211 75 entitati
1369 707 246 75 creaturae.
1562 707 140 75 ergo
1649 707 88 75 &
1684 707 368 75 cognoscibilitati.
2000 707 140 75 Deus
2088 707 158 75 autem
2193 707 123 75 non

497 753 234 82 cognoscit
677 753 144 82 nisi
767 753 306 82 cognoscibile.
1019 753 144 82 ergo
1109 753 126 82 &c.
1181 753 216 82 DICENdum
1343 753 144 82 quod
1434 753 144 82 alia
1524 753 126 82 est
1596 753 270 82 difficultas
1812 753 270 82 quaestionis
2028 753 162 82 huius
2136 753 108 82 ex
2172 753 108 82 par-

489 805 106 87 te
542 805 212 87 idearum,
702 805 88 87 &
737 805 106 87 ex
790 805 159 87 parte
896 805 265 87 cognitorum,
1108 805 195 87 quoniam
1250 805 142 87 idea
1338 805 230 87 respectum
1515 805 159 87 dicit
1621 805 106 87 ad
1675 805 230 87 essentias
1851 805 177 87 rerum:
1975 805 124 87 ita
2046 805 142 87 quod
2134 805 177 87 infini

491 860 120 91 tas
560 860 189 91 idearum
697 860 241 91 necessario
886 860 155 91 ponit
989 860 258 91 infinitatem
1195 860 258 91 essentiarum
1402 860 223 91 creaturae
1573 860 206 91 secundum
1728 860 206 91 speciem.
1883 860 103 91 Et
1934 860 120 91 cum
2003 860 189 91 species
2123 860 155 91 quaeli-

493 914 123 99 bet
564 914 212 99 diuersae
723 914 212 99 diuersos
881 914 176 99 gradus
1005 914 282 99 perfectionis
1234 914 176 99 habent
1358 914 106 99 in
1411 914 123 99 se:
1481 914 229 99 infinitas
1658 914 194 99 idearum
1799 914 159 99 ponit
1905 914 229 99 infinitos
2081 914 176 99 gradus
2187 914 88 99 per

486 967 239 99 fectionum
670 967 276 99 infinitarum
891 967 276 99 essentiarum
1112 967 184 99 specie
1241 967 313 99 differentium.
1499 967 221 99 Cognitio
1664 967 166 99 autem
1775 967 276 99 infinitorum
1996 967 184 99 potest
2106 967 166 99 attendi

501 1026 114 94 quo
566 1026 98 94 ad
615 1026 114 94 ea,
680 1026 130 94 quae
761 1026 130 94 sunt
842 1026 98 94 de
891 1026 130 94 ipsa
973 1026 163 94 diuina
1086 1026 211 94 essentia:
1249 1026 98 94 vt
1298 1026 114 94 est
1363 1026 211 94 infinitas
1526 1026 195 94 rationum
1672 1026 293 94 attributalium:
1916 1026 98 94 si
1965 1026 146 94 forte
2063 1026 146 94 esset
2160 1026 98 94 in
2193 1026 81 94 Deo

495 1085 124 90 vel
566 1085 124 90 quo
637 1085 106 90 ad
690 1085 106 90 ea
743 1085 141 90 quae
831 1085 141 90 sunt
920 1085 159 90 extra
1026 1085 141 90 eum.
1114 1085 106 90 Et
1167 1085 124 90 hoc
1238 1085 124 90 vel
1309 1085 124 90 quo
1380 1085 106 90 ad
1433 1085 265 90 differentia
1645 1085 195 90 specie.
1786 1085 106 90 in
1840 1085 124 90 quo
1910 1085 159 90 eodem
2016 1085 159 90 cursu
2105 1085 159 90 currunt

493 1134 228 96 infinitas
669 1134 210 96 idearum,
827 1134 88 96 &
862 1134 228 96 infinitas
1037 1134 263 96 cognitorum:
1247 1134 140 96 nisi
1335 1134 158 96 forte
1440 1134 123 96 quo
1510 1134 105 96 ad
1563 1134 193 96 species
1703 1134 245 96 numerorum,
1896 1134 123 96 vel
1966 1134 123 96 quo
2036 1134 105 96 ad
2071 1134 193 96 differen-

491 1200 123 83 tia
562 1200 246 83 numerorum:
755 1200 123 83 vbi
825 1200 158 83 forte
931 1200 176 83 potest
1054 1200 141 83 esse
1142 1200 229 83 infinitas
1318 1200 264 83 cognitorum:
1529 1200 141 83 quia
1617 1200 229 83 indiuidua
1792 1200 211 83 proprias
1951 1200 158 83 ideas
2056 1200 105 83 in
2109 1200 123 83 Deo
2179 1200 123 83 non

487 1244 207 93 habent.
638 1244 207 93 QVANtum
789 1244 151 93 ergo
883 1244 113 93 ad
940 1244 170 93 istam
1053 1244 283 93 quaestionem
1279 1244 245 93 pertinet,
1468 1244 113 93 de
1524 1244 264 93 infinitate
1732 1244 226 93 idearum,
1902 1244 94 93 &
1939 1244 264 93 cognitorum
2128 1244 132 93 extra

480 1299 108 97 se
534 1299 181 97 specie
661 1299 307 97 differentium,
914 1299 127 97 vel
986 1299 289 97 quorumcunque
1221 1299 271 97 absolutorum
1438 1299 163 97 intra
1547 1299 127 97 se:
1619 1299 217 97 dicendum
1782 1299 145 97 quod
1872 1299 108 97 in
1927 1299 199 97 omnibus
2053 1299 199 97 quaestio-

490 1355 162 98 nibus
598 1355 144 98 quae
688 1355 198 98 tangunt
832 1355 234 98 potentiam
1012 1355 198 98 actiuam
1156 1355 108 98 in
1210 1355 198 98 aliquid
1354 1355 198 98 agendo,
1498 1355 234 98 huiusmodi
1678 1355 198 98 oportet
1822 1355 180 98 tenere
1948 1355 216 98 regulam,
2110 1355 144 98 quod
2182 1355 72 98 vi

481 1419 202 74 delicet
628 1419 294 74 inspiciendum
867 1419 129 74 est
941 1419 110 74 ad
996 1419 239 74 potentiam
1180 1419 221 74 passiuam
1345 1419 110 74 ex
1400 1419 166 74 parte
1511 1419 276 74 recipientis
1732 1419 110 74 in
1787 1419 110 74 se
1842 1419 202 74 diuinam
1989 1419 221 74 actionem
2155 1419 110 74 in
2191 1419 74 74 fi

489 1468 149 87 endo:
589 1468 149 87 vtrum
688 1468 199 87 scilicet
838 1468 216 87 potentiae
1004 1468 182 87 actiuae
1136 1468 100 87 in
1186 1468 133 87 illo
1269 1468 232 87 respondeat
1451 1468 166 87 aliqua
1567 1468 199 87 potentia
1717 1468 182 87 passiua
1849 1468 100 87 in
1899 1468 149 87 isto.
1999 1468 116 87 hoc
2065 1468 133 87 est:
2148 1468 149 87 vtrum

479 1530 241 90 possibile
665 1530 130 90 sit
739 1530 185 90 fieri,
869 1530 130 90 vel
943 1530 167 90 esse:
1054 1530 111 90 de
1110 1530 130 90 quo
1184 1530 241 90 quaeritur
1369 1530 167 90 vtrum
1480 1530 241 90 possibile
1666 1530 130 90 sit
1740 1530 148 90 Deum
1833 1530 204 90 facere.
1981 1530 148 90 VNDE
2074 1530 130 90 cum
2129 1530 130 90 propo

471 1590 130 82 sita
552 1590 195 82 quaestio
698 1590 98 82 de
747 1590 228 82 infinitate
926 1590 195 82 idearum,
1072 1590 81 82 &
1105 1590 228 82 cognitorum
1284 1590 195 82 secundum
1430 1590 179 82 speciem
1560 1590 163 82 extra,
1674 1590 114 82 vel
1739 1590 260 82 quorumcunque
1950 1590 146 82 intra
2048 1590 98 82 se
2096 1590 98 82 in
2145 1590 114 82 Deo
2194 1590 65 82 de

478 1634 183 91 pendeat
611 1634 100 91 ab
661 1634 233 91 infinitate
844 1634 250 91 essentiarum
1044 1634 266 91 specificarum
1261 1634 150 91 rerum
1360 1634 250 91 factibilium
1560 1634 83 91 a
1593 1634 116 91 Deo
1660 1634 200 91 secundum
1810 1634 166 91 gradus
1926 1634 216 91 infinitos
2093 1634 150 91 extra
2176 1634 83 91 se,

477 1700 120 85 vel
545 1700 274 85 quorumcunque
768 1700 256 85 infinitorum
973 1700 154 85 intra
1075 1700 120 85 se:
1144 1700 154 85 nihil
1246 1700 137 85 enim
1332 1700 154 85 habet
1434 1700 154 85 ideam
1537 1700 103 85 in
1588 1700 137 85 Deo,
1674 1700 120 85 aut
1742 1700 325 85 imitabilitatem,
2016 1700 120 85 aut
2067 1700 188 85 cognosci-

469 1742 240 95 bilitatems:
661 1742 112 95 per
725 1742 128 95 quam
804 1742 112 95 res
868 1742 128 95 ipsa
948 1742 272 95 cognoscibilis
1172 1742 112 95 est
1236 1742 80 95 a
1268 1742 128 95 Deo:
1348 1742 128 95 nisi
1427 1742 112 95 sit
1491 1742 160 95 natura
1603 1742 112 95 aut
1667 1742 192 95 essentia
1811 1742 208 95 specifica
1970 1742 96 95 in
2018 1742 128 95 esse
2082 1742 176 95 quiditati

463 1804 111 87 uo:
526 1804 142 87 licet
621 1804 111 87 non
685 1804 111 87 sit
748 1804 174 87 aliquid
874 1804 95 87 in
922 1804 206 87 effectum:
1080 1804 253 87 inspiciendum
1285 1804 111 87 est
1349 1804 127 87 ergo
1428 1804 95 87 in
1475 1804 206 87 proposita
1633 1804 237 87 quaestione,
1823 1804 142 87 vtrum
1918 1804 111 87 sit
1981 1804 206 87 possibile
2139 1804 95 87 in
2171 1804 79 87 re-

463 1861 111 69 rum
526 1861 158 69 natura
637 1861 126 69 esse
716 1861 205 69 essentias
874 1861 142 69 rerum
969 1861 190 69 secundum
1111 1861 158 69 gradus
1222 1861 253 69 perfectionis
1427 1861 126 69 sese
1506 1861 221 69 excedentes
1680 1861 126 69 esse
1759 1861 221 69 infinitas,
1933 1861 174 69 quoniam
2059 1861 95 69 si
2107 1861 126 69 sic:
2170 1861 79 69 cum

461 1916 136 80 esse
546 1916 153 80 rerum
648 1916 272 80 quiditatiuum
869 1916 119 80 non
936 1916 204 80 dependet
1089 1916 85 80 a
1123 1916 204 80 tempore,
1276 1916 119 80 sed
1344 1916 119 80 sit
1412 1916 102 80 in
1463 1916 255 80 aeternitate
1667 1916 119 80 per
1735 1916 204 80 rationem
1887 1916 153 80 extra
1989 1916 119 80 rem
2057 1916 136 80 quam
2125 1916 119 80 habet

463 1967 93 78 in
510 1967 186 78 aeterno:
650 1967 78 78 &
681 1967 93 78 in
727 1967 186 78 aeternis
867 1967 109 78 non
929 1967 202 78 differunt
1084 1967 124 78 esse
1161 1967 78 78 &
1192 1967 155 78 posse:
1301 1967 186 78 ponendum
1441 1967 109 78 est
1503 1967 124 78 quod
1580 1967 202 78 essentiae
1735 1967 140 78 rerum
1828 1967 186 78 secundum
1968 1967 155 78 gradus
2061 1967 186 78 perfectio-

455 2024 117 72 nis
522 2024 134 72 sunt
606 2024 235 72 infinitae:
790 2024 84 72 &
824 2024 134 72 quod
908 2024 134 72 Deus
991 2024 218 72 infinitas
1159 2024 151 72 earum
1259 2024 151 72 ideas
1360 2024 168 72 habeat
1477 2024 101 72 in
1528 2024 117 72 se,
1595 2024 84 72 &
1628 2024 251 72 infinitorum
1829 2024 201 72 secundum
1980 2024 168 72 specie
2080 2024 168 72 notitiam

455 2077 187 82 secundum
596 2077 125 82 eas.
674 2077 109 82 Sin
736 2077 140 82 autem
830 2077 218 82 nequaquam,
1002 2077 187 82 dependet
1142 2077 125 82 ergo
1220 2077 218 82 dissolutio
1392 2077 218 82 propositae
1563 2077 234 82 quaestionis
1751 2077 78 82 a
1782 2077 187 82 cuiusdam
1922 2077 187 82 alterius
2047 2077 203 82 quaestionis

450 2142 288 79 dissolutione:
688 2142 102 79 An
738 2142 204 79 scilicet
891 2142 221 79 possibile
1061 2142 119 79 est
1129 2142 102 79 in
1179 2142 204 79 essentia
1332 2142 85 79 &
1366 2142 170 79 natura
1485 2142 221 79 creaturae
1654 2142 170 79 ponere
1773 2142 136 79 quod
1858 2142 119 79 vna
1926 2142 153 79 aliam
2027 2142 102 79 in
2078 2142 204 79 imitando

448 2188 203 69 diuinam
595 2188 295 69 perfectionem
835 2188 185 69 possit
964 2188 185 69 semper
1094 2188 222 69 secundum
1260 2188 185 69 gradum
1389 2188 203 69 maiorem
1537 2188 92 69 &
1573 2188 203 69 minorem
1721 2188 222 69 excedere
1887 2188 111 69 in
1943 2188 258 69 infinitum,
2127 2188 111 69 quia

452 2243 104 90 si
504 2243 122 90 sit
573 2243 244 90 possibile:
765 2243 261 90 necessarium
974 2243 122 90 est
1043 2243 174 90 ponere
1165 2243 104 90 in
1217 2243 122 90 Deo
1287 2243 139 90 esse
1374 2243 226 90 infinitas
1548 2243 174 90 ideas:
1670 2243 87 90 &
1705 2243 157 90 ipsum
1809 2243 261 90 infinitorum
2018 2243 174 90 habere
2122 2243 122 90 cogni

446 2312 190 55 tionem.
584 2312 104 55 Si
636 2312 138 55 non,
722 2312 190 55 econtra
860 2312 259 55 impossibile
1068 2312 121 55 est
1137 2312 155 55 illud
1240 2312 173 55 ponere
1361 2312 104 55 in
1413 2312 155 55 esse:
1517 2312 121 55 nec
1586 2312 138 55 Deus
1672 2312 190 55 habebit
1810 2312 225 55 infinitas
1983 2312 173 55 ideas,
2104 2312 121 55 nec
2156 2312 86 55 co-

455 2365 237 71 gnitionem
637 2365 274 71 infinitorum
856 2365 219 71 secundum
1020 2365 219 71 speciem.
1185 2365 109 71 Et
1239 2365 237 71 similiter
1422 2365 128 71 est
1495 2365 109 71 de
1550 2365 255 71 infinitate
1750 2365 255 71 cognitorum
1951 2365 164 71 intra
2061 2365 128 71 se.
2134 2365 146 71 Quid

454 2425 163 67 autem
563 2425 109 67 de
617 2425 127 67 hac
690 2425 181 67 vltima
817 2425 254 67 quaestione
1016 2425 254 67 sentiendum
1215 2425 145 67 est:
1306 2425 236 67 obscurum,
1487 2425 91 67 &
1524 2425 181 67 multum
1651 2425 199 67 remotum
1796 2425 127 67 est
1868 2425 91 67 a
1904 2425 181 67 nobis:
2031 2425 199 67 propter
2176 2425 109 67 in

457 2471 428 56 comprehensibilitatem
832 2471 285 56 infinitatis.
1063 2471 178 56 Certum
1188 2471 160 56 tamen
1295 2471 125 56 est
1366 2471 160 56 nobis
1473 2471 107 56 in
1527 2471 125 56 hac
1598 2471 267 56 quaestione,
1812 2471 196 56 quantum
1955 2471 107 56 ad
2008 2471 178 56 ideas,
2133 2471 89 56 &
2151 2471 89 56 es-

446 2516 188 88 sentias
582 2516 153 88 rerum
685 2516 205 88 secundum
838 2516 205 88 speciem:
991 2516 136 88 quod
1077 2516 222 88 processus
1247 2516 136 88 ille
1332 2516 205 88 secundum
1486 2516 170 88 gradus
1605 2516 290 88 persectionis,
1844 2516 205 88 secundum
1997 2516 153 88 magis
2100 2516 85 88 &
2117 2516 119 88 minus

453 2573 201 77 imitando
604 2573 184 77 diuinam
738 2573 268 77 perfectionem
956 2573 101 77 in
1006 2573 218 77 infinitum
1174 2573 117 77 est
1241 2573 117 77 per
1308 2573 235 77 additionem
1492 2573 101 77 ad
1542 2573 184 77 formam:
1676 2573 134 77 quia
1760 2573 151 77 omnis
1861 2573 218 77 persectio
2028 2573 117 77 est
2095 2573 84 77 a
2112 2573 134 77 forma.

451 2626 104 77 Et
503 2626 121 77 ita
572 2626 173 77 gradus
693 2626 207 77 superior
848 2626 104 77 in
900 2626 207 77 imitando
1055 2626 121 77 est
1124 2626 86 77 a
1159 2626 155 77 forma
1263 2626 276 77 perfectiori.
1487 2626 104 77 Si
1539 2626 138 77 ergo
1625 2626 225 77 processus
1798 2626 138 77 ille
1884 2626 242 77 possibilis
2074 2626 155 77 esset
2161 2626 86 77 pro

454 2692 168 52 gredi
566 2692 112 52 in
622 2692 243 52 infinitum
809 2692 112 52 in
865 2692 187 52 forma:
996 2692 149 52 ergo
1089 2692 131 52 per
1164 2692 299 52 appositionem
1407 2692 243 52 procedere
1593 2692 187 52 potest
1724 2692 243 52 augmentum
1911 2692 280 52 simpliciter
2135 2692 93 52 &
2172 2692 112 52 ab

450 2742 185 80 solute
580 2742 111 80 in
636 2742 259 80 infinitum.
839 2742 167 80 sicut
950 2742 93 80 &
987 2742 204 80 diuisio
1135 2742 111 80 in
1191 2742 259 80 quantitate
1395 2742 222 80 secundum
1561 2742 222 80 materiam
1728 2742 130 80 per
1802 2742 259 80 diuisionem
2005 2742 241 80 procedere
2172 2742 74 80 po

451 2799 133 56 test
535 2799 100 56 in
584 2799 233 56 infinitum,
767 2799 133 56 quod
850 2799 150 56 plane
950 2799 116 56 est
1017 2799 166 56 contra
1133 2799 316 56 determinationem
1399 2799 249 56 Philosophi.
1599 2799 133 56 iii.
1682 2799 249 56 Physicorum.
1881 2799 133 56 cap.
1964 2799 100 56 de
2014 2799 216 56 infinito.
2164 2799 83 56 vbi

445 2842 154 70 plane
548 2842 154 70 dicit
651 2842 137 70 quod
737 2842 223 70 infinitum
908 2842 206 70 potentia
1063 2842 120 70 est
1131 2842 154 70 sicut
1234 2842 206 70 materia.
1389 2842 86 70 &
1423 2842 120 70 non
1492 2842 257 70 accipiendum
1698 2842 154 70 sicut
1801 2842 120 70 hoc
1869 2842 189 70 aliquid
2007 2842 240 70 permanens:
2178 2842 69 70 vt

440 2902 198 67 hominem
584 2902 126 67 aut
656 2902 216 67 dominum:
818 2902 126 67 sed
890 2902 162 67 sicut
998 2902 144 67 dies
1088 2902 216 67 dicitur,
1250 2902 90 67 &
1286 2902 162 67 agon,
1395 2902 180 67 quibus
1521 2902 144 67 esse
1611 2902 126 67 non
1683 2902 144 67 est:
1773 2902 162 67 sicut
1881 2902 252 67 substantia
2079 2902 198 67 quaedam

436 2958 185 63 facta,
566 2958 130 63 sed
640 2958 185 63 semper
770 2958 111 63 in
826 2958 111 63 eo
881 2958 148 63 quod
974 2958 130 63 fit
1048 2958 204 63 alterum
1196 2958 93 63 &
1233 2958 222 63 alterum.
1400 2958 130 63 Sed
1474 2958 111 63 in
1530 2958 334 63 magnitudinibus
1808 2958 185 63 quidem
1938 2958 259 63 permanente
2123 2958 111 63 acce

450 3007 123 81 pto
521 3007 123 81 hoc
591 3007 211 81 accidit:
750 3007 106 81 in
803 3007 229 81 hominibus
979 3007 159 81 autem
1085 3007 88 81 &
1120 3007 194 81 tempore
1261 3007 247 81 corruptis.
1455 3007 141 81 Vnde
1543 3007 141 81 quia
1631 3007 229 81 generatio
1807 3007 211 81 hominium
1966 3007 88 81 &
1984 3007 264 81 vniuersaliter

448 3067 299 61 multiplicatio
694 3067 281 61 indiuiduorum
923 3067 123 61 per
993 3067 211 61 materiam
1151 3067 123 61 est
1221 3067 123 61 aut
1292 3067 141 61 modo
1379 3067 228 61 materiali
1555 3067 123 61 sub
1625 3067 193 61 specie,
1766 3067 158 61 sicut
1871 3067 88 61 &
1906 3067 193 61 diuisio
2029 3067 211 61 continui,.

454 3105 123 85 ideo
530 3105 154 85 absque
638 3105 123 85 omni
715 3105 261 85 inconuenienti
930 3105 154 85 potest
1038 3105 200 85 procedere
1191 3105 92 85 in
1237 3105 215 85 infinitum,
1406 3105 108 85 nec
1468 3105 169 85 oportet
1591 3105 123 85 dare
1667 3105 200 85 processum
1821 3105 200 85 huiusmodi
1975 3105 200 85 aliquando
2113 3105 123 85 finiri

437 3156 218 108 secundum
600 3156 182 108 actum.
727 3156 236 108 ECONuerso
909 3156 163 108 autem
1018 3156 309 108 multiplicatio
1272 3156 236 108 specierum
1453 3156 218 108 secundum
1617 3156 182 108 gradus
1744 3156 290 108 perfectionis
1980 3156 127 108 est
2052 3156 127 108 per
2107 3156 145 108 formam
