2472 3715
175 312 157 89 cari.
279 312 104 89 In
331 312 191 89 talibus
470 312 139 89 ergo
557 312 261 89 simpliciter
766 312 209 89 sciendum
923 312 122 89 est
992 312 139 89 quod
1079 312 157 89 eorum
1184 312 278 89 indiuiduatio
1410 312 104 89 et
1462 312 157 89 ratio
1566 312 226 89 suppositi
1740 312 157 89 habet
1827 312 122 89 fieri

173 393 118 65 per
241 393 169 65 agens:
359 393 220 65 inquantum
528 393 203 65 scilicet
680 393 203 65 terminat
832 393 203 65 actionem
984 393 203 65 agentis:
1136 393 135 65 quae
1221 393 118 65 non
1288 393 152 65 habet
1389 393 253 65 determinari
1592 393 135 65 nisi
1677 393 101 65 ad
1727 393 118 65 hoc
1795 393 186 65 aliquid

176 451 129 67 quia
257 451 113 67 vel
321 451 81 67 &
353 451 178 67 commune
482 451 113 67 non
547 451 113 67 fit
612 451 129 67 nisi
692 451 97 67 in
741 451 226 67 singulari:
918 451 113 67 ita
983 451 129 67 quod
1063 451 145 67 licet
1160 451 210 67 huiusmodi
1322 451 161 67 formae
1435 451 129 67 sint
1515 451 226 67 simplices:
1693 451 97 67 in
1741 451 161 67 eisdem
1838 451 113 67 tamen

177 502 269 70 indiuidualiter
402 502 224 70 subsistunt,
581 502 105 70 ita
641 502 120 70 quod
716 502 90 70 in
761 502 105 70 eis
821 502 135 70 forma
910 502 90 70 ex
955 502 90 70 se
1000 502 135 70 dicit
1090 502 165 70 aliquid
1210 502 90 70 vt
1255 502 224 70 simpliciter
1434 502 75 70 &
1464 502 210 70 absolutum:
1629 502 210 70 suppositum
1793 502 120 70 vero
1853 502 105 70 dicit

173 550 175 64 aliquid
300 550 95 64 vt
348 550 270 64 determinatum,
571 550 159 64 habens
682 550 95 64 in
730 550 95 64 se
778 550 159 64 formae
889 550 255 64 determinatae
1096 550 318 64 participationem.
1366 550 127 64 Quae
1446 550 159 64 quidem
1557 550 143 64 ratio
1653 550 302 64 determinationis
1891 550 64 64 fa

177 609 119 61 cit
245 609 305 61 principaliter,
499 609 85 61 &
533 609 102 61 ab
584 609 153 61 intra
686 609 204 61 rationem
839 609 238 61 suppositi:
1026 609 85 61 &
1060 609 119 61 hoc
1127 609 136 61 siue
1212 609 119 61 sit
1280 609 119 61 per
1348 609 221 61 materiam,
1518 609 136 61 siue
1603 609 119 61 per
1670 609 170 61 agens.
1789 609 136 61 Vnde
1874 609 102 61 an

181 661 179 64 gelitas
311 661 114 64 non
376 661 98 64 ex
425 661 98 64 eo
473 661 130 64 quod
555 661 114 64 est
620 661 228 64 angelitas,
799 661 146 64 neque
896 661 98 64 ex
945 661 98 64 eo
994 661 130 64 quod
1075 661 114 64 est
1140 661 130 64 haec
1221 661 228 64 angelitas,
1400 661 146 64 habet
1498 661 195 64 rationem
1644 661 211 64 suppositi
1807 661 98 64 ab
1839 661 114 64 intra

173 713 126 62 sed
245 713 199 62 angelus
390 713 144 62 iste
480 713 181 62 habens
606 713 271 62 determinate
823 713 144 62 hanc
913 713 271 62 angelitatem
1130 713 144 62 quia
1221 713 108 62 ex
1275 713 126 62 se,
1347 713 126 62 non
1419 713 126 62 est
1491 713 126 62 hic
1564 713 144 62 nisi
1654 713 144 62 quia
1744 713 126 62 est
1799 713 144 62 huius.

178 767 169 59 Ratio
291 767 151 59 enim
385 767 358 59 determinationis
686 767 169 59 super
799 767 188 59 formam
931 767 245 59 adueniens
1119 767 132 59 est
1194 767 169 59 ratio
1307 767 301 59 constituendi
1552 767 263 59 suppositum
1740 767 207 59 determina

173 822 117 60 tum
240 822 101 60 in
291 822 117 60 quo
358 822 235 60 designatur
542 822 168 60 forma,
659 822 134 60 quae
743 822 184 60 proprie
877 822 117 60 non
944 822 117 60 est
1011 822 268 60 determinata,
1229 822 151 60 neque
1329 822 268 60 indiuiduata,
1547 822 134 60 nisi
1631 822 134 60 quia
1714 822 117 60 est
1765 822 184 60 suppositi

180 878 245 55 determinati
376 878 82 55 &
409 878 245 55 indiuiduati
605 878 114 55 tam
670 878 98 55 in
719 878 262 55 materialibus
932 878 131 55 quam
1014 878 98 55 in
1063 878 294 55 spiritualibus.
1308 878 114 55 Sed
1374 878 131 55 quid
1455 878 114 55 est
1521 878 98 55 in
1570 878 213 55 supposito
1733 878 147 55 super
1815 878 131 55 formam

180 923 101 66 quo
237 923 130 66 habet
324 923 116 66 esse
397 923 116 66 hoc:
469 923 87 66 et
513 923 101 66 quo
571 923 101 66 per
629 923 130 66 ipsum
716 923 130 66 forma
802 923 145 66 habent
904 923 116 66 esse
976 923 101 66 hoc
1034 923 116 66 quia
1107 923 101 66 est
1165 923 145 66 huius:
1266 923 116 66 Dico
1339 923 159 66 aliquid
1454 923 159 66 praeter
1570 923 188 66 materiam,
1715 923 72 66 &
1744 923 159 66 praeter
1846 923 101 66 agens

172 976 115 66 quid
244 976 101 66 est
301 976 130 66 quasi
388 976 202 66 dispositio
546 976 187 66 suppositi
690 976 187 66 inquantum
834 976 202 66 suppositum
992 976 115 66 est:
1065 976 115 66 quod
1137 976 101 66 non
1194 976 144 66 potest
1295 976 115 66 esse
1367 976 158 66 materia
1482 976 101 66 nec
1540 976 144 66 agens.
1641 976 115 66 Haec
1713 976 115 66 enim
1770 976 173 66 dispositio

187 1035 207 66 derelicta
346 1035 111 66 est
410 1035 143 66 circa
505 1035 159 66 formam
617 1035 95 66 in
664 1035 223 66 supposito,
839 1035 80 66 &
871 1035 143 66 facit
967 1035 223 66 suppositum
1142 1035 127 66 esse
1221 1035 239 66 suppositum,
1412 1035 95 66 vt
1460 1035 159 66 habens
1571 1035 159 66 formam
1683 1035 80 66 &
1714 1035 191 66 rationem
1842 1035 111 66 compo

176 1086 201 61 sitionis
327 1086 101 61 ex
378 1086 151 61 forma
478 1086 84 61 &
512 1086 185 61 ratione
646 1086 319 61 determinationis
914 1086 101 61 in
965 1086 151 61 ipsa.
1066 1086 117 61 Hoc
1133 1086 134 61 enim
1217 1086 134 61 viso
1300 1086 218 61 videbitur
1468 1086 151 61 ratio
1569 1086 218 61 suppositi
1737 1086 84 61 &
1753 1086 185 61 indiuidua

175 1142 161 57 tionis
288 1142 193 57 proxima,
432 1142 80 57 &
465 1142 129 57 quid
545 1142 113 57 est
609 1142 129 57 quod
690 1142 225 57 suppositum
867 1142 225 57 formaliter
1044 1142 161 57 faciat
1157 1142 97 57 in
1205 1142 225 57 creaturis.
1382 1142 97 57 Et
1430 1142 113 57 est
1494 1142 209 57 dicendum:
1655 1142 129 57 quod
1736 1142 113 57 est
1800 1142 177 57 aliquid

176 1197 142 52 extra
271 1197 236 52 intentionem
460 1197 157 52 formae
570 1197 236 52 concomitans
759 1197 126 52 eius
837 1197 268 52 productionem,
1058 1197 110 52 vel
1121 1197 110 52 per
1184 1197 157 52 agens,
1294 1197 110 52 vel
1357 1197 110 52 per
1420 1197 205 52 materiam,
1577 1197 110 52 vel
1640 1197 110 52 per
1703 1197 205 52 vtrunque.
1845 1197 110 52 Quare

180 1246 113 60 cum
245 1246 146 60 super
342 1246 178 60 naturam
471 1246 113 60 rei
536 1246 162 60 factae
649 1246 243 60 concomitans
843 1246 146 60 ipsam
940 1246 97 60 ex
988 1246 113 60 sua
1053 1246 243 60 productione
1247 1246 113 60 non
1311 1246 162 60 potest
1425 1246 129 60 esse
1506 1246 178 60 aliquid
1635 1246 210 60 positiuum
1797 1246 81 60 &
1813 1246 129 60 absolu

173 1306 130 66 tum:
254 1306 130 66 quia
335 1306 146 66 illud
433 1306 211 66 oporteret
596 1306 130 66 esse
677 1306 179 66 factum:
807 1306 81 66 &
840 1306 211 66 similiter
1002 1306 98 66 in
1051 1306 114 66 sua
1116 1306 163 66 natura
1230 1306 146 66 esset
1328 1306 293 66 determinabile,
1572 1306 146 66 sicut
1669 1306 81 66 &
1702 1306 130 66 ipsa
1783 1306 163 66 forma,
1881 1306 65 66 ne

169 1360 201 63 cessario
320 1360 184 63 faceret
454 1360 285 63 compositionem
689 1360 168 63 realem
806 1360 117 63 cum
873 1360 134 63 ipsa
957 1360 151 63 forma
1057 1360 184 63 tanquam
1191 1360 184 63 aliquid
1325 1360 151 63 aliud
1426 1360 201 63 secundum
1576 1360 168 63 formam
1694 1360 101 63 ab
1744 1360 134 63 ipso
1811 1360 134 63 apposi

163 1411 121 62 tum
232 1411 156 62 ipsi:
336 1411 260 62 quemadmodum
544 1411 156 62 forma
647 1411 277 62 differentiae
873 1411 121 62 est
942 1411 156 62 aliud
1046 1411 87 62 a
1080 1411 156 62 forma
1184 1411 208 62 generis:
1340 1411 139 62 nisi
1427 1411 190 62 ponamus
1565 1411 104 62 in
1617 1411 156 62 forma
1704 1411 242 62 substantiali

173 1459 247 62 intensionem
370 1459 82 62 &
403 1459 247 62 remissionem
601 1459 148 62 sicut
700 1459 115 62 est
766 1459 99 62 in
815 1459 264 62 accidentali,
1029 1459 99 62 vt
1079 1459 99 62 in
1128 1459 115 62 vno
1194 1459 214 62 supposito
1359 1459 214 62 subsistat
1524 1459 115 62 sub
1590 1459 148 62 gradu
1688 1459 247 62 intensiori:
1886 1459 99 62 in

175 1513 125 60 alio
253 1513 125 60 vero
331 1513 109 60 sub
394 1513 140 60 gradu
488 1513 234 60 remissiori.
675 1513 109 60 Sed
737 1513 140 60 tamen
831 1513 140 60 adhuc
925 1513 156 60 restat
1034 1513 234 60 difficultas
1221 1513 250 60 quaestionis,
1424 1513 203 60 supposito
1580 1513 125 60 quod
1658 1513 203 60 subsistat
1814 1513 94 60 in
1861 1513 109 60 duo

174 1567 110 61 bus
237 1567 221 61 suppositis
411 1567 173 61 eiusdem
537 1567 173 61 gradus.
663 1567 173 61 Oportet
789 1567 126 61 ergo
868 1567 126 61 quod
947 1567 110 61 sit
1010 1567 173 61 aliquid
1136 1567 205 61 negatiuum
1294 1567 110 61 aut
1357 1567 205 61 positiuum
1514 1567 252 61 respectiuum.
1719 1567 110 61 Non
1767 1567 173 61 positiuum

168 1618 257 60 respectiuum,
377 1618 129 60 quia
458 1618 209 60 respectus
618 1618 129 60 ille
699 1618 225 60 necessario
876 1618 225 60 fundaretur
1053 1618 97 60 in
1101 1618 129 60 ipsa
1182 1618 97 60 re
1230 1618 97 60 vt
1278 1618 145 60 facta
1375 1618 129 60 est:
1455 1618 80 60 &
1487 1618 113 60 ita
1552 1618 97 60 vt
1600 1618 241 60 determinata
1793 1618 97 60 in
1825 1618 129 60 suppo-

170 1676 142 57 sito.
265 1676 173 57 Oportet
390 1676 157 57 igitur
500 1676 126 57 quod
579 1676 110 57 sit
642 1676 157 57 aliqua
752 1676 189 57 conditio
894 1676 204 57 negatiua.
1051 1676 110 57 Est
1114 1676 157 57 igitur
1224 1676 189 57 dicendum
1365 1676 126 57 quod
1444 1676 94 57 in
1491 1676 157 57 formis
1601 1676 173 57 creatis
1727 1676 220 57 specificis
1884 1676 63 57 vt

177 1727 215 56 specificae
346 1727 138 56 sunt,
438 1727 138 56 ratio
530 1727 292 56 indiuiduationis
777 1727 169 56 ipsarum
900 1727 108 56 qua
961 1727 262 56 determinantur
1177 1727 92 56 in
1223 1727 231 56 suppositis:
1407 1727 77 56 &
1438 1727 123 56 quae
1515 1727 108 56 est
1577 1727 138 56 ratio
1669 1727 246 56 constitutiua
1854 1727 92 56 sup-

173 1780 159 63 positi,
288 1780 101 63 est
346 1780 159 63 negatio
462 1780 101 63 qua
520 1780 130 63 forma
607 1780 116 63 ipsa
679 1780 116 63 quae
752 1780 87 63 ex
795 1780 87 63 se
839 1780 101 63 est
896 1780 188 63 specifica
1041 1780 87 63 in
1085 1780 116 63 esse
1157 1780 188 63 rationis,
1302 1780 87 63 vt
1345 1780 101 63 est
1403 1780 174 63 terminus
1534 1780 203 63 factionis,
1693 1780 130 63 facta
1780 1780 101 63 est
1823 1780 116 63 indiui

172 1836 100 53 sa
222 1836 167 53 omnino
339 1836 100 53 in
389 1836 217 53 supposito
556 1836 83 53 &
589 1836 267 53 indiuidualis
806 1836 83 53 &
839 1836 233 53 singularis
1022 1836 233 53 priuatione
1206 1836 150 53 omnis
1306 1836 317 53 diuisibilitatis
1572 1836 117 53 per
1639 1836 100 53 se
1689 1836 83 53 &
1722 1836 117 53 per
1772 1836 167 53 accidens

166 1888 79 54 &
198 1888 79 54 a
229 1888 189 54 quolibet
371 1888 126 54 alio
450 1888 173 54 diuisa,
576 1888 94 54 vt
623 1888 110 54 sic
686 1888 110 54 sit
749 1888 205 54 processus
906 1888 94 54 in
953 1888 157 54 formis
1064 1888 189 54 creatis.
1205 1888 126 54 quia
1284 1888 142 54 forma
1378 1888 173 54 generis
1504 1888 157 54 habens
1614 1888 142 54 solam
1709 1888 189 54 vnitatem
1835 1888 110 54 ratio

172 1940 111 64 nis
235 1940 95 64 in
283 1940 95 64 se
330 1940 111 64 est
394 1940 111 64 per
457 1940 158 64 formas
568 1940 174 64 diuisa,
695 1940 127 64 quae
774 1940 142 64 ipsam
869 1940 237 64 determinant
1059 1940 95 64 ad
1106 1940 190 64 speciem.
1249 1940 142 64 Forma
1344 1940 127 64 vero
1423 1940 174 64 speciei
1549 1940 237 64 determinata
1739 1940 111 64 est
1803 1940 95 64 in
1834 1940 111 64 forma

170 1993 216 64 specifica
336 1993 116 64 non
403 1993 249 64 diuisibilis
602 1993 149 64 neque
701 1993 299 64 determinabilis
950 1993 116 64 per
1017 1993 166 64 formas
1133 1993 199 64 diuersas
1282 1993 116 64 nec
1349 1993 183 64 quantum
1481 1993 116 64 est
1548 1993 100 64 de
1598 1993 100 64 se
1647 1993 116 64 per
1714 1993 166 64 formas
1813 1993 133 64 easdem

179 2045 170 68 specie:
302 2045 108 68 sed
364 2045 139 68 solum
457 2045 108 68 per
519 2045 170 68 aliquid
643 2045 139 68 aliud
736 2045 77 68 a
767 2045 108 68 se,
829 2045 108 68 non
891 2045 139 68 solum
984 2045 93 68 vt
1030 2045 108 68 per
1092 2045 139 68 agens
1185 2045 155 68 formam
1294 2045 93 68 in
1340 2045 124 68 esse
1417 2045 217 68 producens,
1588 2045 93 68 vt
1634 2045 93 68 in
1681 2045 155 68 formis
1774 2045 170 68 separatis

173 2106 114 68 aut
238 2106 114 68 per
303 2106 212 68 materiam,
466 2106 98 68 vt
515 2106 98 68 in
563 2106 147 68 rebus
661 2106 277 68 materialibus,
889 2106 98 68 vt
938 2106 163 68 dictum
1052 2106 130 68 est:
1133 2106 114 68 sed
1198 2106 114 68 cum
1263 2106 114 68 hoc
1328 2106 130 68 quod
1410 2106 147 68 habet
1508 2106 130 68 esse
1589 2106 114 68 per
1654 2106 163 68 agens,
1768 2106 114 68 aut
1833 2106 114 68 per
1882 2106 65 68 ma

168 2155 178 60 teriam,
297 2155 146 60 habet
394 2155 146 60 etiam
491 2155 129 60 esse
572 2155 113 60 per
637 2155 178 60 aliquid
766 2155 146 60 aliud
863 2155 81 60 &
896 2155 243 60 completiue,
1090 2155 129 60 quia
1171 2155 146 60 agens
1268 2155 113 60 aut
1332 2155 178 60 materia
1462 2155 113 60 non
1526 2155 113 60 est
1591 2155 178 60 vltimum
1721 2155 81 60 &
1737 2155 210 60 completiuum

174 2207 115 62 quo
239 2207 148 62 quasi
338 2207 230 62 formaliter
518 2207 115 62 fit
584 2207 279 62 indiuiduatio,
814 2207 82 62 &
847 2207 148 62 ratio
945 2207 230 62 suppositi,
1126 2207 131 62 immo
1208 2207 115 62 per
1274 2207 115 62 hoc
1339 2207 131 62 quod
1422 2207 148 62 forma
1520 2207 99 62 ab
1569 2207 164 62 agente
1684 2207 230 62 producente
1848 2207 99 62 eam,

165 2256 121 62 aut
234 2256 121 62 per
303 2256 207 62 materiam
458 2256 103 62 in
509 2256 103 62 se
561 2256 155 62 habet
664 2256 138 62 esse
750 2256 224 62 indiuisum
923 2256 189 62 omnino,
1061 2256 86 62 &
1095 2256 86 62 a
1129 2256 207 62 qualibet
1284 2256 138 62 alia
1371 2256 155 62 forma
1474 2256 207 62 diuisum:
1629 2256 121 62 cum
1698 2256 121 62 qua
1767 2256 103 62 in
1801 2256 138 62 specie

171 2314 246 60 communicat.
367 2314 131 60 Quae
449 2314 164 60 quidem
564 2314 180 60 negatio
695 2314 115 60 non
761 2314 115 60 est
826 2314 197 60 simplex,
974 2314 115 60 sed
1039 2314 180 60 duplex:
1171 2314 131 60 quia
1253 2314 115 60 est
1318 2314 197 60 remouens
1466 2314 98 60 ab
1515 2314 148 60 intra
1613 2314 148 60 omnem
1695 2314 246 60 plurificabili

172 2369 128 59 tatem
257 2369 71 59 &
285 2369 241 59 diuersitatem,
484 2369 71 59 &
512 2369 85 59 ab
554 2369 128 59 extra
639 2369 128 59 omnem
724 2369 227 59 identitatem,
909 2369 85 59 vt
951 2369 156 59 dicatur
1065 2369 99 59 ita
1121 2369 113 59 haec
1192 2369 113 59 quod
1263 2369 142 59 tantum
1362 2369 128 59 haec,
1447 2369 99 59 non
1504 2369 156 59 habende
1617 2369 170 59 scilicet
1745 2369 128 59 intra
1830 2369 85 59 se
1858 2369 85 59 pos-

171 2422 240 55 sibilitatem
363 2422 96 55 ad
411 2422 128 55 esse
491 2422 144 55 aliud
587 2422 80 55 &
619 2422 144 55 aliud
715 2422 144 55 sicut
811 2422 144 55 habet
907 2422 144 55 forma
1003 2422 192 55 speciei:
1148 2422 80 55 &
1180 2422 160 55 iterum
1292 2422 160 55 tantum
1404 2422 128 55 haec
1484 2422 128 55 quod
1564 2422 112 55 non
1628 2422 112 55 sit
1692 2422 160 55 aliqua
1804 2422 176 55 aliarum

171 2476 134 55 suae
255 2476 202 55 speciei.
407 2476 101 55 Et
457 2476 134 55 haec
541 2476 168 55 duplex
659 2476 185 55 negatio
793 2476 168 55 omnino
911 2476 235 55 formaliter
1096 2476 202 55 rationem
1247 2476 168 55 formae
1365 2476 252 55 determinat,
1566 2476 118 55 qua
1633 2476 303 55 determinatione
1869 2476 67 55 su

179 2527 102 65 pra
238 2527 190 65 essentiam
384 2527 146 65 formae
487 2527 234 65 constituitur
677 2527 205 65 suppositum
838 2527 205 65 absolutum,
999 2527 117 65 quod
1072 2527 117 65 vere
1145 2527 161 65 dicitur
1262 2527 102 65 hoc
1321 2527 176 65 aliquid:
1452 2527 132 65 quasi
1540 2527 146 65 tantum
1642 2527 117 65 hoc,
1716 2527 73 65 &
1745 2527 102 65 non
1803 2527 161 65 aliquae

170 2583 117 66 nec
237 2583 150 66 intra
337 2583 100 66 se
387 2583 117 66 nec
454 2583 167 66 extra:
571 2583 83 66 &
604 2583 117 66 sic
671 2583 150 66 nullo
771 2583 133 66 modo
854 2583 150 66 aliud
955 2583 150 66 quid.
1055 2583 100 66 Et
1105 2583 133 66 quia
1188 2583 150 66 talis
1288 2583 184 66 negatio
1422 2583 133 66 siue
1505 2583 284 66 determinatio,
1739 2583 150 66 licet
1822 2583 117 66 nihil

164 2635 110 59 rei
227 2635 173 59 apponit
353 2635 95 59 in
401 2635 205 59 separatis
558 2635 142 59 supra
653 2635 205 59 essentiam
811 2635 110 59 qua
874 2635 268 59 determinetur,
1094 2635 205 59 inquantum
1252 2635 142 59 tamen
1347 2635 110 59 est
1410 2635 142 59 extra
1504 2635 236 59 intentionem
1694 2635 173 59 formae,
1820 2635 95 59 vt
1851 2635 79 59 for

160 2691 107 55 ma
214 2691 142 55 est,
302 2691 160 55 large
409 2691 195 55 sumendo
551 2691 213 55 accidens
711 2691 178 55 potest
835 2691 142 55 dici
924 2691 231 55 accidens,
1101 2691 107 55 vt
1155 2691 213 55 secundum
1314 2691 124 55 hoc
1386 2691 231 55 huiusmodi
1563 2691 284 55 indiuiduatio
1776 2691 160 55 dicatur

162 2743 158 64 fieri
268 2743 123 64 per
338 2743 194 64 aliquod
479 2743 211 64 accidens
638 2743 176 64 formae
761 2743 299 64 superueniens:
1008 2743 123 64 cum
1078 2743 158 64 tamen
1184 2743 176 64 formae
1307 2743 247 64 materiales
1501 2743 194 64 habeant
1642 2743 194 64 aliquid
1765 2743 176 64 accidens

166 2796 224 56 scilicet
334 2796 280 56 quantitatem
558 2796 112 56 in
614 2796 224 56 materia,
782 2796 131 56 qua
857 2796 336 56 indiuiduentur.
1137 2796 149 56 Vnde
1230 2796 224 56 Auicenna
1398 2796 243 56 assignans
1584 2796 299 56 differentiam
1808 2796 131 56 inter

166 2851 219 55 accidens
330 2851 128 55 quo
403 2851 310 55 indiuiduantur
658 2851 182 55 formae
786 2851 237 55 separatae
968 2851 91 55 &
1004 2851 164 55 forma
1114 2851 255 55 materiales
1314 2851 273 55 generabiles
1533 2851 91 55 &
1569 2851 328 55 corruptibiles,
1843 2851 128 55 di-

163 2900 120 72 cit
231 2900 171 72 quinto
351 2900 256 72 metaphysica
556 2900 205 72 Postquam
709 2900 256 72 determinata
914 2900 120 72 est
983 2900 188 72 species
1119 2900 290 72 specialissima
1358 2900 205 72 accidunt
1512 2900 102 72 ei
1563 2900 290 72 concomitantia
1802 2900 102 72 ex
1837 2900 102 72 acci

159 2956 209 61 dentibus
315 2956 87 61 &
350 2956 314 61 proprietatibus
612 2956 122 61 per
682 2956 139 61 quae
769 2956 174 61 natura
891 2956 296 61 indiuiduatur,
1135 2956 87 61 &
1170 2956 122 61 sit
1240 2956 244 61 designata.
1431 2956 157 61 lpsae
1536 2956 139 61 vero
1623 2956 279 61 proprietates
1850 2956 87 61 &
1867 2956 70 61 ac

165 3010 212 53 cidentia,
328 3010 114 53 aut
393 3010 147 53 erunt
491 3010 229 53 aduentitia
671 3010 180 53 tantum:
801 3010 114 53 ita
867 3010 131 53 quod
948 3010 114 53 non
1014 3010 131 53 sunt
1095 3010 98 53 de
1144 3010 196 53 essentia
1291 3010 131 53 vllo
1373 3010 147 53 modo:
1471 3010 82 53 &
1503 3010 131 53 haec
1585 3010 131 53 sunt
1666 3010 229 53 accidentia
1846 3010 131 53 quae

168 3062 209 57 accidunt
324 3062 244 57 indiuiduis
516 3062 157 57 rerum
620 3062 261 57 simplicium:
829 3062 122 57 aut
899 3062 157 57 erunt
1003 3062 296 57 dispositiones
1247 3062 296 57 superadditae:
1490 3062 174 57 quibus
1612 3062 261 57 intellectis
1821 3062 104 57 ab
1856 3062 87 57 hoc

165 3118 240 56 significato
357 3118 176 56 necesse
484 3118 112 56 est
548 3118 96 56 vt
596 3118 112 56 non
660 3118 160 56 habeat
772 3118 128 56 esse
852 3118 112 56 hoc
916 3118 256 56 significatum
1123 3118 128 56 quod
1203 3118 112 56 est
1267 3118 176 56 praeter
1395 3118 144 56 alia,
1491 3118 128 56 quia
1571 3118 208 56 contingit
1730 3118 176 56 destrui
1842 3118 96 56 suae

162 3172 242 72 alietatis
348 3172 353 72 concomitantiam.
646 3172 130 72 Sic
720 3172 149 72 ergo
813 3172 130 72 non
887 3172 149 72 nisi
980 3172 335 72 determinatione
1259 3172 260 72 negationis
1464 3172 167 72 circa
1575 3172 186 72 formam
1687 3172 260 72 contingentis
