2402 3621
101 294 134 69 est
177 294 191 69 prior:
311 294 153 69 quia
406 294 134 69 non
483 294 153 69 sunt
578 294 172 69 eodem
693 294 229 69 tempore.
864 294 153 69 quod
960 294 267 69 requiritur
1170 294 115 69 ad
1227 294 191 69 eandem
1361 294 363 69 transmutationem
1666 294 191 69 numero
1781 294 95 69 se-

107 352 151 63 cundum
212 352 211 63 philosopum
378 352 90 63 in
423 352 151 63 eodem.
529 352 136 63 Primo
619 352 120 63 mod.
694 352 181 63 scilicet
830 352 136 63 prout
920 352 120 63 esse
996 352 136 63 circa
1086 352 105 63 rem
1146 352 136 63 manet
1236 352 120 63 vnum
1312 352 75 63 &
1342 352 136 63 idem,
1432 352 241 63 intelligitur
1628 352 120 63 esse
1703 352 105 63 rei
1749 352 120 63 consi-

100 406 134 59 stere
190 406 90 59 in
234 406 179 59 continuo
369 406 149 59 fieri,
473 406 105 59 non
533 406 90 59 ex
578 406 134 59 parte
667 406 119 59 esse
742 406 149 59 ipsius
847 406 105 59 aut
906 406 194 59 essentiae
1056 406 119 59 rei:
1130 406 105 59 sed
1190 406 90 59 ex
1235 406 134 59 parte
1324 406 149 59 ipsius
1429 406 134 59 fieri
1519 406 105 59 quo
1578 406 105 59 res
1638 406 119 59 suum
1713 406 119 59 esse
1787 406 105 59 ha-

111 459 102 60 bet
170 459 88 60 ab
214 459 132 60 alio.
301 459 117 60 Quod
375 459 102 60 non
433 459 190 60 contingit
579 459 190 60 intelligi
725 459 117 60 nisi
799 459 234 60 tripliciter:
989 459 161 60 quoniam
1106 459 132 60 illud
1193 459 132 60 fieri
1281 459 102 60 aut
1340 459 102 60 est
1398 459 117 60 vnum
1471 459 73 60 &
1500 459 117 60 idem
1574 459 161 60 simplex
1691 459 161 60 manens,
1793 459 73 60 aut

95 515 151 62 vnum
189 515 245 62 continuum
378 515 264 62 distinctum
585 515 169 62 penes
698 515 169 62 prius
811 515 94 62 &
848 515 264 62 posterius:
1055 515 132 62 aut
1131 515 188 62 semper
1263 515 169 62 aliud
1375 515 94 62 &
1413 515 169 62 aliud
1526 515 264 62 discretum.
1714 515 151 62 CONtra

105 569 157 59 primum
215 569 141 59 modum
309 569 94 59 vt
356 569 172 59 videtur
482 569 188 59 fundatur
623 569 204 59 aliquorum
779 569 204 59 intentio:
936 569 204 59 videlicet
1093 569 125 59 quod
1171 569 110 59 res
1234 569 94 59 in
1281 569 110 59 sua
1344 569 204 59 essentia,
1500 569 78 59 &
1532 569 94 59 in
1579 569 125 59 esse
1657 569 110 59 suo
1704 569 157 59 substan-

106 619 134 65 tiali
195 619 74 65 &
225 619 209 65 essentiali
389 619 134 65 manet
479 619 104 65 vna
538 619 74 65 &
568 619 149 65 eadem:
672 619 104 65 sed
732 619 134 65 tamen
821 619 119 65 quod
896 619 104 65 non
955 619 134 65 habet
1045 619 119 65 esse
1119 619 119 65 nisi
1194 619 104 65 per
1253 619 134 65 fieri
1343 619 89 65 ab
1387 619 134 65 alio,
1477 619 104 65 hoc
1536 619 104 65 non
1596 619 149 65 potest
1700 619 149 65 habere
1790 619 74 65 vni

115 668 92 65 co
161 668 138 65 fieri
253 668 92 65 ne
299 668 108 65 sit
360 668 169 65 simplex
483 668 77 65 &
514 668 138 65 totum
606 668 154 65 simul:
714 668 138 65 sicut
806 668 108 65 est
867 668 123 65 esse
944 668 123 65 dei,
1021 668 77 65 &
1052 668 92 65 ne
1098 668 169 65 ponatur
1221 668 92 65 in
1267 668 92 65 se
1313 668 215 65 subsistere
1482 668 138 65 abque
1574 668 169 65 actione
1697 668 154 65 aliqua
1789 668 77 65 pri

114 721 100 63 mi
164 721 201 63 agentis:
315 721 151 63 sicut
416 721 218 63 expositum
583 721 134 63 est:
667 721 117 63 sed
734 721 151 63 sicut
834 721 100 63 in
885 721 218 63 principio
1052 721 134 63 esse
1136 721 134 63 suum
1220 721 151 63 habet
1320 721 117 63 per
1387 721 134 63 suum
1471 721 167 63 fieri:
1588 721 117 63 sic
1655 721 84 63 &
1689 721 151 63 ipsum
1772 721 84 63 con

120 784 139 58 tinue
212 784 139 58 habet
305 784 77 58 &
336 784 232 58 permanenter
522 784 108 58 per
583 784 124 58 suum
661 784 201 58 continuum
815 784 139 58 fieri
908 784 170 58 vnicum,
1032 784 108 58 aut
1094 784 108 58 per
1156 784 155 58 diuisa
1264 784 139 58 fieri
1357 784 124 58 vnum
1434 784 124 58 post
1511 784 186 58 alterum.
1651 784 108 58 Sed
1712 784 124 58 quod
1774 784 93 58 sunt

116 828 167 63 diuersa
237 828 182 63 discreta
374 828 136 63 simul
464 828 212 63 existentia
631 828 121 63 siue
707 828 121 63 sese
783 828 273 63 concomitantia,
1010 828 106 63 hoc
1071 828 152 63 omnino
1177 828 106 63 est
1238 828 243 63 impossibile:
1435 828 121 63 quia
1510 828 91 63 vt
1556 828 152 63 dictum
1662 828 106 63 est
1707 828 152 63 diuersae

113 878 317 67 transmutationes
380 878 117 67 non
447 878 133 67 sunt
530 878 133 67 nisi
613 878 100 67 ad
663 878 200 67 diuersos
813 878 217 67 terminos:
980 878 100 67 vt
1030 878 200 67 diuersae
1180 878 300 67 trasmutationes
1430 878 133 67 grae
1513 878 100 67 ad
1563 878 200 67 diuersos
1696 878 167 67 terminos

121 930 185 70 genere:
255 930 201 70 diuersae
406 930 134 70 vero
490 930 168 70 specie
608 930 101 70 ad
658 930 201 70 diuersos
809 930 201 70 terminos
960 930 185 70 specie:
1094 930 201 70 diuersae
1245 930 134 70 vero
1329 930 168 70 numero
1447 930 101 70 ad
1497 930 201 70 diuersos
1648 930 201 70 termimos
1782 930 84 70 nu-

114 988 126 63 mero,
198 988 168 63 secundum
324 988 196 63 philosopum
478 988 140 63 quinto
576 988 182 63 Physicae.
716 988 98 63 Sed
772 988 112 63 quod
842 988 98 63 sit
898 988 126 63 fieri
982 988 112 63 vnum
1052 988 182 63 continuum
1192 988 140 63 habens
1290 988 126 63 prius
1374 988 70 63 &
1402 988 196 63 posterius:
1556 988 98 63 hoc
1612 988 182 63 similiter
1752 988 98 63 est
1794 988 70 63 im-

126 1034 194 77 possibile:
279 1034 111 77 quia
348 1034 125 77 illud
431 1034 125 77 fieri
515 1034 97 77 non
570 1034 97 77 est
625 1034 111 77 nisi
695 1034 139 77 motus.
792 1034 69 77 &
820 1034 166 77 secundum
945 1034 208 77 philosopum.
1111 1034 97 77 vi.
1166 1034 153 77 Physic.
1277 1034 125 77 eadem
1361 1034 97 77 est
1416 1034 153 77 diuisio
1527 1034 166 77 temporis
1652 1034 69 77 &
1680 1034 125 77 motus
1763 1034 69 77 &
1777 1034 83 77 eius

120 1093 84 65 in
162 1093 112 65 quod
232 1093 98 65 sit
288 1093 140 65 motus.
386 1093 98 65 Cum
442 1093 112 65 ergo
512 1093 168 65 essentia
637 1093 112 65 siue
707 1093 112 65 esse
777 1093 98 65 rei
833 1093 84 65 vt
875 1093 140 65 dictum
973 1093 98 65 est
1029 1093 98 65 sit
1085 1093 154 65 simplex
1197 1093 70 65 &
1225 1093 238 65 indiuisibile:
1421 1093 98 65 non
1476 1093 140 65 potest
1574 1093 126 65 fieri
1658 1093 112 65 esse
1728 1093 112 65 eius
1784 1093 84 65 com-

110 1136 163 70 tinuum
224 1136 81 70 &
256 1136 244 70 diuisibile.
452 1136 114 70 Sed
517 1136 179 70 propter
647 1136 114 70 hoc
712 1136 147 70 forte
810 1136 212 70 videbitur
973 1136 212 70 aliquibus
1136 1136 114 70 hic
1201 1136 293 70 distinguendum:
1445 1136 130 70 quod
1527 1136 212 70 continuum
1674 1136 195 70 distinctum

106 1197 154 65 penes
209 1197 154 65 prius
311 1197 86 65 &
345 1197 222 65 posterius
516 1197 171 65 duplex
636 1197 137 65 est:
722 1197 188 65 quoddam
859 1197 120 65 cum
927 1197 257 65 innouatione
1132 1197 86 65 &
1167 1197 274 65 veteratione:
1389 1197 188 65 quoddam
1526 1197 171 65 absque
1646 1197 257 65 innouatione

114 1250 82 63 &
146 1250 264 63 veteratione.
361 1250 148 63 Primo
460 1250 132 63 modo
542 1250 247 63 quemadmodum
740 1250 132 63 aqua
823 1250 132 63 exit
905 1250 99 63 de
955 1250 148 63 fonte
1054 1250 132 63 quae
1136 1250 165 63 semper
1252 1250 115 63 est
1318 1250 132 63 alia
1400 1250 82 63 &
1433 1250 148 63 alia.
1532 1250 82 63 &
1565 1250 132 63 tale
1648 1250 148 63 fieri
1730 1250 132 63 conti-

110 1304 138 55 nuum
196 1304 172 55 habens
317 1304 155 55 prius
420 1304 86 55 &
455 1304 224 55 posterius
627 1304 121 55 est
696 1304 172 55 motus:
817 1304 155 55 cuius
920 1304 121 55 vna
989 1304 138 55 pars
1076 1304 121 55 cum
1145 1304 224 55 innouatur
1317 1304 86 55 &
1352 1304 190 55 recipit
1490 1304 155 55 esse,
1593 1304 138 55 pars
1662 1304 207 55 praecedens

105 1352 172 70 recedit
230 1352 94 70 ab
277 1352 125 70 esse
355 1352 78 70 &
386 1352 265 70 inueterascit.
605 1352 78 70 &
636 1352 125 70 tale
714 1352 203 70 continuum
871 1352 94 70 vt
917 1352 156 70 dicunt
1027 1352 109 70 non
1089 1352 109 70 est
1152 1352 141 70 fieri
1245 1352 109 70 quo
1308 1352 234 70 continuatur
1495 1352 125 70 esse
1573 1352 125 70 rei:
1651 1352 109 70 sed
1714 1352 109 70 est
1761 1352 109 70 fieri

97 1407 187 57 secundo
233 1407 153 57 modo:
335 1407 255 57 quemadmodum
539 1407 136 57 enim
623 1407 170 57 dicunt
742 1407 170 57 radium
861 1407 221 57 procedere
1031 1407 85 57 a
1065 1407 153 57 sole:
1167 1407 85 57 a
1201 1407 119 57 quo
1269 1407 119 57 non
1337 1407 170 57 semper
1455 1407 153 57 aliud
1557 1407 85 57 &
1591 1407 153 57 aliud
1676 1407 187 57 emittitur

98 1458 104 59 sed
157 1458 119 59 quod
232 1458 133 59 semel
321 1458 163 59 emissum
439 1458 119 59 est,
513 1458 133 59 vnico
602 1458 74 59 &
632 1458 178 59 simplici
765 1458 133 59 fieri
854 1458 74 59 &
884 1458 89 59 in
928 1458 119 59 esse
1002 1458 222 59 conseruatur
1180 1458 74 59 &
1210 1458 222 59 continuatur
1388 1458 178 59 continuo
1521 1458 148 59 fieri:
1625 1458 104 59 sic
1684 1458 148 59 dicunt
1773 1458 89 59 esse

111 1515 178 57 creaturae
248 1515 178 57 procedere
385 1515 68 57 a
412 1515 109 57 deo.
480 1515 96 57 Non
535 1515 109 57 quod
603 1515 150 57 aliquid
713 1515 178 57 creaturae
849 1515 96 57 vel
904 1515 109 57 esse
972 1515 109 57 eius
1041 1515 191 57 amittitur,
1191 1515 68 57 &
1219 1515 123 57 aliud
1301 1515 205 57 acquiritur:
1465 1515 96 57 aut
1519 1515 178 57 similiter
1656 1515 109 57 eius
1724 1515 137 57 fieri:
1806 1515 55 57 si

104 1564 96 68 cut
159 1564 178 68 contingit
296 1564 82 68 in
337 1564 110 68 motu
405 1564 110 68 quod
474 1564 137 68 semper
570 1564 151 68 aliquid
679 1564 110 68 eius
748 1564 192 68 acquiritur
898 1564 68 68 &
926 1564 151 68 aliquid
1035 1564 192 68 amittitur,
1186 1564 68 68 &
1213 1564 82 68 in
1254 1564 82 68 re
1295 1564 82 68 in
1336 1564 110 68 quae
1405 1564 96 68 est
1459 1564 123 68 motus
1542 1564 137 68 semper
1637 1564 151 68 aliquid
1747 1564 110 68 post
1802 1564 68 68 ali

104 1619 90 67 ud
149 1619 210 67 acquiritur
314 1619 105 67 per
374 1619 255 67 generationem,
584 1619 75 67 &
614 1619 165 67 aliquid
734 1619 120 67 post
809 1619 135 67 aliud
899 1619 195 67 amittitur
1048 1619 105 67 per
1108 1619 255 67 corruptionem:
1318 1619 90 67 vt
1363 1619 135 67 infra
1453 1619 135 67 magis
1543 1619 195 67 apparebit
1693 1619 90 67 in
1723 1619 150 67 quaestio

100 1673 101 69 ne
151 1673 101 69 de
201 1673 134 69 aeuo
285 1673 184 69 angeli.
419 1673 117 69 Sed
486 1673 134 69 quod
570 1673 134 69 esse
653 1673 218 69 creaturae
821 1673 151 69 primo
921 1673 151 69 datum
1022 1673 151 69 vnico
1123 1673 84 69 &
1156 1673 201 69 simplici
1307 1673 151 69 fieri
1407 1673 117 69 per
1475 1673 218 69 continuam
1642 1673 251 69 influentiam

111 1731 264 60 conseruatur:
325 1731 115 60 ita
391 1731 132 60 quod
473 1731 181 60 propter
605 1731 280 60 continuitatem
836 1731 297 60 conseruationis
1083 1731 115 60 est
1149 1731 115 60 ibi
1215 1731 214 60 successio
1380 1731 99 60 in
1429 1731 165 60 fieri:
1545 1731 115 60 sed
1611 1731 132 60 quia
1677 1731 181 60 conserua-

98 1778 110 60 tur
161 1778 94 60 in
208 1778 125 60 esse
286 1778 110 60 est
349 1778 125 60 vnum
427 1778 172 60 simplex
553 1778 141 60 totum
646 1778 157 60 simul:
756 1778 125 60 ideo
834 1778 110 60 ibi
897 1778 141 60 nulla
991 1778 157 60 omnino
1101 1778 110 60 est
1163 1778 219 60 innouatio.
1336 1778 125 60 Quod
1414 1778 110 60 non
1476 1778 157 60 potest
1586 1778 157 60 stare,
1696 1778 125 60 quia
1758 1778 110 60 prius

105 1834 82 58 &
137 1834 213 58 posterius
301 1834 131 58 quae
383 1834 131 58 sunt
465 1834 98 58 in
514 1834 131 58 illo
596 1834 196 58 continuo
743 1834 147 58 fieri
841 1834 295 58 conseruationis
1087 1834 180 58 totius,
1217 1834 115 58 aut
1283 1834 131 58 sunt
1365 1834 147 58 simul
1463 1834 196 58 secundum
1610 1834 147 58 totum
1708 1834 82 58 &
1725 1834 147 58 manent:

104 1887 107 71 aut
165 1887 122 71 sibi
241 1887 138 71 mutuo
333 1887 229 71 succedendo:
516 1887 76 71 &
547 1887 107 71 vna
608 1887 168 71 decidit
730 1887 153 71 quando
837 1887 153 71 altera
944 1887 183 71 aduenit.
1082 1887 92 71 Si
1128 1887 122 71 isto
1204 1887 168 71 secundo
1326 1887 138 71 modo,
1418 1887 122 71 tunc
1494 1887 153 71 dicere
1601 1887 122 71 quod
1678 1887 107 71 est
1739 1887 138 71 prius
1815 1887 46 71 &

101 1940 207 74 posterius
260 1940 127 74 sine
340 1940 255 74 innouatione,
547 1940 80 74 &
579 1940 287 74 inueteratione,
817 1940 302 74 contradictionem
1072 1940 207 74 implicat:
1231 1940 127 74 quia
1311 1940 127 74 quid
1390 1940 175 74 decidit
1518 1940 271 74 inueterascit,
1741 1940 80 74 &
1772 1940 127 74 quid

107 1999 176 57 aduenit
235 1999 224 57 innouatur.
411 1999 112 57 Nec
476 1999 144 57 valet
572 1999 128 57 quod
652 1999 160 57 dicunt
764 1999 128 57 quod
844 1999 112 57 ibi
908 1999 144 57 nulla
1005 1999 112 57 est
1069 1999 240 57 inueteratio
1261 1999 112 57 vel
1325 1999 224 57 innouatio,
1501 1999 128 57 quia
1582 1999 128 57 quod
1662 1999 240 57 conseruatum

110 2048 99 53 est
167 2048 85 53 in
209 2048 114 53 esse
280 2048 213 53 estisimplex
451 2048 128 53 totum
536 2048 128 53 simul
621 2048 71 53 &
650 2048 85 53 in
692 2048 128 53 esse,
777 2048 71 53 &
806 2048 85 53 in
848 2048 170 53 essentia
976 2048 114 53 sua.
1047 2048 128 53 licet
1132 2048 114 53 enim
1203 2048 85 53 in
1246 2048 185 53 huiusmodi
1388 2048 156 53 termino
1502 2048 99 53 sue
1559 2048 170 53 scilicet
1686 2048 85 53 in
1729 2048 114 53 ipso
1786 2048 85 53 con-

104 2092 179 68 seruato
234 2092 114 68 non
299 2092 146 68 habet
396 2092 276 68 innouationem:
624 2092 146 68 habet
722 2092 146 68 tamen
819 2092 114 68 eam
884 2092 146 68 intra
982 2092 98 68 se
1031 2092 81 68 &
1063 2092 130 68 suam
1144 2092 211 68 essentiam
1307 2092 114 68 per
1372 2092 130 68 suas
1453 2092 163 68 partes
1567 2092 244 68 aduenientes
1762 2092 81 68 &
1778 2092 98 68 dece

116 2152 180 55 dentes:
246 2152 98 55 vt
295 2152 163 55 dictum
410 2152 131 55 est.
491 2152 98 55 Si
540 2152 131 55 vero
622 2152 163 55 partes
737 2152 196 55 ponantur
884 2152 131 55 esse
965 2152 163 55 simul,
1080 2152 114 55 hoc
1145 2152 114 55 est
1210 2152 163 55 contra
1325 2152 180 55 naturam
1456 2152 196 55 continui
1603 2152 98 55 in
1635 2152 229 55 transmutatio

107 2208 147 62 nibus
204 2208 244 62 existentis.
400 2208 212 62 Praeterea
563 2208 179 62 ponendo
693 2208 147 62 simul
791 2208 163 62 partes
905 2208 195 62 existere
1052 2208 163 62 ipsius
1166 2208 163 62 fieri,
1280 2208 114 62 non
1345 2208 195 62 poterunt
1491 2208 195 62 obtinere
1638 2208 212 62 intentum.
1785 2208 81 62 pro

106 2265 128 61 pter
186 2265 128 61 quod
266 2265 160 61 negant
378 2265 128 61 vnum
458 2265 176 61 simplex
586 2265 144 61 fieri
682 2265 96 61 in
730 2265 128 61 esse
810 2265 128 61 rei,
890 2265 80 61 &
922 2265 160 61 ponunt
1033 2265 144 61 ipsum
1129 2265 160 61 habere
1241 2265 176 61 partes.
1369 2265 112 61 Hoc
1433 2265 128 61 enim
1513 2265 160 61 ponunt
1625 2265 112 61 non
1689 2265 128 61 moti
1753 2265 112 61 ratio

104 2318 105 61 ne:
164 2318 105 61 sed
224 2318 165 61 propter
344 2318 135 61 fugam
433 2318 299 61 inconuenientium:
688 2318 120 61 quae
763 2318 135 61 tamen
853 2318 90 61 ex
898 2318 105 61 hoc
958 2318 105 61 non
1017 2318 195 61 effugiumt
1167 2318 180 61 scilicet
1302 2318 90 61 ne
1347 2318 120 61 esse
1422 2318 195 61 creaturae
1572 2318 165 61 ponatur
1691 2318 135 61 actus
1766 2318 105 61 purus

110 2366 116 52 sine
182 2366 217 52 futuritione
355 2366 72 52 &
384 2366 260 52 praeteritione:
601 2366 101 52 sed
659 2366 130 52 totum
746 2366 145 52 simuel
847 2366 72 52 &
876 2366 159 52 simplex
992 2366 116 52 erit
1064 2366 203 52 infinitum.
1223 2366 116 52 Siue
1296 2366 116 52 enim
1368 2366 130 52 fieri
1455 2366 130 52 illud
1542 2366 159 52 ponatur
1657 2366 174 52 simplex,
1773 2366 87 52 siue

104 2418 149 67 habens
209 2418 149 67 partes
313 2418 134 67 simul
403 2418 224 67 existentes,
582 2418 105 67 non
642 2418 119 67 plus
716 2418 90 67 ex
761 2418 105 67 vno
821 2418 164 67 illorum
940 2418 179 67 vitantur
1075 2418 119 67 illa
1149 2418 269 67 inconvenientia
1373 2418 119 67 quam
1448 2418 134 67 alia:
1538 2418 90 67 vt
1582 2418 134 67 patet
1657 2418 209 67 inspicienti.

107 2468 187 71 Dicendum
248 2468 109 71 est
310 2468 125 71 ergo
388 2468 233 71 simpliciter
574 2468 125 71 quod
652 2468 125 71 esse
730 2468 202 71 creaturae
886 2468 78 71 &
917 2468 109 71 quo
979 2468 93 71 ad
1026 2468 109 71 se,
1088 2468 78 71 &
1119 2468 109 71 quo
1181 2468 93 71 ad
1228 2468 202 71 essentiam
1384 2468 140 71 cuius
1477 2468 125 71 est,
1555 2468 78 71 &
1586 2468 109 71 quo
1648 2468 93 71 ad
1695 2468 140 71 fieri
1773 2468 93 71 eius

112 2525 107 66 est
173 2525 137 66 totum
264 2525 152 66 simul:
371 2525 137 66 nullo
462 2525 137 66 autem
553 2525 122 66 modo
630 2525 91 66 in
675 2525 183 66 continuo
812 2525 152 66 fieri:
919 2525 91 66 vt
965 2525 137 66 patet
1056 2525 91 66 ex
1102 2525 107 66 iam
1163 2525 152 66 dictis
1269 2525 91 66 in
1315 2525 244 66 prosecutione
1513 2525 213 66 membrorum.
1680 2525 91 66 Ad
1726 2525 137 66 cuius
1802 2525 61 66 ta

108 2578 97 69 men
163 2578 207 69 intellectum
329 2578 166 69 sciendum
453 2578 110 69 est:
522 2578 110 69 quod
592 2578 124 69 eorum
674 2578 110 69 quae
743 2578 124 69 sunt,
826 2578 152 69 quaedam
937 2578 138 69 habent
1033 2578 193 69 subsistere
1185 2578 83 69 in
1227 2578 97 69 se:
1282 2578 83 69 vt
1323 2578 221 69 substantiae:
1503 2578 152 69 quaedam
1613 2578 110 69 vero
1682 2578 138 69 alteri
1765 2578 97 69 inhae

109 2624 134 58 rere:
198 2624 89 58 vt
243 2624 208 58 accidentia
407 2624 164 58 realia.
526 2624 149 58 Quorum
630 2624 164 58 quaedam
749 2624 194 58 inhaerent
898 2624 194 58 subiecto:
1047 2624 89 58 vt
1092 2624 89 58 in
1136 2624 104 58 se,
1196 2624 74 58 &
1226 2624 179 58 absolute
1360 2624 253 58 consideratur:
1568 2624 164 58 quaedam
1687 2624 119 58 vero
1762 2624 89 58 vt
1792 2624 74 58 con

105 2671 199 72 sideratur
258 2671 107 72 sub
319 2671 184 72 respectu
457 2671 153 72 quodam
564 2671 92 72 ad
610 2671 138 72 aliud
702 2671 230 72 diuersimode
886 2671 184 72 secundum
1024 2671 245 72 diuersitatem
1223 2671 169 72 partium
1346 2671 245 72 existentium,
1545 2671 77 72 &
1576 2671 245 72 permanentium
1775 2671 92 72 in
1806 2671 61 72 ip

102 2736 106 62 so.
163 2736 137 62 Primo
254 2736 121 62 modo
329 2736 152 62 habent
436 2736 121 62 esse
512 2736 91 62 in
557 2736 182 62 subiecto
694 2736 137 62 omnia
785 2736 121 62 alia
861 2736 212 62 accidentia
1027 2736 76 62 a
1058 2736 167 62 tempore
1179 2736 76 62 &
1210 2736 137 62 motu.
1301 2736 167 62 Secundo
1422 2736 121 62 modo
1498 2736 152 62 habent
1604 2736 121 62 esse
1680 2736 91 62 in
1710 2736 152 62 subiecto

101 2783 157 64 tempus
211 2783 78 64 &
242 2783 157 64 motus:
352 2783 110 64 sed
415 2783 157 64 tempus
525 2783 110 64 per
588 2783 157 64 motum,
697 2783 173 64 mutatio
823 2783 125 64 enim
901 2783 125 64 quae
980 2783 110 64 est
1042 2783 251 64 indiuisibile
1246 2783 125 64 quid
1325 2783 94 64 in
1372 2783 125 64 motu
1450 2783 188 64 sequitur
1591 2783 235 64 substantiam
1764 2783 94 64 siue

106 2833 204 65 subiectum
263 2833 189 65 secundum
405 2833 126 65 quod
484 2833 173 65 mutatum
609 2833 110 65 est
672 2833 141 65 super
767 2833 173 65 aliquod
892 2833 157 65 signum
1002 2833 252 65 determinatum
1207 2833 94 65 in
1254 2833 141 65 situ,
1348 2833 110 65 vel
1411 2833 94 65 in
1458 2833 220 65 qualitate,
1631 2833 110 65 vel
1694 2833 94 65 in
1726 2833 141 65 quanti-

108 2884 142 69 tate.
203 2884 204 69 Inquantum
360 2884 126 69 vero
439 2884 236 69 transfertur
627 2884 220 69 successiue
800 2884 79 69 a
832 2884 157 69 priori
942 2884 173 69 manente
1068 2884 94 69 in
1115 2884 142 69 loco,
1209 2884 110 69 vel
1272 2884 94 69 in
1319 2884 220 69 qualitate,
1492 2884 110 69 vel
1555 2884 94 69 in
1603 2884 236 69 quantitate:
1776 2884 94 69 ipso

112 2937 123 66 autem
194 2937 95 66 non
249 2937 150 66 manente
357 2937 82 66 in
398 2937 123 66 illo:
480 2937 95 66 sed
535 2937 191 66 transeunte
684 2937 82 66 ab
725 2937 95 66 vna
780 2937 123 66 parte
861 2937 82 66 in
902 2937 136 66 aliam,
998 2937 163 66 sequitur
1120 2937 95 66 eam
1175 2937 136 66 motus.
1270 2937 150 66 propter
1379 2937 109 66 quid
1447 2937 109 66 siue
1515 2937 109 66 quid
1583 2937 191 66 acquiritur
1733 2937 95 66 per
1774 2937 95 66 motum

109 2992 101 63 sit
166 2992 158 63 manens:
281 2992 115 63 siue
353 2992 86 63 in
396 2992 129 63 motu:
482 2992 86 63 vt
525 2992 101 63 cum
583 2992 201 63 acquiritur
741 2992 187 63 quaelitas
885 2992 86 63 in
928 2992 115 63 ipso
1000 2992 115 63 moto
1071 2992 101 63 per
1129 2992 244 63 alterationem,
1330 2992 101 63 aut
1387 2992 187 63 quantitas
1531 2992 101 63 per
1589 2992 273 63 augmentationem,
1804 2992 72 63 vel

104 3042 99 61 in
154 3042 99 61 eo
204 3042 149 61 super
303 3042 132 61 quid
385 3042 182 61 mouetur
517 3042 231 61 localiter:
699 3042 99 61 vt
749 3042 99 61 si
798 3042 165 61 aliqua
914 3042 198 61 qualitas
1063 3042 182 61 mansiua
1195 3042 182 61 maneret
1327 3042 99 61 in
1376 3042 182 61 pariete
1509 3042 116 61 per
1575 3042 149 61 motum
1674 3042 149 61 solis
1756 3042 116 61 super

111 3101 169 76 ipsum:
230 3101 135 76 siue
314 3101 118 76 sit
382 3101 186 76 aliquid
517 3101 220 76 transiens
686 3101 118 76 vel
754 3101 152 76 circa
856 3101 169 76 mobile
974 3101 237 76 localiter:
1160 3101 102 76 vt
1211 3101 152 76 situs
1313 3101 186 76 diuersi
1448 3101 135 76 quos
1533 3101 220 76 acquirunt
1702 3101 135 76 vnum
1769 3101 102 76 post
