2466 3767
476 312 224 81 gustandum.
652 312 96 81 Et
700 312 128 81 ideo
780 312 96 81 ei
829 312 176 81 addatur
957 312 160 81 opinio
1069 312 256 81 particularis
1277 312 96 81 vt
1325 312 96 81 de
1373 312 112 81 qua
1438 312 112 81 est
1502 312 176 81 sensus,
1630 312 96 81 vt
1678 312 128 81 quod
1758 312 112 81 hoc
1822 312 112 81 sit
1886 312 144 81 dulce
1983 312 256 81 delectabile.
2175 312 96 81 tunc

483 383 196 68 conclusum
634 383 196 68 voluntati
785 383 166 68 oportet
906 383 181 68 confesti
1041 383 166 68 operari
1162 383 181 68 potentem
1298 383 75 68 &
1328 383 106 68 non
1389 383 226 68 prohibitum.
1570 383 75 68 &
1600 383 106 68 hoc
1660 383 166 68 propter
1781 383 242 68 ignorantiam,
1977 383 91 68 vt
2022 383 196 68 processit
2158 383 106 68 ratio

477 444 207 66 praedicta.
640 444 89 66 Et
684 444 118 66 quod
758 444 133 66 primo
846 444 74 66 &
876 444 251 66 principaliter
1082 444 177 66 fallitur
1215 444 133 66 circa
1303 444 192 66 opinionem
1451 444 148 66 rectam
1554 444 251 66 particularem,
1761 444 103 66 non
1820 444 133 66 autem
1908 444 133 66 circa
1997 444 133 66 velm,
2085 444 148 66 aparte
2188 444 103 66 de-

482 491 161 59 termiat
599 491 102 59 per
658 491 102 59 hoc
716 491 117 59 quod
790 491 132 59 dicit
877 491 117 59 quod
950 491 146 59 opinio
1053 491 234 59 particularis
1243 491 161 59 quantum
1360 491 102 59 est
1419 491 88 59 de
1462 491 88 59 se
1506 491 102 59 non
1565 491 102 59 est
1623 491 234 59 scientialis,
1814 491 117 59 quia
1887 491 176 59 scientia
2018 491 234 59 vniuersalium
2194 491 73 59 est

485 545 72 57 &
513 545 101 57 non
571 545 259 57 particularium.
787 545 115 57 ideo
859 545 101 57 non
917 545 101 57 est
974 545 230 57 inconueniens
1161 545 86 57 si
1205 545 130 57 circa
1291 545 101 57 eam
1349 545 115 57 homo
1421 545 173 57 fallatur
1550 545 72 57 &
1579 545 144 57 peccet
1680 545 245 57 incontinenter
1882 545 158 57 agendo:
1997 545 115 57 quia
2069 545 173 57 operatio
2184 545 72 57 non

483 602 94 69 est
536 602 120 69 circa
616 602 200 69 vniversala,
777 602 94 69 sed
830 602 120 69 solum
910 602 227 69 particularia,
1097 602 120 69 circa
1178 602 107 69 quae
1244 602 174 69 fallitur.
1378 602 94 69 hoc
1431 602 120 69 autem
1512 602 120 69 esset
1592 602 120 69 durum
1672 602 67 69 &
1699 602 214 69 inconueniens
1872 602 80 69 si
1913 602 120 69 primo
1993 602 67 69 &
2019 602 94 69 per
2073 602 80 69 se
2100 602 160 69 falleretur

473 659 127 61 circa
558 659 198 61 vniversala
713 659 141 61 quorum
812 659 99 61 est
868 659 184 61 scientia.
1009 659 71 61 &
1038 659 169 61 secundum
1165 659 99 61 hoc
1221 659 99 61 per
1278 659 155 61 aliquem
1391 659 127 61 modum
1475 659 127 61 verum
1560 659 99 61 est
1617 659 113 61 quod
1687 659 127 61 dixit
1772 659 184 61 Socrates,
1913 659 113 61 quod
1984 659 212 61 impossibile
2153 659 99 61 est
2195 659 71 61 ali

473 716 109 65 quem
542 716 136 65 decipi
637 716 164 65 secundum
760 716 177 65 scientiam
896 716 109 65 quam
964 716 136 65 habet.
1059 716 95 65 Non
1114 716 109 65 enim
1182 716 177 65 praesente
1318 716 164 65 scientia
1441 716 95 65 sit
1496 716 136 65 passio
1591 716 82 65 vt
1632 716 136 65 vicat:
1727 716 123 65 neque
1809 716 109 65 ipsa
1877 716 164 65 scientia
2000 716 68 65 &
2014 716 245 65 ratiovniversalis

468 770 205 63 attrahitur
629 770 161 63 propter
747 770 205 63 passionem:
908 770 103 63 sed
966 770 117 63 ipsa
1039 770 234 63 particularis
1230 770 73 63 &
1259 770 205 63 sensibilis
1420 770 161 63 opinio,
1537 770 132 63 circa
1625 770 117 63 quam
1699 770 132 63 primo
1786 770 176 63 fallitur
1918 770 234 63 incontinens.
2109 770 88 63 Et
2152 770 103 63 sic
2196 770 59 63 pa

471 829 106 63 ret
532 829 122 63 quod
608 829 228 63 incontinens
790 829 258 63 incontinenter
1002 829 122 63 agit
1078 829 167 63 propter
1200 829 228 63 ignorantiam
1382 829 182 63 duplicis
1519 829 228 63 propotnnis.
1701 829 137 63 Primo
1792 829 258 63 particularis:
2005 829 137 63 circa
2096 829 122 63 quam
2157 829 106 63 primo

480 880 68 70 &
508 880 95 70 per
562 880 82 70 se
603 880 191 70 decipitur.
753 880 150 70 Secundo
862 880 218 70 vniversalis,
1039 880 123 70 circa
1120 880 109 70 quam
1188 880 177 70 decipitur
1325 880 204 70 secundario:
1488 880 82 70 vt
1529 880 82 70 in
1570 880 163 70 passione
1692 880 136 70 victus
1787 880 95 70 aut
1842 880 136 70 omnino
1937 880 95 70 non
1992 880 136 70 habeat
2087 880 109 70 eas,
2155 880 95 70 vel
2196 880 68 70 sic

481 936 157 73 habeat
591 936 126 73 eas,
670 936 94 73 vt
717 936 110 73 non
780 936 141 73 sciat
874 936 126 73 eas.
953 936 126 73 Etsi
1031 936 126 73 enim
1110 936 110 73 eas
1173 936 157 73 habeat
1283 936 126 73 voce
1361 936 189 73 secundum
1503 936 126 73 quod
1581 936 173 73 moechus
1707 936 94 73 in
1754 936 126 73 actu
1833 936 204 73 moechandi
1990 936 204 73 quondoque
2131 936 126 73 dicere

474 990 136 70 pont:
564 990 166 70 quoniam
685 990 181 70 moechari
820 990 136 70 malum
911 990 120 70 est:
986 990 75 70 &
1016 990 166 70 quoniam
1137 990 181 70 moechari
1272 990 105 70 cum
1332 990 105 70 hac
1393 990 166 70 muliere
1513 990 136 70 malum
1603 990 120 70 est:
1679 990 105 70 non
1739 990 136 70 tamen
1829 990 105 70 eas
1890 990 136 70 habet
1980 990 105 70 re,
2040 990 90 70 vt
2085 990 105 70 ita
2130 990 136 70 intelli

481 1055 113 66 gat
545 1055 81 66 &
578 1055 178 66 sentiat
707 1055 145 66 sicut
804 1055 162 66 dicit.
917 1055 242 66 quemadmodum
1111 1055 194 66 dicentes
1256 1055 145 66 verba
1353 1055 242 66 Empedoclis,
1547 1055 145 66 nihil
1644 1055 145 66 autem
1741 1055 275 66 intelligentes
1967 1055 145 66 eorum
2064 1055 129 66 quae
2129 1055 129 66 dicunt

487 1112 225 61 quemadmodum
667 1112 135 61 dicit
757 1112 90 61 in
802 1112 120 61 fine
877 1112 135 61 sexti
967 1112 210 61 capostoli,
1132 1112 105 61 quo
1192 1112 90 61 ad
1237 1112 195 61 proponnem
1387 1112 135 61 velm.
1477 1112 75 61 &
1507 1112 90 61 in
1552 1112 120 61 fine
1627 1112 165 61 septimi
1747 1112 105 61 quo
1807 1112 90 61 ad
1852 1112 195 61 proponnem
2002 1112 255 61 particularem.
2197 1112 60 61 Et

487 1159 132 69 patet
575 1159 88 69 ex
619 1159 146 69 dictis
722 1159 117 69 quis
795 1159 102 69 sit
853 1159 132 69 modus
941 1159 132 69 huius
1029 1159 234 69 ignorantiae,
1219 1159 161 69 quoniam
1337 1159 102 69 non
1395 1159 102 69 est
1454 1159 88 69 in
1498 1159 205 69 priuatione
1659 1159 73 69 &
1688 1159 176 69 carentia
1820 1159 161 69 habitus
1937 1159 205 69 scientiae:
2098 1159 102 69 sed
2142 1159 117 69 priua-

481 1219 142 63 tione
576 1219 142 63 actus
671 1219 79 63 &
702 1219 126 63 vsus
781 1219 95 63 ex
829 1219 190 63 ligamine
971 1219 174 63 habitus
1097 1219 95 63 ne
1145 1219 158 63 possit
1255 1219 95 63 eo
1302 1219 126 63 homo
1381 1219 126 63 vti.
1460 1219 111 63 Sic
1524 1219 126 63 enim
1602 1219 205 63 disponunt
1760 1219 174 63 homines
1887 1219 205 63 passiones
2045 1219 126 63 irae
2124 1219 79 63 &
2139 1219 111 63 concu

485 1268 232 74 piscentiae,
670 1268 232 74 quemadmodum
855 1268 154 74 somnus
963 1268 232 74 dormientem,
1149 1268 77 74 &
1180 1268 185 74 ebrietas
1319 1268 232 74 vinolentum,
1504 1268 77 74 &
1535 1268 139 74 furia
1628 1268 185 74 insanum.
1767 1268 124 74 Sunt
1844 1268 124 74 enim
1921 1268 139 74 omnes
2014 1268 124 74 isti
2091 1268 124 74 actu
2168 1268 124 74 igno

488 1325 144 68 rantes
588 1325 101 68 non
646 1325 173 68 potentes
776 1325 101 68 vti
834 1325 173 68 scientia
963 1325 101 68 sua
1021 1325 159 68 propter
1136 1325 173 68 ligamen.
1266 1325 115 68 Vnde
1338 1325 72 68 &
1367 1325 202 68 dissolutio
1525 1325 216 68 ignorantiae
1698 1325 259 68 incontinentis,
1914 1325 86 68 vt
1958 1325 159 68 iterato
2073 1325 115 68 fiat
2131 1325 115 68 sciens

485 1383 100 68 non
542 1383 100 68 est
599 1383 128 68 nouae
684 1383 185 68 scientiae
827 1383 214 68 acquisitio:
998 1383 100 68 sed
1055 1383 185 68 passionis
1198 1383 171 68 ablatio.
1327 1383 214 68 Quemadmodum
1498 1383 114 68 enim
1569 1383 143 68 siquis
1669 1383 100 68 est
1726 1383 214 68 grammaticus
1897 1383 100 68 cum
1954 1383 200 68 inebriatur
2097 1383 157 68 ascendunt

490 1434 169 72 vapores
613 1434 77 72 &
643 1434 230 72 intellectum
828 1434 123 72 eius
904 1434 230 72 obnubilant,
1089 1434 77 72 &
1119 1434 184 72 vsquequo
1258 1434 200 72 dominetur
1411 1434 215 72 euaporatio
1580 1434 108 72 non
1642 1434 154 72 potest
1749 1434 92 72 vt
1795 1434 230 72 grammaticus
1980 1434 184 72 operari:
2118 1434 123 72 post
2179 1434 77 72 dis

483 1491 208 64 solutionem
647 1491 134 64 autem
736 1491 253 64 euaporationis
945 1491 119 64 tunc
1019 1491 194 64 operatur:
1168 1491 104 64 sic
1228 1491 74 64 &
1257 1491 89 64 in
1302 1491 238 64 incontinente
1496 1491 208 64 contingit.
1659 1491 208 64 Cognouerat
1823 1491 119 64 enim
1898 1491 134 64 primo
1987 1491 164 64 quoniam
2106 1491 134 64 malum
2181 1491 74 64 est

485 1545 191 64 moechari.
633 1545 74 64 a
662 1545 265 64 concupiscentia
883 1545 133 64 autem
971 1545 191 64 vehementi
1118 1545 177 64 grauatur
1251 1545 221 64 intellectus
1428 1545 162 64 ipsius,
1545 1545 74 64 &
1575 1545 147 64 perdit
1678 1545 133 64 talem
1766 1545 221 64 cognitionem
1943 1545 74 64 &
1972 1545 191 64 scientiam
2119 1545 162 64 quamdiu

483 1601 192 57 dominatur
631 1601 133 57 talis
719 1601 266 57 concupiscentia
941 1601 192 57 vehemens.
1089 1601 118 57 Post
1162 1601 251 57 dissolutionem
1369 1601 133 57 autem
1458 1601 207 57 huiusmodi:
1620 1601 177 57 confesti
1753 1601 221 57 dissoluitur
1930 1601 221 57 ignorantia:
2107 1601 89 57 et
2137 1601 118 57 rursus

475 1655 207 69 scientiam
634 1655 127 69 quam
714 1655 159 69 habuit
825 1655 175 69 quoniam
952 1655 191 69 moechari
1096 1655 143 69 malum
1191 1655 127 69 est,
1271 1655 223 69 reassumit.
1446 1655 95 69 Et
1493 1655 223 69 concordant
1668 1655 143 69 omnes
1764 1655 95 69 in
1812 1655 111 69 his
1875 1655 127 69 quod
1955 1655 111 69 sit
2018 1655 127 69 mens
2098 1655 80 69 &
2114 1655 143 69 senten-

474 1714 101 66 tia
531 1714 217 66 philosophi.
705 1714 101 66 sed
763 1714 116 66 quia
835 1714 101 66 non
893 1714 145 66 aparte
995 1714 217 66 distinguit:
1168 1714 87 66 an
1212 1714 261 66 concupiscentia
1429 1714 188 66 sensualis
1574 1714 188 66 immediate
1718 1714 188 66 obnubilet
1863 1714 188 66 rationem,
2008 1714 101 66 vel
2066 1714 174 66 mediante
2182 1714 72 66 ap-

482 1777 158 61 petitu
593 1777 222 61 voluntatis
767 1777 238 61 concordante
958 1777 111 61 cum
1021 1777 190 61 appetitu
1164 1777 174 61 sensus:
1290 1777 95 61 in
1338 1777 111 61 hoc
1401 1777 127 61 solo
1481 1777 111 61 est
1544 1777 269 61 controuersia,
1766 1777 95 61 vt
1813 1777 158 61 dictum
1924 1777 127 61 est:
2003 1777 79 61 &
2035 1777 190 61 videntur
2162 1777 95 61 ambo

476 1829 101 68 pro
533 1829 87 68 se
577 1829 145 68 habere
678 1829 217 68 philosopum,
852 1829 116 68 quia
924 1829 145 68 aliqua
1026 1829 130 68 dicta
1112 1829 116 68 eius
1185 1829 174 68 videntur
1315 1829 203 68 expressius
1474 1829 116 68 esse
1547 1829 101 68 pro
1605 1829 101 68 vna
1663 1829 188 68 opinione:
1807 1829 145 68 aliqua
1909 1829 116 68 vero
1981 1829 101 68 pro
2039 1829 130 68 alia,
2126 1829 87 68 vt
2155 1829 101 68 visum

477 1886 110 60 est,
546 1886 83 60 et
587 1886 96 60 iam
642 1886 179 60 videbitur
780 1886 165 60 amplius.
904 1886 96 60 EST
959 1886 124 60 autem
1041 1886 124 60 adhuc
1124 1886 151 60 amplius
1234 1886 151 60 aliquid
1344 1886 234 60 intelligendum
1537 1886 83 60 ad
1578 1886 193 60 veritatis,
1729 1886 69 60 &
1757 1886 206 60 intellectus
1922 1886 193 60 philosophi
2073 1886 151 60 maiorem
2183 1886 96 60 de-

472 1936 221 77 clarationem,
652 1936 110 77 quod
721 1936 207 77 philosophus
886 1936 97 77 non
941 1936 97 77 tam
996 1936 152 77 danmnat
1107 1936 83 77 in
1148 1936 124 77 vitio
1231 1936 69 77 &
1259 1936 152 77 peccato
1369 1936 124 77 actum
1452 1936 193 77 exterioris
1604 1936 138 77 operis
1700 1936 110 77 quam
1769 1936 193 77 interioris
1921 1936 179 77 consensus
2059 1936 83 77 in
2086 1936 166 77 delectatio

483 1987 124 61 nem,
560 1987 124 61 quia
637 1987 93 61 vt
684 1987 139 61 dicit
777 1987 170 61 secundo
901 1987 201 61 Politicae
1056 1987 93 61 de
1102 1987 139 61 vitio
1195 1987 217 61 auaritiae,
1365 1987 139 61 magis
1458 1987 170 61 oportet
1582 1987 294 61 concupiscentias
1830 1987 186 61 regulare
1969 1987 124 61 quam
2031 1987 217 61 substantias.

478 2042 104 61 Nec
537 2042 133 61 etiam
626 2042 133 61 solum
715 2042 163 61 danmnat
834 2042 207 61 interiorem
997 2042 193 61 consensum
1145 2042 89 61 in
1189 2042 133 61 opus:
1278 2042 104 61 sed
1337 2042 133 61 etiam
1426 2042 133 61 totam
1515 2042 252 61 delectationem
1723 2042 163 61 prauam.
1841 2042 163 61 propter
1960 2042 119 61 quid
2034 2042 163 61 dicitur
2152 2042 89 61 in
2182 2042 74 61 ii.

488 2099 152 67 ethic.
594 2099 122 67 quod
671 2099 168 67 oportet
793 2099 107 67 nos
854 2099 122 67 pati
930 2099 91 67 ad
976 2099 274 67 delectationem,
1204 2099 122 67 quid
1280 2099 137 67 senes
1372 2099 152 67 plebis
1479 2099 229 67 patiebantur
1662 2099 91 67 ad
1707 2099 183 67 Helenam,
1844 2099 91 67 vt
1890 2099 137 67 supra
1982 2099 152 67 dictum
2088 2099 122 67 est.
2165 2099 122 67 Vnde

486 2157 203 62 philosophus
649 2157 122 62 malum
730 2157 243 62 incontinentiae
932 2157 95 62 non
987 2157 122 62 solum
1068 2157 122 62 ponit
1149 2157 81 62 in
1189 2157 122 62 opere
1270 2157 189 62 exteriori:
1419 2157 95 62 sed
1473 2157 122 62 etiam
1554 2157 81 62 in
1595 2157 122 62 opere
1676 2157 189 62 interiori,
1825 2157 68 62 &
1852 2157 135 62 ipsius
1946 2157 230 62 delectationis
2135 2157 68 62 &
2149 2157 108 62 consen

485 2208 107 68 sus
546 2208 77 68 &
577 2208 92 68 in
623 2208 261 68 delectationem
837 2208 77 68 &
868 2208 92 68 in
914 2208 123 68 opus
991 2208 199 68 exterius.
1144 2208 138 68 ClRca
1236 2208 199 68 processum
1389 2208 123 68 ergo
1466 2208 77 68 &
1497 2208 153 68 vitium
1604 2208 291 68 incontinentiae,
1849 2208 184 68 sciendum
1987 2208 123 68 quod
2064 2208 169 68 triplex
2171 2208 77 68 est

478 2260 94 66 in
525 2260 94 66 eo
572 2260 156 66 gradus
682 2260 250 66 principalis.
885 2260 141 66 Primo
979 2260 125 66 enim
1057 2260 235 66 delectabile
1245 2260 156 66 sensus
1355 2260 156 66 mentem
1464 2260 156 66 tangit
1574 2260 203 66 tentando.
1730 2260 172 66 Secundo
1855 2260 94 66 in
1902 2260 235 66 tentationem
2090 2260 172 66 inducit
2199 2260 63 66 al

480 2318 199 68 liciendo.
633 2318 153 68 Tertio
740 2318 230 68 tentationem
924 2318 169 68 intrare
1047 2318 138 68 facit
1139 2318 184 68 volentem
1277 2318 230 68 inficiendo.
1461 2318 153 68 Primum
1569 2318 123 68 enim
1645 2318 107 68 non
1707 2318 107 68 est
1768 2318 92 68 in
1814 2318 153 68 nostra
1922 2318 215 68 potestate.
2090 2318 77 68 &
2121 2318 123 68 ideo
2182 2318 77 68 vel

482 2372 94 62 in
529 2372 126 62 ipso
608 2372 157 62 nullum
718 2372 157 62 omnino
827 2372 110 62 est
890 2372 204 62 peccatum,
1047 2372 110 62 vel
1110 2372 173 62 minimum
1235 2372 188 62 veniale.
1377 2372 188 62 secundum
1518 2372 141 62 illos
1612 2372 110 62 qui
1675 2372 157 62 dicunt
1784 2372 126 62 quod
1863 2372 141 62 motus
1957 2372 157 62 carnis
2067 2372 141 62 primo
2145 2372 110 62 primi

481 2428 127 68 sunt
561 2428 175 68 peccata
688 2428 207 68 venialia.
847 2428 80 68 &
879 2428 96 68 si
927 2428 127 68 sunt
1007 2428 191 68 peccata:
1150 2428 111 68 non
1214 2428 143 68 tamen
1309 2428 127 68 sunt
1389 2428 96 68 in
1437 2428 239 68 particulari
1628 2428 223 68 voluntaria
1803 2428 111 68 nec
1867 2428 207 68 voluntate
2026 2428 207 68 commissa.
2185 2428 111 68 sed

475 2484 194 59 secundum
620 2484 81 59 &
652 2484 177 59 tertium
781 2484 210 59 voluntate
943 2484 161 59 nostra
1055 2484 274 59 committuntur.
1281 2484 81 59 &
1313 2484 129 59 ideo
1394 2484 177 59 peccata
1523 2484 145 59 sunt.
1620 2484 129 59 Vnde
1701 2484 177 59 dominus
1830 2484 113 59 non
1894 2484 145 59 docet
1991 2484 113 59 nos
2055 2484 145 59 orare
2152 2484 97 59 ne
2184 2484 81 59 tem

473 2539 170 59 temur:
592 2539 136 59 quia
677 2539 119 59 hoc
744 2539 221 59 quandoque
914 2539 119 59 non
982 2539 153 59 esset
1084 2539 153 59 nobis
1185 2539 237 59 prosicuum.
1372 2539 187 59 propter
1508 2539 136 59 quod
1592 2539 119 59 non
1660 2539 136 59 fuit
1745 2539 170 59 Paulus
1864 2539 221 59 exauditus
2034 2539 170 59 quando
2135 2539 119 59 peti-

473 2596 119 59 uit
541 2596 136 59 sibi
626 2596 204 59 stimulum
779 2596 170 59 carnis
898 2596 204 59 auferri:
1051 2596 119 59 sed
1119 2596 153 59 docet
1221 2596 119 59 nos
1289 2596 153 59 orare
1391 2596 102 59 ne
1442 2596 221 59 inducamur
1612 2596 102 59 in
1663 2596 272 59 tentationem.
1884 2596 204 59 Matthaei
2037 2596 170 59 sexto.
2156 2596 102 59 Et
2190 2596 68 59 ne

478 2650 205 60 intremus
632 2650 103 60 in
683 2650 274 60 tentationem.
906 2650 171 60 Marci.
1025 2650 171 60 xiiii.
1145 2650 137 60 Vnde
1231 2650 154 60 dicit
1333 2650 239 60 Augustinus
1521 2650 103 60 in
1573 2650 137 60 fine
1658 2650 103 60 de
1710 2650 171 60 libero
1829 2650 222 60 arbitrio.
2000 2650 239 60 Voluntatem
2171 2650 86 60 non

477 2701 180 61 allicit
607 2701 98 61 ad
657 2701 213 61 faciendum
820 2701 131 61 nisi
902 2701 180 61 aliquod
1033 2701 147 61 visum
1131 2701 114 61 &c.
1196 2701 98 61 vt
1245 2701 164 61 dictum
1360 2701 114 61 est
1425 2701 164 61 supra.
1540 2701 131 61 Vnde
1621 2701 98 61 si
1670 2701 294 61 concupiscentia
1916 2701 213 61 solummodo
2079 2701 164 61 animum
2177 2701 82 61 tam

481 2756 144 74 gendo
577 2756 176 74 tentet,
705 2756 80 74 &
737 2756 192 74 voluntas
880 2756 112 74 eam
944 2756 160 74 statim
1056 2756 192 74 reiicit:
1200 2756 96 74 in
1248 2756 144 74 nullo
1344 2756 112 74 eam
1407 2756 192 74 inficit:
1551 2756 112 74 nec
1615 2756 96 74 in
1663 2756 160 74 aliquo
1775 2756 240 74 intellectum
1966 2756 208 74 obumbrat:
2126 2756 112 74 sed
2174 2756 80 74 obe

484 2813 152 66 diente
590 2813 183 66 appetitu
728 2813 198 66 inferiori
880 2813 198 66 appetitui
1033 2813 198 66 superiori
1185 2813 107 66 mox
1246 2813 183 66 tentatio
1383 2813 168 66 cessat:
1505 2813 137 66 sicut
1597 2813 198 66 contingit
1749 2813 91 66 in
1795 2813 229 66 continente.
1978 2813 122 66 Vnde
2054 2813 91 66 si
2084 2813 168 66 contingat

481 2861 98 70 ex
530 2861 163 70 aliqua
644 2861 196 70 passione
791 2861 212 70 corporali
954 2861 212 70 quacunque
1117 2861 245 70 intellectum
1312 2861 228 70 obumbrari,
1492 2861 82 70 &
1524 2861 98 70 in
1573 2861 245 70 ignorantiam
1769 2861 245 70 operandorum
1965 2861 179 70 cadere,
2095 2861 130 70 fine
2160 2861 98 70 omni

484 2922 148 53 culpa
582 2922 230 53 voluntatis
763 2922 247 53 praecedente
960 2922 214 53 omittendo
1125 2922 115 53 vel
1190 2922 263 53 conmittendo,
1404 2922 132 53 illa
1486 2922 230 53 ignorantia
1667 2922 181 53 vitiosa
1799 2922 115 53 non
1864 2922 132 53 est:
1947 2922 115 53 sed
2012 2922 148 53 solum
2111 2922 148 53 poena
2193 2922 66 53 na

481 2971 138 64 turae
573 2971 215 64 corruptae.
741 2971 153 64 ltaque
849 2971 92 64 in
895 2971 107 64 eis
956 2971 123 64 quae
1033 2971 184 64 operatur
1171 2971 123 64 homo
1248 2971 169 64 propter
1370 2971 138 64 talem
1462 2971 245 64 ignorantiam,
1662 2971 153 64 omnino
1769 2971 215 64 excusatur:
1938 2971 138 64 etiam
2030 2971 92 64 si
2076 2971 123 64 sint
2153 2971 92 64 de
2183 2971 77 64 ge-

484 3023 138 63 nere
570 3023 207 63 malorum:
725 3023 138 63 quia
811 3023 121 63 nec
880 3023 190 63 initium
1018 3023 86 63 &
1053 3023 155 63 causa
1156 3023 155 63 huius
1260 3023 259 63 ignorantiae
1467 3023 259 63 voluntarium
1674 3023 138 63 est.
1760 3023 190 63 propter
1898 3023 138 63 quid
1984 3023 224 63 huiusmodi
2139 3023 121 63 facta

484 3080 168 68 omnino
602 3080 201 68 dicuntur
752 3080 285 68 inuoluntaria,
987 3080 101 68 vt
1037 3080 101 68 si
1087 3080 201 68 furiosus
1238 3080 201 68 occidat:
1389 3080 151 68 cuius
1489 3080 168 68 furiae
1607 3080 201 68 voluntas
1757 3080 117 68 sua
1824 3080 117 68 non
1891 3080 168 68 causam
2009 3080 117 68 nec
2059 3080 201 68 occasionem

482 3133 176 60 dedit,
606 3133 158 60 neque
711 3133 106 60 in
764 3133 246 60 omittendo,
957 3133 158 60 neque
1063 3133 106 60 in
1116 3133 281 60 committendo.
1344 3133 141 60 Vnde
1432 3133 106 60 si
1485 3133 141 60 Loth
1573 3133 246 60 inebriatus
1766 3133 193 60 fuisset
1907 3133 141 60 sine
1995 3133 141 60 omni
2083 3133 158 60 culpa
2171 3133 88 60 sua

481 3187 197 71 propter
625 3187 269 71 ignorantiam
840 3187 251 71 concumbens
1037 3187 126 71 cum
1109 3187 215 71 filiabus
1270 3187 161 71 suis,
1378 3187 126 71 non
1449 3187 233 71 peccasset
1629 3187 179 71 omnino
1754 3187 197 71 ratione
1897 3187 197 71 ligata,
2041 3187 90 71 &
2077 3187 126 71 per
2131 3187 126 71 conse

478 3253 165 75 quens
588 3253 257 75 voluntate:
789 3253 110 75 vt
844 3253 165 75 nullo
954 3253 147 75 modo
1046 3253 238 75 electione
1229 3253 202 75 aliquid
1376 3253 183 75 egisse
1504 3253 257 75 potuisset.
1705 3253 202 75 Electio
1852 3253 147 75 enim
1944 3253 147 75 siue
2035 3253 183 75 recta,
2145 3253 110 75 siue
