2413 3723
151 282 226 81 remoueri
320 282 113 81 ab
377 282 207 81 altero:
527 282 113 81 vt
584 282 169 81 patet
696 282 244 81 inducendo
884 282 132 81 per
960 282 226 81 singula.
1129 282 150 81 ergo
1223 282 132 81 &c.
1298 282 263 81 DIssolutio
1505 282 169 81 huius
1618 282 282 81 Quaestionis
1824 282 132 81 patet

156 347 98 69 in
205 347 146 69 parte
302 347 98 69 ex
351 347 163 69 dictis
465 347 146 69 supra
562 347 98 69 in
611 347 276 69 dissolutione.
839 347 114 69 vi.
904 347 260 69 quaestionis.
1115 347 98 69 Vt
1164 347 130 69 enim
1245 347 146 69 patet
1342 347 163 69 ibidem
1456 347 179 69 diuersa
1586 347 228 69 intentione
1765 347 130 69 sunt
1846 347 130 69 quae

154 402 188 66 fundata
291 402 103 66 in
342 402 274 66 simplicitate
565 402 188 66 eiusdem
702 402 120 66 rei
770 402 206 66 diuersos
925 402 103 66 de
976 402 103 66 se
1027 402 188 66 formant
1164 402 240 66 conceptus.
1353 402 120 66 Qui
1421 402 103 66 ex
1473 402 120 66 hoc
1541 402 291 66 intelliguntur
1781 402 137 66 esse
1866 402 120 66 di-

155 457 157 65 uersi
259 457 140 65 quod
347 457 140 65 vnus
434 457 157 65 eorum
539 457 192 65 alterum
679 457 210 65 excludit
836 457 122 65 vel
906 457 245 65 totaliter:
1098 457 105 65 vt
1151 457 157 65 patet
1256 457 105 65 in
1308 457 175 65 duobus
1431 457 175 65 primis
1553 457 157 65 modis
1658 457 280 65 differentium
1885 457 105 65 in

155 514 201 64 tentione
306 514 117 64 ibi
373 514 252 64 distinctis:
575 514 117 64 vel
642 514 101 64 in
692 514 168 64 parte:
810 514 101 64 vt
860 514 151 64 patet
961 514 101 64 in
1011 514 185 64 quatuor
1145 514 168 64 aliis.
1263 514 101 64 Et
1313 514 218 64 differunt
1481 514 252 64 differentia
1682 514 201 64 secundum
1817 514 134 64 inten-

156 567 181 53 tionem
283 567 109 53 ab
337 567 163 53 illis
446 567 145 53 quae
536 567 236 53 differunt
718 567 217 53 secundum
881 567 145 53 rem:
971 567 91 53 &
1008 567 236 53 similiter
1189 567 109 53 ab
1243 567 163 53 illis
1352 567 145 53 quae
1443 567 236 53 differunt
1624 567 217 53 secundum
1769 567 181 53 rationem

164 618 168 59 tantum:
286 618 122 59 quod
362 618 122 59 haec
439 618 92 59 in
485 618 137 59 eadem
576 618 183 59 simplici
714 618 92 59 re
759 618 214 59 fundantur:
928 618 107 59 non
989 618 107 59 sic
1050 618 137 59 illa,
1141 618 92 59 vt
1187 618 137 59 forma
1279 618 168 59 generis
1401 618 76 59 &
1432 618 229 59 differentia
1615 618 92 59 in
1661 618 137 59 forma
1752 618 183 59 speciei:
1875 618 76 59 ita

159 677 142 63 quod
248 677 142 63 illa
336 677 124 63 res
407 677 106 63 in
461 677 266 63 significato
673 677 230 63 vtriusque
850 677 266 63 intentionis
1063 677 248 63 continetur
1258 677 213 63 secundum
1417 677 159 63 alium
1524 677 89 63 &
1559 677 159 63 alium
1665 677 159 63 modum
1754 677 195 63 concipien

161 727 112 60 di.
225 727 96 60 in
273 727 112 60 quo
338 727 225 60 conueniunt
514 727 112 60 cum
579 727 273 60 differentibus
803 727 129 60 sola
884 727 193 60 ratione.
1028 727 112 60 Sed
1093 727 96 60 in
1141 727 112 60 hoc
1205 727 225 60 differunt:
1382 727 129 60 quod
1462 727 96 60 in
1510 727 193 60 diuersis
1655 727 193 60 secundum
1783 727 161 60 intentio

151 776 140 71 nem
231 776 160 71 vnus
331 776 260 71 conceptus
531 776 240 71 secundum
711 776 160 71 vnum
811 776 180 71 modum
931 776 240 71 excludit
1111 776 180 71 alium
1231 776 240 71 secundum
1411 776 180 71 alium
1531 776 200 71 modum:
1671 776 140 71 non
1751 776 140 71 sic
1811 776 140 71 autem

155 832 239 66 differentia
346 832 127 66 sola
425 832 191 66 ratione.
569 832 95 66 Ex
616 832 111 66 quo
680 832 223 66 contingit:
855 832 95 66 vt
902 832 143 66 patet
998 832 95 66 ex
1046 832 159 66 dictis
1157 832 95 66 in
1205 832 127 66 illa
1284 832 239 66 quaestione:
1475 832 127 66 quod
1554 832 223 66 quaecunque
1729 832 207 66 differunt
1888 832 95 66 in

155 885 207 61 tentione
310 885 225 61 differunt
483 885 207 61 ratione,
639 885 121 61 non
708 885 242 61 econuerso.
898 885 190 61 propter
1037 885 138 61 quod
1123 885 242 61 frequenter
1313 885 207 61 intentio
1469 885 156 61 ratio
1573 885 259 61 appellatur.
1780 885 156 61 Quare
1867 885 86 61 cum

162 938 221 68 quaecunque
336 938 95 68 se
383 938 158 68 habent
494 938 95 68 in
541 938 142 68 eodem
636 938 189 68 secundum
778 938 252 68 diuersitatem
983 938 158 68 tantam
1093 938 126 68 quod
1172 938 126 68 vnum
1251 938 142 68 eorum
1345 938 126 68 vere
1424 938 158 68 potest
1535 938 95 68 ab
1582 938 158 68 altero
1693 938 205 68 remoueri:
1835 938 110 68 dicen

164 1006 94 53 do
211 1006 125 53 quod
290 1006 110 53 non
352 1006 110 53 est
415 1006 125 53 hoc:
493 1006 125 53 illa
572 1006 110 53 non
634 1006 94 53 se
681 1006 157 53 habent
791 1006 94 53 in
838 1006 125 53 illo
916 1006 188 53 secundum
1057 1006 188 53 rationem
1198 1006 157 53 summae
1308 1006 266 53 simplicitatis
1527 1006 78 53 &
1558 1006 204 53 vnitatis:
1715 1006 125 53 quia
1793 1006 110 53 non
1840 1006 110 53 secun

162 1048 123 66 dum
233 1048 210 66 rationem
390 1048 175 66 summae
513 1048 280 66 identitatis.
740 1048 228 66 Identitas
915 1048 140 66 enim
1003 1048 210 66 sequitur
1160 1048 210 66 vnitatem
1318 1048 88 66 &
1353 1048 245 66 diuersitas
1545 1048 280 66 multitudinem
1773 1048 140 66 siue
1843 1048 105 66 plu-

164 1098 238 61 ralitatem:
351 1098 102 61 vt
402 1098 153 61 etiam
505 1098 170 61 dictum
624 1098 119 61 est
692 1098 136 61 ibi.
777 1098 136 61 Quae
862 1098 153 61 talia
964 1098 153 61 autem
1067 1098 153 61 sunt,
1169 1098 119 61 non
1237 1098 187 61 possunt
1373 1098 136 61 esse
1458 1098 102 61 in
1509 1098 153 61 eodem
1611 1098 170 61 absque
1731 1098 170 61 aliqua
1833 1098 119 61 compo

156 1148 181 62 sitione.
292 1148 181 62 Dicendum
427 1148 151 62 igitur
533 1148 241 62 simpliciter:
729 1148 121 62 quod
805 1148 211 62 quaecunque
971 1148 211 62 diuersitas
1136 1148 226 62 intentionum
1317 1148 91 62 in
1363 1148 196 62 quocumque
1514 1148 106 62 sit
1574 1148 151 62 semper
1680 1148 91 62 in
1725 1148 91 62 eo
1770 1148 136 62 facit
1845 1148 91 62 ali-

164 1202 134 72 quam
248 1202 302 72 compositionem:
500 1202 201 72 secundum
651 1202 134 72 quod
735 1202 101 72 de
785 1202 201 72 pluribus
937 1202 151 72 modis
1037 1202 285 72 compositionum
1272 1202 151 72 circa
1373 1202 218 72 creaturas
1541 1202 101 72 in
1591 1202 285 72 quaestionibus
1826 1202 101 72 de
1860 1202 84 72 dei

155 1260 264 71 simplicitate
369 1260 247 71 exposuimus.
567 1260 148 71 Multo
666 1260 148 71 tamen
765 1260 148 71 minor
864 1260 115 71 est
930 1260 132 71 ista
1012 1260 231 71 compositio
1193 1260 132 71 quam
1276 1260 132 71 illa
1358 1260 115 71 sit
1424 1260 132 71 quae
1507 1260 99 71 ex
1556 1260 280 71 differentibus
1787 1260 115 71 re:
1853 1260 132 71 quan

157 1311 98 58 to
206 1311 148 58 maior
304 1311 115 58 est
370 1311 229 58 diuersitas
550 1311 262 58 differentium
763 1311 98 58 re
812 1311 131 58 quam
894 1311 262 58 differentium
1107 1311 246 58 intentione.
1304 1311 115 58 lta
1369 1311 131 58 quod
1451 1311 131 58 quia
1533 1311 131 58 illa
1615 1311 98 58 vt
1664 1311 131 58 sunt
1746 1311 98 58 in
1796 1311 98 58 re
1828 1311 115 58 abso-

155 1365 136 62 lute
240 1365 169 62 habent
358 1365 203 62 perfecte
511 1365 271 62 differentiam
731 1365 136 62 suam
816 1365 102 62 in
867 1365 119 62 se,
934 1365 85 62 &
968 1365 203 62 absolute
1121 1365 119 62 res
1189 1365 136 62 illa
1273 1365 102 62 in
1324 1365 203 62 perfecto
1477 1365 136 62 actu
1561 1365 152 62 habet
1663 1365 152 62 illam
1765 1365 169 62 realem
1866 1365 85 62 con

155 1418 255 67 positionem:
359 1418 136 67 ista
444 1418 136 67 vero
529 1418 136 67 quae
614 1418 102 67 in
664 1418 102 67 re
715 1418 170 67 eadem,
834 1418 221 67 differunt
1004 1418 255 67 intentione:
1208 1418 136 67 quia
1293 1418 102 67 vt
1344 1418 136 67 sunt
1429 1418 102 67 in
1480 1418 102 67 re
1530 1418 204 67 absolute
1683 1418 119 67 non
1751 1418 204 67 persecte
1887 1418 68 67 ha

156 1474 138 58 bent
242 1474 138 58 suam
329 1474 294 58 differentiam:
571 1474 121 58 sed
640 1474 156 58 solum
744 1474 104 58 vt
795 1474 121 58 res
865 1474 138 58 illa
951 1474 156 58 cadit
1055 1474 104 58 in
1107 1474 311 58 consideratione
1366 1474 259 58 intellectus
1574 1474 156 58 circa
1677 1474 138 58 idem
1747 1474 207 58 concipien-

153 1525 122 73 tis
222 1525 156 73 illos
326 1525 208 73 diuersos
483 1525 226 73 conceptus
656 1525 139 73 actu
743 1525 122 73 suo
813 1525 226 73 diuidendi
987 1525 139 73 quae
1073 1525 208 73 secundum
1230 1525 104 73 se
1282 1525 139 73 sunt
1369 1525 226 73 indiuisa,
1542 1525 87 73 &
1577 1525 104 73 vt
1629 1525 104 73 in
1681 1525 208 73 simplici
1820 1525 122 73 intel

160 1579 184 67 ligentia
298 1579 153 67 tantum
405 1579 153 67 vnicum
513 1579 200 67 conceptum
666 1579 184 67 formant:
804 1579 123 67 vnde
881 1579 77 67 &
912 1579 184 67 intentio
1050 1579 107 67 non
1111 1579 107 67 est
1173 1579 123 67 nisi
1249 1579 123 67 opus
1326 1579 184 67 rationis
1464 1579 200 67 inquantum
1618 1579 184 67 intentio
1756 1579 123 67 est:
1817 1579 123 67 Idcir-

165 1634 92 62 co
211 1634 107 62 res
272 1634 138 62 eadem
364 1634 92 62 in
410 1634 92 62 se
456 1634 77 62 &
487 1634 184 62 absolute
625 1634 92 62 in
671 1634 184 62 perfecto
809 1634 138 62 actum
901 1634 107 62 non
963 1634 138 62 habet
1055 1634 261 62 compositionem
1270 1634 200 62 huiusmodi
1423 1634 246 62 intentionum:
1623 1634 123 62 nisi
1699 1634 169 62 virtute
1822 1634 77 62 &
1853 1634 123 62 qua-

154 1688 97 58 si
202 1688 97 58 in
251 1688 194 58 potentia
396 1688 178 58 tantum:
525 1688 242 58 quemadmodum
719 1688 145 58 genus
816 1688 145 58 habet
913 1688 97 58 in
962 1688 194 58 potentia
1107 1688 226 58 quodammodo
1285 1688 226 58 contrarias
1462 1688 275 58 differentias.
1689 1688 129 58 Quae
1769 1688 145 58 opere
1866 1688 113 58 in-

156 1742 198 61 tellectus
308 1742 244 61 producibilis
507 1742 107 61 est
568 1742 92 61 in
613 1742 122 61 actu
690 1742 137 61 circa
781 1742 122 61 rem,
857 1742 107 61 non
918 1742 92 61 vt
964 1742 137 61 extra
1056 1742 229 61 intellectum
1239 1742 76 61 &
1269 1742 183 61 secundum
1406 1742 92 61 se
1452 1742 198 61 existens:
1605 1742 107 61 sed
1666 1742 92 61 vt
1711 1742 107 61 est
1772 1742 92 61 in
1803 1742 137 61 actuali

155 1793 117 71 eius
228 1793 277 71 consideratione:
462 1793 219 71 quemadmodum
637 1793 292 71 ratiovniversalis
885 1793 88 71 in
929 1793 88 71 re
973 1793 131 71 extra
1061 1793 102 71 est
1119 1793 88 71 in
1163 1793 190 71 potentia:
1309 1793 117 71 actu
1382 1793 117 71 vero
1455 1793 102 71 est
1513 1793 88 71 in
1557 1793 88 71 ea
1601 1793 175 71 secundum
1732 1793 117 71 quod
1805 1793 131 71 cadit
1893 1793 88 71 in

159 1846 127 66 eius
239 1846 175 66 actuali
366 1846 302 66 consideratione.
620 1846 127 66 Vnde
699 1846 79 66 &
731 1846 191 66 intentio
874 1846 111 66 non
937 1846 175 66 dicitur
1064 1846 127 66 esse
1143 1846 175 66 aliquid
1270 1846 95 66 in
1318 1846 95 66 re
1366 1846 95 66 vt
1413 1846 111 66 est
1477 1846 159 66 extra:
1588 1846 111 66 sed
1651 1846 143 66 solum
1747 1846 95 66 vt
1794 1846 143 66 cadit
1890 1846 95 66 in

158 1900 173 59 actuali
284 1900 236 59 intellectus
473 1900 283 59 consideratione
708 1900 267 59 considerantis
928 1900 126 59 vnum
1007 1900 94 59 in
1054 1900 94 59 re
1101 1900 94 59 vt
1148 1900 110 59 duo
1211 1900 236 59 intentione,
1400 1900 126 59 quid
1478 1900 126 59 vere
1557 1900 110 59 non
1620 1900 189 59 fictitie
1761 1900 110 59 duo
1824 1900 110 59 est
1887 1900 94 59 in

156 1958 198 64 tentione.
308 1958 122 64 Quia
384 1958 91 64 in
429 1958 152 64 natura
536 1958 152 64 illius
642 1958 106 64 rei
703 1958 91 64 vt
748 1958 91 64 in
794 1958 228 64 fundamento,
976 1958 76 64 &
1007 1958 137 64 quasi
1098 1958 91 64 in
1144 1958 152 64 radice
1250 1958 106 64 est
1311 1958 167 64 vtraque
1432 1958 182 64 intentio
1569 1958 182 64 educenda
1706 1958 91 64 de
1751 1958 91 64 ea
1797 1958 137 64 opere
1888 1958 91 64 in

156 2011 196 64 tellectus
306 2011 166 64 tamquam
427 2011 105 64 res
487 2011 181 64 rationis
623 2011 75 64 &
653 2011 241 64 intellectus,
848 2011 226 64 quemadmodum
1029 2011 90 64 in
1074 2011 135 64 ligno
1164 2011 135 64 velut
1255 2011 90 64 in
1300 2011 151 64 radice
1405 2011 120 64 sunt
1480 2011 135 64 folia
1571 2011 75 64 &
1601 2011 166 64 fructus
1721 2011 90 64 vt
1766 2011 166 64 diuersa
1872 2011 75 64 edu

157 2063 135 53 cenda
247 2063 135 53 opere
337 2063 165 53 naturae
458 2063 165 53 tanquam
578 2063 105 53 res
638 2063 180 53 naturae.
773 2063 120 53 Quod
849 2063 135 53 patet
939 2063 105 53 sic
999 2063 120 53 gera
1074 2063 165 53 exempli
1194 2063 90 53 in
1239 2063 256 53 intentionibus
1450 2063 210 53 absolutis:
1615 2063 90 53 vt
1660 2063 105 53 per
1720 2063 105 53 hoc
1781 2063 150 53 pateat
1886 2063 90 53 in

157 2112 265 57 intentionibus
376 2112 156 57 quarum
485 2112 109 57 vna
547 2112 109 57 est
609 2112 187 57 absoluta
749 2112 125 57 alia
827 2112 234 57 respectiua.
1014 2112 125 57 Cum.
1092 2112 93 57 nm
1139 2112 171 57 quaeque
1264 2112 187 57 secundum
1404 2112 156 57 gradus
1513 2112 187 57 diuersos
1653 2112 249 57 perfectionum
1856 2112 93 57 se
1887 2112 62 57 ha

161 2167 115 72 bent
232 2167 100 72 per
290 2167 157 72 ordinem
404 2167 86 72 in
447 2167 200 72 creaturis:
604 2167 143 72 semper
705 2167 172 72 quicquid
833 2167 100 72 est
891 2167 229 72 perfectionis
1077 2167 86 72 in
1120 2167 186 72 inferiori
1263 2167 172 72 secundum
1392 2167 143 72 gradum
1492 2167 172 72 virtute,
1621 2167 100 72 est
1678 2167 72 72 &
1707 2167 86 72 in
1750 2167 186 72 superiori
1878 2167 72 72 cum

155 2223 150 68 aliquo
260 2223 180 68 virtutis
395 2223 240 68 superaddito:
590 2223 105 68 ita
650 2223 120 68 quod
725 2223 120 68 idem
800 2223 180 68 secundum
935 2223 105 68 rem
995 2223 165 68 simplex
1115 2223 120 68 vere
1190 2223 165 68 dicitur
1310 2223 180 68 differre
1445 2223 90 68 ab
1490 2223 150 68 aliquo
1595 2223 180 68 secundum
1730 2223 120 68 vnum
1805 2223 165 68 illorum

155 2276 81 60 &
187 2276 211 60 conuenire
350 2276 114 60 cum
415 2276 130 60 illo
496 2276 195 60 secundum
642 2276 162 60 aliud:
756 2276 97 60 vt
804 2276 114 60 cum
869 2276 130 60 ista
950 2276 97 60 se
999 2276 162 60 habent
1113 2276 195 60 secundum
1259 2276 162 60 gradus
1373 2276 81 60 &
1405 2276 195 60 ordinem.
1551 2276 195 60 scilicet
1697 2276 162 60 mixtum
1795 2276 146 60 vegeta-

157 2327 121 68 bile
233 2327 213 68 sensibile,
400 2327 91 68 in
445 2327 167 68 lapide,
567 2327 91 68 in
612 2327 167 68 arbore,
734 2327 76 68 &
764 2327 152 68 bruto:
870 2327 152 68 mixtum
977 2327 91 68 eo
1022 2327 121 68 quod
1098 2327 152 68 mixtum
1204 2327 106 68 non
1265 2327 106 68 est
1326 2327 228 68 vegetabile:
1508 2327 106 68 sed
1569 2327 121 68 omne
1644 2327 213 68 vegetabile
1811 2327 91 68 eo
1857 2327 121 68 quod

157 2385 206 66 vegetabile
319 2385 103 66 est
378 2385 162 66 mixtum:
495 2385 103 66 ita
554 2385 118 66 quod
628 2385 206 66 vegetabile
789 2385 176 66 secundum
921 2385 176 66 rationem
1054 2385 132 66 mixti
1142 2385 176 66 conuenit
1274 2385 103 66 cum
1333 2385 162 66 lapide,
1450 2385 73 66 &
1480 2385 176 66 secundum
1612 2385 176 66 propriam
1744 2385 176 66 rationem
1877 2385 103 66 qua

155 2434 176 70 dicitur
283 2434 240 70 vegetabile:
476 2434 96 70 vt
524 2434 160 70 arbor,
636 2434 176 70 differt
764 2434 96 70 ab
812 2434 144 70 eodem
908 2434 256 70 simpliciter.
1117 2434 208 70 Sensibile
1277 2434 96 70 vt
1325 2434 160 70 brutum
1437 2434 96 70 se
1485 2434 144 70 habet
1581 2434 96 70 ad
1629 2434 160 70 mixtum
1726 2434 224 70 simpliciter:

157 2491 71 66 &
185 2491 186 66 similiter
328 2491 86 66 ad
371 2491 214 66 vegetabile:
543 2491 129 66 sicut
628 2491 86 66 se
671 2491 129 66 habet
757 2491 200 66 vegetabile
914 2491 86 66 ad
957 2491 143 66 mixtum
1057 2491 114 66 quod
1128 2491 171 66 scilicet
1257 2491 186 66 sensibile
1400 2491 100 66 cum
1457 2491 143 66 aliquo
1557 2491 171 66 convenit
1686 2491 100 66 cum
1743 2491 214 66 vegetabili,
1900 2491 43 66 &

155 2545 153 59 aliquo
262 2545 168 59 differt
384 2545 92 59 ab
430 2545 153 59 eodem.
537 2545 107 59 hoc
598 2545 138 59 autem
690 2545 107 59 non
751 2545 214 59 contingit,
919 2545 122 59 nisi
996 2545 122 59 quia
1072 2545 214 59 perfectius
1241 2545 92 59 in
1286 2545 107 59 vno
1348 2545 76 59 &
1378 2545 138 59 eodem
1470 2545 184 59 simplici
1608 2545 168 59 virtute
1730 2545 184 59 continet
1852 2545 92 59 quic

163 2594 108 64 quid
231 2594 176 64 continent
367 2594 135 64 gradus
461 2594 257 64 imperfectiores,
678 2594 108 64 etsi
746 2594 203 64 indistincte
908 2594 163 64 secundum
1030 2594 122 64 actum
1111 2594 149 64 quantum
1220 2594 95 64 est
1274 2594 81 64 de
1315 2594 95 64 se,
1369 2594 298 64 distinguibimiliter
1626 2594 122 64 tamen
1707 2594 163 64 secundum
1816 2594 135 64 intentio

161 2647 104 64 nes
220 2647 104 64 per
280 2647 237 64 intellectum.
472 2647 118 64 Quam
546 2647 252 64 distinctionem
754 2647 89 64 in
798 2647 133 64 nullo
887 2647 118 64 vere
961 2647 148 64 facere
1065 2647 163 64 potest,
1183 2647 118 64 nisi
1257 2647 118 64 quid
1331 2647 104 64 sic
1390 2647 104 64 est
1450 2647 267 64 distinguibile:
1672 2647 148 64 qualis
1775 2647 163 64 solummo
1879 2647 74 64 est

155 2702 109 68 est
218 2702 109 68 res
280 2702 172 68 creata:
405 2702 125 68 quia
483 2702 203 68 creaturae
639 2702 250 68 convenientia
842 2702 78 68 &
873 2702 234 68 differentia
1061 2702 125 68 sunt
1139 2702 172 68 reales:
1263 2702 109 68 ita
1326 2702 125 68 quod
1404 2702 172 68 aliquam
1529 2702 156 68 realem
1638 2702 172 68 naturam
1747 2702 203 68 participent

162 2757 167 55 coniter
283 2757 91 55 si
329 2757 228 55 conueniant:
511 2757 91 55 et
557 2757 122 55 quod
633 2757 106 55 vna
694 2757 167 55 aliquid
815 2757 167 55 virtute
937 2757 213 55 participet
1104 2757 122 55 quod
1180 2757 106 55 non
1241 2757 137 55 alia.
1332 2757 106 55 Non
1393 2757 137 55 autem
1484 2757 106 55 res
1545 2757 198 55 increata:
1697 2757 91 55 vt
1742 2757 137 55 deus:
1833 2757 106 55 qui
1879 2757 76 55 cum

155 2809 144 62 nullo
251 2809 272 62 essentialiter
475 2809 208 62 convenit:
635 2809 96 62 vt
683 2809 144 62 alibi
779 2809 272 62 declarauimus.
1003 2809 176 62 Propter
1131 2809 112 62 hoc
1195 2809 128 62 enim
1275 2809 96 62 in
1323 2809 128 62 omni
1403 2809 192 62 creatura
1547 2809 160 62 habent
1659 2809 240 62 considerari
1835 2809 112 62 ratio

170 2861 203 59 vniversalis
333 2861 68 59 &
360 2861 230 59 particularis:
549 2861 81 59 in
590 2861 95 59 deo
644 2861 122 59 autem
725 2861 189 59 nequaquam:
874 2861 81 59 vt
914 2861 122 59 alibi
995 2861 122 59 habet
1077 2861 189 59 declarari.
1225 2861 68 59 &
1252 2861 95 59 sic
1306 2861 176 59 huiusmodi
1442 2861 230 59 compositionis
1631 2861 81 59 in
1672 2861 81 59 re
1712 2861 122 59 cauam
1780 2861 162 59 originalis

165 2919 96 64 est
220 2919 82 64 ex
261 2919 124 64 parte
344 2919 110 64 rei:
413 2919 179 64 perfectio
550 2919 110 64 vero
619 2919 110 64 eius
687 2919 82 64 ex
729 2919 137 64 opere,
825 2919 69 64 &
852 2919 247 64 consideratione
1059 2919 220 64 intellectus.
1237 2919 82 64 Et
1278 2919 110 64 ideo
1347 2919 110 64 quod
1416 2919 137 64 illius
1512 2919 234 64 compositionis
1704 2919 124 64 causa
1787 2919 96 64 est
1842 2919 82 64 ex
1869 2919 69 64 par

161 2968 84 71 te
203 2968 112 71 rei,
273 2968 98 71 est
329 2968 112 71 ipsa
398 2968 182 71 perfectio
538 2968 112 71 eius
608 2968 154 71 virtute
720 2968 182 71 continens
859 2968 223 71 perfectionem
1041 2968 210 71 inferiorum,
1209 2968 112 71 quae
1279 2968 98 71 est
1334 2968 112 71 ipsi
1404 2968 98 71 rei
1460 2968 223 71 essentialis:
1642 2968 70 71 &
1670 2968 98 71 per
1726 2968 154 71 nostrum
1823 2968 126 71 intelle

162 3021 130 66 ctum
243 3021 244 66 perficitur:
438 3021 114 66 ita
503 3021 130 66 quod
584 3021 97 66 si
633 3021 244 66 intellectus
828 3021 162 66 noster
941 3021 146 66 illam
1039 3021 260 66 perfectionem
1250 3021 114 66 non
1315 3021 244 66 conciperet:
1510 3021 146 66 licet
1607 3021 130 66 illa
1688 3021 211 66 perfectio
1834 3021 114 66 perfe

160 3083 118 62 cta
228 3083 118 62 res
295 3083 185 62 naturae
430 3083 152 62 esset
531 3083 168 62 absque
648 3083 269 62 intellectum:
867 3083 118 62 non
935 3083 152 62 tamen
1036 3083 152 62 esset
1137 3083 202 62 perfecta
1288 3083 202 62 secundum
1440 3083 202 62 rationes
1591 3083 185 62 illarum
1726 3083 253 62 intentionum

154 3134 129 84 quae
234 3134 177 84 quantum
363 3134 112 84 est
427 3134 96 84 de
475 3134 96 84 se
523 3134 145 84 solum
620 3134 129 84 sunt
700 3134 96 84 in
748 3134 129 84 ipsa
829 3134 193 84 virtute:
973 3134 96 84 vt
1021 3134 161 84 dictum
1134 3134 129 84 est.
1214 3134 112 84 Non
1278 3134 129 84 enim
1359 3134 112 84 est
1423 3134 257 84 inconueniens
1632 3134 129 84 quod
1712 3134 177 84 aliquid
1825 3134 112 84 perfe
