2436 3704
134 257 92 81 in
180 257 169 81 angelis
302 257 138 81 autem
394 257 123 81 non,
471 257 92 81 ex
517 257 153 81 natura
624 257 169 81 habitus
747 257 230 81 scientialis
931 257 215 81 splendetur
1099 257 107 81 per
1161 257 230 81 intelligile
1345 257 184 81 obiectum
1483 257 92 81 in
1528 257 123 81 ipso
1605 257 215 81 intellectu
1758 257 169 81 perceptum

139 323 99 71 in
189 323 132 71 actu
272 323 116 71 cum
338 323 199 71 scientia
487 323 116 71 est
553 323 99 71 in
603 323 166 71 actum:
719 323 83 71 &
752 323 215 71 perceptum
917 323 99 71 in
967 323 166 71 habitu
1083 323 116 71 cum
1149 323 199 71 scientia
1298 323 116 71 est
1364 323 149 71 solum
1464 323 99 71 in
1513 323 182 71 habitu.
1646 323 99 71 Et
1695 323 116 71 hoc
1745 323 182 71 quemadmo-

151 384 113 65 dum
216 384 130 65 apud
297 384 194 65 ponentes
442 384 178 65 species
572 384 178 65 ponitur
701 384 113 65 per
766 384 178 65 speciem
896 384 130 65 suam
977 384 243 65 praesentari
1171 384 211 65 obiectum:
1333 384 113 65 non
1398 384 146 65 solum
1495 384 97 65 vt
1543 384 211 65 inhaerens
1705 384 97 65 in
1754 384 113 65 sua
1802 384 130 65 specie

133 435 105 71 sed
193 435 90 71 vt
238 435 180 71 obiectum
374 435 90 71 in
419 435 165 71 seipso.
539 435 120 71 Quod
614 435 75 71 &
644 435 135 71 multo
734 435 210 71 naturalius
900 435 105 71 sit
960 435 105 71 per
1020 435 165 71 habitum
1140 435 226 71 scientialem
1321 435 120 71 quam
1396 435 195 71 possibile
1546 435 135 71 esset
1636 435 135 71 fieri
1727 435 105 71 per
1772 435 150 71 speciem:

143 489 156 70 quanto
252 489 249 70 essentialius
455 489 187 70 dependet
595 489 187 70 scientia
735 489 78 70 a
766 489 171 70 scibili
891 489 125 70 quam
968 489 171 70 species
1093 489 78 70 a
1124 489 93 70 re
1171 489 78 70 a
1202 489 109 70 qua
1264 489 109 70 non
1326 489 140 70 habet
1420 489 187 70 causari:
1560 489 93 70 eo
1607 489 125 70 quod
1685 489 156 70 vnicus
1778 489 140 70 habitus

141 548 200 68 scientiae
294 548 169 68 virtute
418 548 185 68 continet
556 548 138 68 omnia
648 548 277 68 intelligibilia
879 548 138 68 circa
971 548 123 68 quae
1048 548 108 68 est
1110 548 200 68 scientia:
1264 548 77 68 &
1294 548 138 68 tanto
1387 548 138 68 magis
1479 548 215 68 actualiter
1648 548 154 68 quanto
1740 548 185 68 simplicior

151 601 114 63 est:
222 601 100 63 ita
279 601 114 63 quod
351 601 214 63 intellectus
522 601 143 63 capere
622 601 100 63 non
680 601 143 63 possit
780 601 86 63 id
822 601 114 63 quod
894 601 100 63 est
951 601 172 63 scientia
1080 601 86 63 in
1123 601 100 63 re,
1180 601 114 63 nisi
1251 601 200 63 accipiendo
1408 601 157 63 scibile
1523 601 129 63 cuius
1609 601 114 63 est:
1680 601 86 63 vt
1723 601 100 63 non
1780 601 129 63 solum
1852 601 71 63 sit

142 647 182 72 scientia
279 647 91 72 in
324 647 213 72 intellectu
491 647 167 72 tanquam
613 647 182 72 accidens
750 647 91 72 ei
795 647 198 72 inhaerens
947 647 106 72 sub
1008 647 167 72 ratione
1130 647 106 72 qua
1190 647 228 72 intellectus
1373 647 106 72 est
1434 647 167 72 aliquid
1555 647 91 72 in
1601 647 137 72 rerum
1692 647 167 72 natura:
1814 647 106 72 sed
1859 647 61 72 po

144 708 120 68 tius
219 708 105 68 sub
279 708 165 68 ratione
399 708 105 68 qua
458 708 105 68 est
518 708 165 68 aliquid
638 708 90 68 in
683 708 150 68 genere
788 708 255 68 intellectiui.
998 708 165 68 Propter
1117 708 120 68 quod
1192 708 105 68 per
1252 708 165 68 habitum
1372 708 225 68 scientialem
1552 708 135 68 habet
1641 708 255 68 intelligibile
1836 708 90 68 esse

146 763 90 62 in
191 763 241 62 intellectum:
387 763 105 62 non
447 763 136 62 solum
538 763 211 62 impressiue
703 763 105 62 per
764 763 136 62 ipsum
854 763 181 62 habitum,
990 763 105 62 sed
1050 763 211 62 expressiue
1216 763 181 62 secundum
1351 763 181 62 seipsum.
1487 763 90 62 Et
1532 763 90 62 si
1577 763 151 62 aliqua
1683 763 226 62 difficultas
1849 763 75 62 sit

149 808 99 71 in
198 808 115 71 hoc
264 808 132 71 modo
346 808 198 71 ponendi,
495 808 148 71 multo
594 808 148 71 magis
693 808 115 71 est
759 808 99 71 in
808 808 214 71 positione
973 808 214 71 specierum
1138 808 264 71 impressarum.
1353 808 132 71 Vnde
1435 808 132 71 quia
1518 808 132 71 iste
1600 808 148 71 modus
1699 808 181 71 habendi
1831 808 99 71 in
1864 808 66 71 se

153 864 160 70 species
270 864 204 70 expressas,
430 864 175 70 proprius
561 864 102 70 est
619 864 218 70 intellectus
793 864 73 70 &
823 864 102 70 non
881 864 160 70 sensus:
997 864 116 70 ideo
1070 864 218 70 philosophus
1244 864 145 70 tertio
1346 864 87 70 de
1390 864 131 70 anima
1477 864 189 70 conmendat
1623 864 175 70 dicentes
1753 864 145 70 animam
1841 864 87 70 esse

155 916 127 73 locum
240 916 198 73 specierum:
395 916 99 73 non
451 916 113 73 quod
522 916 127 73 tota,
607 916 99 73 sed
663 916 240 73 intellectiua.
861 916 113 73 Quid
931 916 127 73 dicit
1016 916 85 73 ad
1058 916 226 73 differentiam
1242 916 212 73 sensitiuae:
1411 916 85 73 in
1453 916 99 73 qua
1510 916 99 73 non
1566 916 99 73 est
1623 916 113 73 nisi
1693 916 155 73 species
1792 916 127 73 impres-

156 972 111 69 sa:
220 972 95 69 in
267 972 222 69 intellectu
442 972 127 69 vero
521 972 111 69 est
585 972 206 69 expressa:
744 972 79 69 &
776 972 175 69 propter
903 972 111 69 hoc
966 972 222 69 quodammodo
1141 972 143 69 sicut
1236 972 95 69 in
1284 972 143 69 loco,
1379 972 111 69 non
1443 972 143 69 autem
1538 972 143 69 sicut
1633 972 95 69 in
1681 972 206 69 subiecto.
1824 972 95 69 Vnde

154 1023 100 67 cum
211 1023 128 67 dicit
296 1023 185 67 inferius:
439 1023 114 67 quod
510 1023 128 67 omnia
595 1023 85 67 ea
638 1023 114 67 quae
709 1023 128 67 sunt,
795 1023 199 67 quodammodo
951 1023 100 67 est
1008 1023 142 67 anima:
1108 1023 114 67 quia
1179 1023 128 67 omnia
1265 1023 114 67 quae
1336 1023 114 67 sunt
1407 1023 100 67 aut
1464 1023 199 67 sensibilia
1621 1023 128 67 sunt,
1706 1023 100 67 aut
1749 1023 171 67 intelligi-

150 1079 148 72 bilia:
254 1079 103 72 est
313 1079 133 72 autem
401 1079 177 72 scientia
534 1079 148 72 quidem
637 1079 177 72 scibilia
770 1079 148 72 sensus
873 1079 133 72 autem
962 1079 221 72 sensibilia:
1139 1079 74 72 &
1168 1079 148 72 sensus
1272 1079 103 72 est
1331 1079 207 72 sensibilia
1493 1079 103 72 per
1552 1079 162 72 species
1670 1079 118 72 sibi
1744 1079 207 72 impressas:

152 1139 158 61 oportet
267 1139 115 61 quod
339 1139 101 61 hic
396 1139 173 61 loquatur
526 1139 86 61 ex
569 1139 130 61 parte
655 1139 245 61 intellectiuae
857 1139 86 61 de
900 1139 115 61 alio
972 1139 115 61 modo
1044 1139 158 61 essendi
1159 1139 101 61 res
1217 1139 115 61 quam
1289 1139 115 61 ibi:
1361 1139 173 61 scilicet
1490 1139 101 61 non
1548 1139 101 61 per
1605 1139 130 61 illam
1692 1139 158 61 speciem
1792 1139 130 61 expres-

152 1180 117 70 sam:
226 1180 102 70 sed
284 1180 102 70 per
343 1180 161 70 habitum
460 1180 190 70 scientiae
606 1180 117 70 quae
679 1180 102 70 est
738 1180 161 70 species
855 1180 176 70 impressa
986 1180 176 70 alterius
1118 1180 161 70 generis
1235 1180 88 70 ab
1279 1180 117 70 illa
1352 1180 117 70 quam
1425 1180 176 70 negamus.
1557 1180 117 70 vnde
1630 1180 176 70 expresse
1762 1180 132 70 dicit
1835 1180 88 70 Scie

149 1242 98 61 tia
205 1242 140 61 quidem
303 1242 182 61 scibilia.
443 1242 154 61 Propter
554 1242 112 61 quid
624 1242 98 61 cum
680 1242 140 61 statim
778 1242 182 61 subiungit
918 1242 112 61 quod
988 1242 154 61 necesse
1099 1242 98 61 est
1155 1242 112 61 quod
1225 1242 98 61 res
1281 1242 126 61 ipsae
1365 1242 112 61 sunt
1435 1242 84 61 in
1477 1242 140 61 anima,
1575 1242 98 61 aut
1631 1242 154 61 species
1742 1242 140 61 earum:
1826 1242 98 61 ipsae

158 1292 144 77 quidem
258 1292 101 77 res
316 1292 101 77 non
373 1292 115 77 sunt
445 1292 86 77 in
488 1292 101 77 ea:
546 1292 101 77 non
603 1292 115 77 enim
675 1292 101 77 hic
733 1292 129 77 lapis
819 1292 101 77 est
876 1292 86 77 in
920 1292 129 77 anima
1006 1292 101 77 sed
1063 1292 173 77 species:
1193 1292 86 77 ex
1236 1292 129 77 parte
1322 1292 144 77 sensus
1423 1292 230 77 intelligitur
1610 1292 129 77 solum
1696 1292 86 77 de
1739 1292 144 77 specie
1825 1292 101 77 orga-

155 1346 90 67 no
200 1346 180 67 impressa
335 1346 120 67 quae
410 1346 105 67 non
470 1346 105 67 est
530 1346 135 67 ratio
620 1346 195 67 sentiendi
770 1346 120 67 nisi
845 1346 255 67 materialiter.
1054 1346 90 67 Ex
1099 1346 135 67 parte
1189 1346 120 67 vero
1264 1346 225 67 intellectus
1444 1346 240 67 intelligitur
1639 1346 105 67 quo
1699 1346 90 67 ad
1744 1346 135 67 istum
1819 1346 105 67 locum

150 1398 83 72 de
192 1398 139 72 specie
289 1398 180 72 impressa:
427 1398 111 72 quae
497 1398 97 72 est
552 1398 153 72 habitus
663 1398 194 72 scientiae:
816 1398 97 72 quo
871 1398 83 72 ad
913 1398 125 72 locum
996 1398 222 72 praecedentem
1176 1398 83 72 de
1218 1398 139 72 specie
1315 1398 180 72 expressa,
1454 1398 111 72 quae
1523 1398 97 72 est
1578 1398 166 72 quiditas
1703 1398 69 72 &
1731 1398 125 72 ratio
1800 1398 125 72 lapidis

156 1462 238 60 vniuersalis:
350 1462 74 60 &
379 1462 164 60 species
498 1462 179 60 respectu
632 1462 134 60 huius
722 1462 164 60 lapidis
841 1462 253 60 particularis.
1049 1462 89 60 de
1094 1462 104 60 quo
1153 1462 134 60 dicit
1242 1462 74 60 &
1272 1462 119 60 bene
1347 1462 119 60 quod
1421 1462 104 60 non
1481 1462 104 60 est
1540 1462 89 60 in
1585 1462 149 60 anima.
1689 1462 89 60 Et
1734 1462 104 60 sic
1778 1462 149 60 quiditas

155 1507 76 64 &
185 1507 182 64 essentia
322 1507 137 64 rerum
413 1507 213 64 abstrahens
580 1507 76 64 a
610 1507 121 64 loco
686 1507 76 64 &
717 1507 167 64 tempore
838 1507 213 64 dupliciter
1005 1507 137 64 habet
1096 1507 121 64 esse
1172 1507 91 64 in
1217 1507 243 64 intellectiua
1415 1507 197 64 potentia:
1567 1507 76 64 &
1597 1507 213 64 impressiue
1764 1507 91 64 in
1810 1507 152 64 habitu

155 1558 197 65 scientiae:
310 1558 70 65 &
338 1558 197 65 expressiue
492 1558 169 65 secundum
619 1558 84 65 se
661 1558 98 65 sed
717 1558 98 65 per
773 1558 155 65 habitum
886 1558 197 65 scientiae:
1040 1558 112 65 sine
1111 1558 98 65 quo
1167 1558 98 65 nec
1223 1558 98 65 sic
1279 1558 127 65 esset
1364 1558 84 65 in
1406 1558 127 65 illa.
1490 1558 112 65 NVNC
1561 1558 141 65 restat
1659 1558 84 65 de
1701 1558 155 65 secundo
1799 1558 127 65 quomodo

151 1613 180 74 scilicet
286 1613 225 74 intellectus
467 1613 150 74 angeli
572 1613 90 74 de
617 1613 180 74 potentia
752 1613 240 74 intelligendi
947 1613 195 74 reducatur
1098 1613 90 74 in
1143 1613 150 74 actum.
1248 1613 90 74 Ad
1293 1613 135 74 cuius
1383 1613 225 74 intellectum
1563 1613 180 74 sciendum
1699 1613 120 74 quod
1774 1613 135 74 multo
1849 1613 75 74 ali

148 1663 112 77 ter
212 1663 112 77 sit
276 1663 208 77 immutatio
435 1663 239 77 intellectus
627 1663 160 77 angeli
739 1663 80 77 &
771 1663 160 77 nostri
882 1663 80 77 &
914 1663 223 77 sensitiuae
1090 1663 192 77 virtutis
1234 1663 96 77 vt
1281 1663 160 77 exeant
1393 1663 96 77 de
1441 1663 192 77 potentia
1585 1663 96 77 in
1633 1663 160 77 actum.
1744 1663 128 77 Quia
1808 1663 128 77 certum

154 1729 102 57 est
213 1729 116 57 quod
285 1729 102 57 non
343 1729 131 57 solum
430 1729 145 57 nullum
532 1729 131 57 horum
619 1729 102 57 est
677 1729 102 57 sua
735 1729 145 57 actio:
837 1729 116 57 quid
909 1729 116 57 soli
982 1729 102 57 deo
1040 1729 189 57 competit:
1185 1729 102 57 sed
1243 1729 131 57 etiam
1330 1729 131 57 verum
1417 1729 102 57 est
1475 1729 116 57 quod
1548 1729 145 57 nullum
1649 1729 131 57 eorum
1736 1729 131 57 circa
1809 1729 116 57 singu-

151 1771 99 76 la
200 1771 148 76 etiam
299 1771 247 76 naturaliter
497 1771 99 76 ab
546 1771 132 76 ipso
629 1771 247 76 cognoscenda
827 1771 165 76 semper
942 1771 115 76 est
1008 1771 99 76 in
1058 1771 132 76 actu
1140 1771 99 76 vt
1190 1771 165 76 dictum
1305 1771 115 76 est
1371 1771 165 76 supra.
1487 1771 214 76 INchoando
1652 1771 165 76 igitur
1767 1771 99 76 ab
1800 1771 132 76 immuta

154 1827 124 66 tione
237 1827 165 66 virtutis
361 1827 193 66 sensitiuae
512 1827 69 66 &
539 1827 193 66 reductione
691 1827 110 66 eius
760 1827 83 66 de
801 1827 165 66 potentia
925 1827 83 66 in
966 1827 138 66 actum,
1062 1827 165 66 sciendum
1186 1827 96 66 est
1241 1827 110 66 quod
1310 1827 165 66 secundum
1434 1827 206 66 philosophum
1599 1827 151 66 secundo
1709 1827 83 66 de
1750 1827 138 66 anima,
1833 1827 96 66 sensi

153 1879 128 71 tiui
233 1879 144 71 prima
329 1879 208 71 immutatio
489 1879 112 71 qua
553 1879 128 71 exit
633 1879 96 71 in
681 1879 128 71 esse
761 1879 96 71 de
809 1879 192 71 potentia
953 1879 192 71 materiae
1098 1879 96 71 ad
1146 1879 144 71 actum
1242 1879 176 71 formae,
1370 1879 112 71 est
1434 1879 80 71 a
1466 1879 208 71 generante
1626 1879 144 71 ipsum
1722 1879 96 71 in
1770 1879 144 71 forma
1850 1879 80 71 sen

149 1935 170 68 sitiui:
272 1935 155 68 qualis
381 1935 201 68 immutatio
536 1935 108 68 non
598 1935 108 68 est
659 1935 93 68 in
706 1935 155 68 aliqua
814 1935 93 68 vi
861 1935 263 68 intellectiua:
1077 1935 124 68 quia
1155 1935 139 68 habet
1248 1935 124 68 esse
1325 1935 77 68 a
1356 1935 124 68 solo
1434 1935 186 68 creante:
1573 1935 124 68 quid
1650 1935 201 68 declarare
1790 1935 139 68 imperti

148 1988 114 70 nens
219 1988 100 70 est
276 1988 86 70 ad
319 1988 214 70 propositum.
490 1988 100 70 Cum
547 1988 128 70 autem
633 1988 100 70 iam
690 1988 185 70 generatum
833 1988 114 70 est:
904 1988 100 70 est
961 1988 86 70 in
1004 1988 171 70 potentia
1132 1988 86 70 ad
1175 1988 114 70 duo:
1246 1988 71 70 &
1275 1988 86 70 ad
1318 1988 157 70 speciem
1432 1988 214 70 sensibilis:
1603 1988 71 70 &
1631 1988 86 70 ad
1674 1988 157 70 sentire
1788 1988 171 70 secundum

154 2041 155 63 actum:
262 2041 77 63 &
293 2041 93 63 ad
339 2041 186 63 vtrumque
479 2041 139 63 eorum
572 2041 124 63 eget
649 2041 155 63 aliquo
757 2041 201 63 existente
912 2041 93 63 in
959 2041 139 63 actum
1052 2041 124 63 quod
1129 2041 155 63 educit
1237 2041 77 63 &
1268 2041 232 63 transmittit
1454 2041 139 63 ipsum
1547 2041 93 63 de
1593 2041 186 63 potentia
1733 2041 93 63 in
1779 2041 155 63 actum.
1872 2041 62 63 Et

150 2102 107 59 hoc
211 2102 107 59 est
272 2102 200 59 sensibile
426 2102 138 59 extra
518 2102 123 59 sine
595 2102 107 59 quo
656 2102 138 59 nihil
748 2102 153 59 sentit
856 2102 184 59 secundum
994 2102 153 59 actum:
1101 2102 230 59 quemadmodum
1285 2102 138 59 neque
1377 2102 246 59 combustibile
1577 2102 153 59 seipso
1684 2102 215 59 comburitur
1838 2102 92 59 sine

158 2149 222 76 combustiuo.
336 2149 89 76 AD
380 2149 163 76 speciem
498 2149 207 76 sensibilis
661 2149 148 76 sensus
764 2149 103 76 est
823 2149 89 76 in
867 2149 192 76 potentia:
1015 2149 118 76 quia
1089 2149 207 76 recipiendo
1251 2149 118 76 eius
1325 2149 222 76 intentionem
1503 2149 103 76 fit
1562 2149 103 76 non
1621 2149 133 76 ipsum
1709 2149 207 76 sensibile:
1857 2149 74 76 vel

156 2211 115 60 tale
227 2211 158 60 aliquid
342 2211 172 60 secundum
471 2211 187 60 veritatem
615 2211 72 60 &
644 2211 230 60 perfectionem
830 2211 129 60 talis
916 2211 143 60 formae
1017 2211 143 60 qualis
1117 2211 100 60 est
1174 2211 86 60 in
1218 2211 187 60 sensibili
1361 2211 143 60 extra:
1461 2211 100 60 sed
1519 2211 100 60 fit
1576 2211 86 60 vt
1619 2211 187 60 sensibile
1763 2211 201 60 recipiendo

159 2257 234 71 intentionem
346 2257 109 71 qua
409 2257 218 71 quodammodo
580 2257 109 71 est
643 2257 156 71 illud.
752 2257 125 71 Quae
830 2257 140 71 tamen
923 2257 140 71 forma
1017 2257 171 71 aliquid
1141 2257 109 71 rei
1204 2257 125 71 est:
1281 2257 78 71 &
1313 2257 109 71 fit
1375 2257 187 71 secundum
1515 2257 171 71 aliquam
1640 2257 156 71 realem
1749 2257 218 71 alteratio-

154 2302 110 83 nem
217 2302 126 83 quae
296 2302 142 83 etiam
390 2302 110 83 sit
453 2302 94 83 in
501 2302 126 83 ipso
579 2302 157 83 medio:
689 2302 126 83 quid
768 2302 94 83 ob
815 2302 110 83 hoc
878 2302 142 83 solum
973 2302 110 83 non
1036 2302 157 83 potest
1146 2302 189 83 immutari
1288 2302 94 83 ad
1335 2302 142 83 actum
1429 2302 220 83 sentiendi:
1602 2302 126 83 quia
1681 2302 110 83 non
1744 2302 110 83 est
1807 2302 94 83 in
1839 2302 94 83 ipso

163 2362 110 69 vis
226 2362 189 69 formalis
368 2362 221 69 sensitiua.
542 2362 110 69 Quo
605 2362 126 69 enim
684 2362 189 69 sentimus
825 2362 110 69 est
888 2362 95 69 id
936 2362 95 69 in
983 2362 110 69 quo
1046 2362 110 69 est
1109 2362 189 69 potentia
1251 2362 205 69 huiusmodi
1409 2362 95 69 vt
1456 2362 142 69 dicit
1551 2362 252 69 philosophus:
1756 2362 95 69 Et
1803 2362 110 69 est
1850 2362 79 69 il-

154 2415 105 69 lud
214 2415 90 69 in
259 2415 105 69 quo
320 2415 196 69 inquantum
470 2415 105 69 est
531 2415 90 69 in
576 2415 181 69 potentia
711 2415 90 69 ad
757 2415 226 69 receptionem
937 2415 151 69 dictae
1043 2415 181 69 speciei,
1179 2415 105 69 est
1239 2415 136 69 media
1329 2415 136 69 ratio
1420 2415 75 69 &
1450 2415 196 69 proportio
1600 2415 241 69 sensibilium,
1796 2415 90 69 vt
1827 2415 105 69 pupil

152 2470 114 71 la,
217 2470 114 71 nec
282 2470 147 71 alba,
380 2470 114 71 nec
445 2470 163 71 nigra,
559 2470 114 71 nec
624 2470 147 71 medii
721 2470 195 71 coloris,
868 2470 114 71 sed
933 2470 228 71 qualitatis
1112 2470 163 71 mediae
1226 2470 147 71 aeque
1324 2470 293 71 proportionalis
1568 2470 195 71 omnibus,
1714 2470 244 71 quemadmodum

157 2522 219 65 temperatum
330 2522 94 65 in
377 2522 141 65 tactu
471 2522 110 65 est
533 2522 157 65 medium
643 2522 141 65 inter
737 2522 172 65 calidum
862 2522 78 65 &
894 2522 188 65 frigidum
1035 2522 219 65 excellens.
1207 2522 157 65 Medium
1317 2522 125 65 enim
1395 2522 94 65 vt
1442 2522 141 65 dicit
1536 2522 251 65 philosophus,
1724 2522 204 65 discretiuum

165 2577 127 62 est:
244 2577 79 62 &
276 2577 111 62 fit
339 2577 95 62 ad
387 2577 190 62 vtrumque
529 2577 174 62 alterum
656 2577 221 62 vltimorum.
830 2577 95 62 Et
877 2577 174 62 propter
1004 2577 111 62 hoc
1067 2577 253 62 excellentiae
1273 2577 237 62 sensibilium
1462 2577 206 62 intensius
1621 2577 237 62 imprimentes
1795 2577 142 62 species

156 2633 128 64 suas
236 2633 128 64 quam
316 2633 144 64 valet
412 2633 208 64 sustinere
572 2633 144 64 illud
668 2633 176 64 medium,
796 2633 208 64 corrumpit
956 2633 160 64 illud.
1069 2633 144 64 sicut
1165 2633 208 64 Symphonia
1325 2633 240 64 corrumpitur
1517 2633 176 64 chordis
1645 2633 176 64 fortius
1757 2633 176 64 percussis

157 2691 127 67 quam
236 2691 190 67 oportet.
379 2691 111 67 Sed
443 2691 143 67 talis
538 2691 206 67 immutatio
697 2691 111 67 per
760 2691 254 67 impressionem
966 2691 175 67 speciei
1093 2691 79 67 a
1125 2691 143 67 nulla
1220 2691 95 67 re
1268 2691 159 67 omnino
1379 2691 111 67 fit
1442 2691 95 67 in
1490 2691 206 67 quacumque
1648 2691 95 67 vi
1696 2691 270 67 intellectiua:

165 2741 130 60 quia
246 2741 114 60 non
311 2741 114 60 est
376 2741 130 60 nisi
458 2741 228 60 materialis
637 2741 81 60 &
669 2741 114 60 per
734 2741 228 60 materialem
914 2741 309 60 trasmutationem:
1174 2741 81 60 &
1207 2741 212 60 quaelibet
1369 2741 114 60 vis
1434 2741 260 60 intellectiua
1646 2741 260 60 immaterialis
1841 2741 98 60 est.

167 2795 154 63 Propter
279 2795 112 63 quod
349 2795 126 63 dicit
433 2795 210 63 philosophus
601 2795 154 63 secundo
714 2795 84 63 de
756 2795 126 63 anima
840 2795 112 63 quod
910 2795 196 63 manifestum
1064 2795 98 63 est
1120 2795 84 63 ex
1162 2795 98 63 eis
1218 2795 112 63 quae
1288 2795 168 63 apparent
1414 2795 84 63 in
1456 2795 154 63 organis
1569 2795 168 63 sensuum,
1695 2795 112 63 quod
1765 2795 98 63 non
1821 2795 98 63 est
1863 2795 70 63 si-

154 2841 108 71 mul
215 2841 247 71 passibilitas
416 2841 201 71 sensitiui
571 2841 77 71 &
602 2841 263 71 intellectiui.
819 2841 155 71 Sensus
927 2841 124 71 enim
1004 2841 108 71 non
1066 2841 155 71 potest
1174 2841 170 71 sentire
1298 2841 124 71 post
1375 2841 139 71 valde
1468 2841 217 71 sensibile,
1638 2841 155 71 minus.
1731 2841 201 71 Intellectus

162 2895 134 65 autem
251 2895 119 65 post
325 2895 134 65 valde
415 2895 252 65 intelligibile
622 2895 104 65 non
682 2895 134 65 minus
771 2895 208 65 intelligit
934 2895 163 65 infima:
1053 2895 104 65 sed
1112 2895 148 65 magis.
1216 2895 104 65 vbi
1276 2895 134 65 dicit
1365 2895 238 65 commentator,
1558 2895 119 65 quod
1632 2895 178 65 respectu
1766 2895 134 65 talis
1840 2895 104 65 trans

160 2955 245 68 mutabilitatis
361 2955 173 68 priuatio
491 2955 86 68 in
534 2955 130 68 sensu
620 2955 101 68 non
678 2955 101 68 est
736 2955 158 68 similis
851 2955 202 68 priuationi
1009 2955 259 68 trasmutationis
1225 2955 202 68 existentis
1383 2955 86 68 in
1427 2955 230 68 intellectum.
1614 2955 115 68 quia
1686 2955 173 68 priuatio
1815 2955 115 68 illa
1887 2955 86 68 in

164 3004 212 66 intellectu
331 3004 136 66 debet
422 3004 121 66 esse
497 3004 136 66 pura.
588 3004 106 66 ita
649 3004 182 66 scilicet
786 3004 121 66 quod
861 3004 136 66 nulla
952 3004 106 66 sit
1013 3004 91 66 ei
1059 3004 182 66 potentia
1195 3004 182 66 admixta.
1331 3004 106 66 Non
1392 3004 106 66 sic
1453 3004 136 66 autem
1544 3004 106 66 est
1604 3004 91 66 de
1650 3004 212 66 priuatione
1802 3004 136 66 transmu

161 3058 179 65 tationis
295 3058 89 65 in
340 3058 149 65 sensu.
444 3058 89 65 Ad
489 3058 134 65 actum
578 3058 134 65 autem
668 3058 194 65 sentiendi
817 3058 149 65 sensus
921 3058 104 65 est
981 3058 89 65 in
1026 3058 194 65 potentia:
1175 3058 119 65 quia
1249 3058 209 65 dispositus
1413 3058 239 65 materialiter
1607 3058 89 65 ad
1652 3058 239 65 susceptionem
1831 3058 104 65 immu-

164 3109 177 88 tationis
297 3109 89 88 ad
342 3109 133 88 actum
430 3109 192 88 sentiendi
578 3109 89 88 ex
622 3109 133 88 parte
711 3109 192 88 principii
859 3109 177 88 formalis
992 3109 89 88 in
1036 3109 133 88 ipso.
1124 3109 148 88 Qualem
1228 3109 251 88 dispositionem
1435 3109 103 88 non
1494 3109 177 88 requirit
1627 3109 222 88 intellectus
1804 3109 89 88 ad
1834 3109 103 88 actum
