<?xml version="1.0" encoding="UTF-8"?>
<alto xmlns:xsi="http://www.w3.org/2001/XMLSchema-instance"
      xmlns="http://www.loc.gov/standards/alto/ns-v2#"
      xmlns:page="http://schema.primaresearch.org/PAGE/gts/pagecontent/2013-07-15"
      xsi:schemaLocation="http://www.loc.gov/standards/alto/ns-v2# http://www.loc.gov/standards/alto/alto.xsd">
   <Description>
      <MeasurementUnit>pixel</MeasurementUnit>
      <OCRProcessing ID="IdOcr">
         <ocrProcessingStep>
            <processingDateTime>2020-04-22T20:10:37.576-04:00</processingDateTime>
            <processingSoftware>
               <softwareCreator>READ COOP</softwareCreator>
               <softwareName>Transkribus</softwareName>
            </processingSoftware>
         </ocrProcessingStep>
      </OCRProcessing>
   </Description>
   <Layout>
      <Page ID="Page1" PHYSICAL_IMG_NR="1" HEIGHT="3778" WIDTH="2437">
         <TopMargin HEIGHT="0" WIDTH="2437" VPOS="0" HPOS="0"/>
         <LeftMargin HEIGHT="3778" WIDTH="0" VPOS="0" HPOS="0"/>
         <RightMargin HEIGHT="3778" WIDTH="0" VPOS="0" HPOS="2437"/>
         <BottomMargin HEIGHT="0" WIDTH="2437" VPOS="3778" HPOS="0"/>
         <PrintSpace HEIGHT="3778" WIDTH="2437" VPOS="0" HPOS="0">
            <TextBlock ID="TextRegion_1582326040104_1972"
                       HEIGHT="2995"
                       WIDTH="1793"
                       VPOS="283"
                       HPOS="495">
               <Shape>
                  <Polygon POINTS="495,283 2280,285 2288,3278 495,3277"/>
               </Shape>
               <TextLine ID="r1l2"
                         BASELINE="355"
                         HEIGHT="87"
                         WIDTH="1792"
                         VPOS="268"
                         HPOS="489">
                  <String HEIGHT="87"
                          WIDTH="258"
                          VPOS="268"
                          HPOS="473"
                          CONTENT="intelligendi"/>
                  <SP HEIGHT="87" WIDTH="16" VPOS="268" HPOS="731"/>
                  <String HEIGHT="87" WIDTH="97" VPOS="268" HPOS="683" CONTENT="vt"/>
                  <SP HEIGHT="87" WIDTH="16" VPOS="268" HPOS="780"/>
                  <String HEIGHT="87"
                          WIDTH="161"
                          VPOS="268"
                          HPOS="731"
                          CONTENT="dictum"/>
                  <SP HEIGHT="87" WIDTH="16" VPOS="268" HPOS="893"/>
                  <String HEIGHT="87" WIDTH="113" VPOS="268" HPOS="844" CONTENT="est"/>
                  <SP HEIGHT="87" WIDTH="16" VPOS="268" HPOS="957"/>
                  <String HEIGHT="87"
                          WIDTH="161"
                          VPOS="268"
                          HPOS="909"
                          CONTENT="supra."/>
                  <SP HEIGHT="87" WIDTH="16" VPOS="268" HPOS="1070"/>
                  <String HEIGHT="87"
                          WIDTH="161"
                          VPOS="268"
                          HPOS="1022"
                          CONTENT="Statim"/>
                  <SP HEIGHT="87" WIDTH="16" VPOS="268" HPOS="1183"/>
                  <String HEIGHT="87"
                          WIDTH="129"
                          VPOS="268"
                          HPOS="1135"
                          CONTENT="enim"/>
                  <SP HEIGHT="87" WIDTH="16" VPOS="268" HPOS="1264"/>
                  <String HEIGHT="87"
                          WIDTH="113"
                          VPOS="268"
                          HPOS="1215"
                          CONTENT="per"/>
                  <SP HEIGHT="87" WIDTH="16" VPOS="268" HPOS="1328"/>
                  <String HEIGHT="87"
                          WIDTH="210"
                          VPOS="268"
                          HPOS="1280"
                          CONTENT="sensibile"/>
                  <SP HEIGHT="87" WIDTH="16" VPOS="268" HPOS="1490"/>
                  <String HEIGHT="87"
                          WIDTH="194"
                          VPOS="268"
                          HPOS="1442"
                          CONTENT="praesens"/>
                  <SP HEIGHT="87" WIDTH="16" VPOS="268" HPOS="1635"/>
                  <String HEIGHT="87"
                          WIDTH="145"
                          VPOS="268"
                          HPOS="1587"
                          CONTENT="extra"/>
                  <SP HEIGHT="87" WIDTH="16" VPOS="268" HPOS="1732"/>
                  <String HEIGHT="87"
                          WIDTH="258"
                          VPOS="268"
                          HPOS="1684"
                          CONTENT="transmutatur"/>
                  <SP HEIGHT="87" WIDTH="16" VPOS="268" HPOS="1942"/>
                  <String HEIGHT="87" WIDTH="97" VPOS="268" HPOS="1894" CONTENT="vt"/>
                  <SP HEIGHT="87" WIDTH="16" VPOS="268" HPOS="1990"/>
                  <String HEIGHT="87"
                          WIDTH="129"
                          VPOS="268"
                          HPOS="1942"
                          CONTENT="fiat"/>
                  <SP HEIGHT="87" WIDTH="16" VPOS="268" HPOS="2071"/>
                  <String HEIGHT="87" WIDTH="97" VPOS="268" HPOS="2023" CONTENT="de"/>
                  <SP HEIGHT="87" WIDTH="16" VPOS="268" HPOS="2120"/>
                  <String HEIGHT="87"
                          WIDTH="194"
                          VPOS="268"
                          HPOS="2071"
                          CONTENT="potentia"/>
                  <SP HEIGHT="87" WIDTH="16" VPOS="268" HPOS="2265"/>
                  <String HEIGHT="87" WIDTH="81" VPOS="268" HPOS="2200" CONTENT="sen"/>
               </TextLine>
               <TextLine ID="r1l3"
                         BASELINE="409"
                         HEIGHT="67"
                         WIDTH="1797"
                         VPOS="342"
                         HPOS="484">
                  <String HEIGHT="67"
                          WIDTH="160"
                          VPOS="342"
                          HPOS="468"
                          CONTENT="tiente"/>
                  <SP HEIGHT="67" WIDTH="16" VPOS="342" HPOS="628"/>
                  <String HEIGHT="67"
                          WIDTH="128"
                          VPOS="342"
                          HPOS="580"
                          CONTENT="actu"/>
                  <SP HEIGHT="67" WIDTH="16" VPOS="342" HPOS="709"/>
                  <String HEIGHT="67"
                          WIDTH="209"
                          VPOS="342"
                          HPOS="660"
                          CONTENT="sentiens."/>
                  <SP HEIGHT="67" WIDTH="16" VPOS="342" HPOS="869"/>
                  <String HEIGHT="67" WIDTH="96" VPOS="342" HPOS="821" CONTENT="Et"/>
                  <SP HEIGHT="67" WIDTH="16" VPOS="342" HPOS="917"/>
                  <String HEIGHT="67" WIDTH="112" VPOS="342" HPOS="869" CONTENT="non"/>
                  <SP HEIGHT="67" WIDTH="16" VPOS="342" HPOS="981"/>
                  <String HEIGHT="67" WIDTH="112" VPOS="342" HPOS="933" CONTENT="est"/>
                  <SP HEIGHT="67" WIDTH="16" VPOS="342" HPOS="1046"/>
                  <String HEIGHT="67"
                          WIDTH="241"
                          VPOS="342"
                          HPOS="997"
                          CONTENT="differentia"/>
                  <SP HEIGHT="67" WIDTH="16" VPOS="342" HPOS="1238"/>
                  <String HEIGHT="67" WIDTH="96" VPOS="342" HPOS="1190" CONTENT="in"/>
                  <SP HEIGHT="67" WIDTH="16" VPOS="342" HPOS="1286"/>
                  <String HEIGHT="67"
                          WIDTH="112"
                          VPOS="342"
                          HPOS="1238"
                          CONTENT="hoc"/>
                  <SP HEIGHT="67" WIDTH="16" VPOS="342" HPOS="1350"/>
                  <String HEIGHT="67" WIDTH="96" VPOS="342" HPOS="1302" CONTENT="ad"/>
                  <SP HEIGHT="67" WIDTH="16" VPOS="342" HPOS="1399"/>
                  <String HEIGHT="67"
                          WIDTH="257"
                          VPOS="342"
                          HPOS="1350"
                          CONTENT="immutationem"/>
                  <SP HEIGHT="67" WIDTH="16" VPOS="342" HPOS="1607"/>
                  <String HEIGHT="67"
                          WIDTH="241"
                          VPOS="342"
                          HPOS="1559"
                          CONTENT="intellectus"/>
                  <SP HEIGHT="67" WIDTH="16" VPOS="342" HPOS="1800"/>
                  <String HEIGHT="67" WIDTH="96" VPOS="342" HPOS="1752" CONTENT="ab"/>
                  <SP HEIGHT="67" WIDTH="16" VPOS="342" HPOS="1848"/>
                  <String HEIGHT="67"
                          WIDTH="273"
                          VPOS="342"
                          HPOS="1800"
                          CONTENT="intelligibili"/>
                  <SP HEIGHT="67" WIDTH="16" VPOS="342" HPOS="2072"/>
                  <String HEIGHT="67" WIDTH="96" VPOS="342" HPOS="2024" CONTENT="ad"/>
                  <SP HEIGHT="67" WIDTH="16" VPOS="342" HPOS="2121"/>
                  <String HEIGHT="67"
                          WIDTH="144"
                          VPOS="342"
                          HPOS="2072"
                          CONTENT="actum"/>
                  <SP HEIGHT="67" WIDTH="16" VPOS="342" HPOS="2217"/>
                  <String HEIGHT="67"
                          WIDTH="128"
                          VPOS="342"
                          HPOS="2153"
                          CONTENT="intel"
                          SUBS_TYPE="HypPart1"
                          SUBS_CONTENT="intelligendi:"/>
                  <HYP CONTENT="-"/>
               </TextLine>
               <TextLine ID="r1l4"
                         BASELINE="463"
                         HEIGHT="67"
                         WIDTH="1803"
                         VPOS="396"
                         HPOS="484">
                  <String HEIGHT="67"
                          WIDTH="179"
                          VPOS="396"
                          HPOS="469"
                          CONTENT="ligendi:"
                          SUBS_TYPE="HypPart2"
                          SUBS_CONTENT="intelligendi:"/>
                  <SP HEIGHT="67" WIDTH="15" VPOS="396" HPOS="648"/>
                  <String HEIGHT="67"
                          WIDTH="119"
                          VPOS="396"
                          HPOS="603"
                          CONTENT="nisi"/>
                  <SP HEIGHT="67" WIDTH="15" VPOS="396" HPOS="722"/>
                  <String HEIGHT="67"
                          WIDTH="119"
                          VPOS="396"
                          HPOS="678"
                          CONTENT="quod"/>
                  <SP HEIGHT="67" WIDTH="15" VPOS="396" HPOS="797"/>
                  <String HEIGHT="67"
                          WIDTH="209"
                          VPOS="396"
                          HPOS="752"
                          CONTENT="sensibilia"/>
                  <SP HEIGHT="67" WIDTH="15" VPOS="396" HPOS="961"/>
                  <String HEIGHT="67"
                          WIDTH="119"
                          VPOS="396"
                          HPOS="916"
                          CONTENT="sunt"/>
                  <SP HEIGHT="67" WIDTH="15" VPOS="396" HPOS="1035"/>
                  <String HEIGHT="67"
                          WIDTH="238"
                          VPOS="396"
                          HPOS="991"
                          CONTENT="particularia"/>
                  <SP HEIGHT="67" WIDTH="15" VPOS="396" HPOS="1229"/>
                  <String HEIGHT="67"
                          WIDTH="209"
                          VPOS="396"
                          HPOS="1184"
                          CONTENT="existentia"/>
                  <SP HEIGHT="67" WIDTH="15" VPOS="396" HPOS="1393"/>
                  <String HEIGHT="67"
                          WIDTH="134"
                          VPOS="396"
                          HPOS="1348"
                          CONTENT="extra"/>
                  <SP HEIGHT="67" WIDTH="15" VPOS="396" HPOS="1482"/>
                  <String HEIGHT="67"
                          WIDTH="149"
                          VPOS="396"
                          HPOS="1438"
                          CONTENT="animam"/>
                  <SP HEIGHT="67" WIDTH="15" VPOS="396" HPOS="1587"/>
                  <String HEIGHT="67" WIDTH="75" VPOS="396" HPOS="1542" CONTENT="&amp;"/>
                  <SP HEIGHT="67" WIDTH="15" VPOS="396" HPOS="1616"/>
                  <String HEIGHT="67"
                          WIDTH="238"
                          VPOS="396"
                          HPOS="1572"
                          CONTENT="intellectum."/>
                  <SP HEIGHT="67" WIDTH="15" VPOS="396" HPOS="1810"/>
                  <String HEIGHT="67"
                          WIDTH="268"
                          VPOS="396"
                          HPOS="1765"
                          CONTENT="Intelligibilia"/>
                  <SP HEIGHT="67" WIDTH="15" VPOS="396" HPOS="2034"/>
                  <String HEIGHT="67"
                          WIDTH="134"
                          VPOS="396"
                          HPOS="1989"
                          CONTENT="autem"/>
                  <SP HEIGHT="67" WIDTH="15" VPOS="396" HPOS="2123"/>
                  <String HEIGHT="67"
                          WIDTH="119"
                          VPOS="396"
                          HPOS="2078"
                          CONTENT="quia"/>
                  <SP HEIGHT="67" WIDTH="15" VPOS="396" HPOS="2198"/>
                  <String HEIGHT="67"
                          WIDTH="119"
                          VPOS="396"
                          HPOS="2153"
                          CONTENT="sunt"/>
                  <SP HEIGHT="67" WIDTH="15" VPOS="396" HPOS="2272"/>
                  <String HEIGHT="67" WIDTH="75" VPOS="396" HPOS="2212" CONTENT="vni"/>
               </TextLine>
               <TextLine ID="r1l5"
                         BASELINE="525"
                         HEIGHT="71"
                         WIDTH="1799"
                         VPOS="454"
                         HPOS="491">
                  <String HEIGHT="71"
                          WIDTH="209"
                          VPOS="454"
                          HPOS="475"
                          CONTENT="uersalia,"/>
                  <SP HEIGHT="71" WIDTH="16" VPOS="454" HPOS="684"/>
                  <String HEIGHT="71"
                          WIDTH="225"
                          VPOS="454"
                          HPOS="636"
                          CONTENT="quodammodo"/>
                  <SP HEIGHT="71" WIDTH="16" VPOS="454" HPOS="860"/>
                  <String HEIGHT="71"
                          WIDTH="129"
                          VPOS="454"
                          HPOS="812"
                          CONTENT="sunt"/>
                  <SP HEIGHT="71" WIDTH="16" VPOS="454" HPOS="941"/>
                  <String HEIGHT="71" WIDTH="96" VPOS="454" HPOS="893" CONTENT="in"/>
                  <SP HEIGHT="71" WIDTH="16" VPOS="454" HPOS="989"/>
                  <String HEIGHT="71"
                          WIDTH="145"
                          VPOS="454"
                          HPOS="941"
                          CONTENT="anima"/>
                  <SP HEIGHT="71" WIDTH="16" VPOS="454" HPOS="1085"/>
                  <String HEIGHT="71" WIDTH="80" VPOS="454" HPOS="1037" CONTENT="&amp;"/>
                  <SP HEIGHT="71" WIDTH="16" VPOS="454" HPOS="1117"/>
                  <String HEIGHT="71" WIDTH="96" VPOS="454" HPOS="1069" CONTENT="in"/>
                  <SP HEIGHT="71" WIDTH="16" VPOS="454" HPOS="1166"/>
                  <String HEIGHT="71"
                          WIDTH="129"
                          VPOS="454"
                          HPOS="1117"
                          CONTENT="ipso"/>
                  <SP HEIGHT="71" WIDTH="16" VPOS="454" HPOS="1246"/>
                  <String HEIGHT="71"
                          WIDTH="257"
                          VPOS="454"
                          HPOS="1198"
                          CONTENT="intellectum."/>
                  <SP HEIGHT="71" WIDTH="16" VPOS="454" HPOS="1455"/>
                  <String HEIGHT="71"
                          WIDTH="145"
                          VPOS="454"
                          HPOS="1407"
                          CONTENT="sicut"/>
                  <SP HEIGHT="71" WIDTH="16" VPOS="454" HPOS="1551"/>
                  <String HEIGHT="71"
                          WIDTH="145"
                          VPOS="454"
                          HPOS="1503"
                          CONTENT="dicit"/>
                  <SP HEIGHT="71" WIDTH="16" VPOS="454" HPOS="1648"/>
                  <String HEIGHT="71"
                          WIDTH="257"
                          VPOS="454"
                          HPOS="1599"
                          CONTENT="philosophus."/>
                  <SP HEIGHT="71" WIDTH="16" VPOS="454" HPOS="1856"/>
                  <String HEIGHT="71" WIDTH="96" VPOS="454" HPOS="1808" CONTENT="Et"/>
                  <SP HEIGHT="71" WIDTH="16" VPOS="454" HPOS="1905"/>
                  <String HEIGHT="71"
                          WIDTH="177"
                          VPOS="454"
                          HPOS="1856"
                          CONTENT="quomodo"/>
                  <SP HEIGHT="71" WIDTH="16" VPOS="454" HPOS="2033"/>
                  <String HEIGHT="71"
                          WIDTH="129"
                          VPOS="454"
                          HPOS="1985"
                          CONTENT="hoc,"/>
                  <SP HEIGHT="71" WIDTH="16" VPOS="454" HPOS="2113"/>
                  <String HEIGHT="71"
                          WIDTH="145"
                          VPOS="454"
                          HPOS="2065"
                          CONTENT="visum"/>
                  <SP HEIGHT="71" WIDTH="16" VPOS="454" HPOS="2210"/>
                  <String HEIGHT="71"
                          WIDTH="112"
                          VPOS="454"
                          HPOS="2162"
                          CONTENT="est"/>
                  <SP HEIGHT="71" WIDTH="16" VPOS="454" HPOS="2274"/>
                  <String HEIGHT="71" WIDTH="96" VPOS="454" HPOS="2226" CONTENT="in"/>
                  <SP HEIGHT="71" WIDTH="16" VPOS="454" HPOS="2322"/>
                  <String HEIGHT="71" WIDTH="32" VPOS="454" HPOS="2258" CONTENT=""/>
               </TextLine>
               <TextLine ID="r1l6"
                         BASELINE="578"
                         HEIGHT="70"
                         WIDTH="1792"
                         VPOS="508"
                         HPOS="496">
                  <String HEIGHT="70"
                          WIDTH="161"
                          VPOS="508"
                          HPOS="480"
                          CONTENT="parte:"/>
                  <SP HEIGHT="70" WIDTH="16" VPOS="508" HPOS="641"/>
                  <String HEIGHT="70" WIDTH="81" VPOS="508" HPOS="593" CONTENT="&amp;"/>
                  <SP HEIGHT="70" WIDTH="16" VPOS="508" HPOS="674"/>
                  <String HEIGHT="70"
                          WIDTH="161"
                          VPOS="508"
                          HPOS="625"
                          CONTENT="amplis"/>
                  <SP HEIGHT="70" WIDTH="16" VPOS="508" HPOS="787"/>
                  <String HEIGHT="70"
                          WIDTH="210"
                          VPOS="508"
                          HPOS="738"
                          CONTENT="videbitur"/>
                  <SP HEIGHT="70" WIDTH="16" VPOS="508" HPOS="948"/>
                  <String HEIGHT="70"
                          WIDTH="129"
                          VPOS="508"
                          HPOS="900"
                          CONTENT="iam."/>
                  <SP HEIGHT="70" WIDTH="16" VPOS="508" HPOS="1029"/>
                  <String HEIGHT="70"
                          WIDTH="129"
                          VPOS="508"
                          HPOS="980"
                          CONTENT="Vnde"/>
                  <SP HEIGHT="70" WIDTH="16" VPOS="508" HPOS="1109"/>
                  <String HEIGHT="70"
                          WIDTH="113"
                          VPOS="508"
                          HPOS="1061"
                          CONTENT="quo"/>
                  <SP HEIGHT="70" WIDTH="16" VPOS="508" HPOS="1174"/>
                  <String HEIGHT="70" WIDTH="97" VPOS="508" HPOS="1126" CONTENT="ad"/>
                  <SP HEIGHT="70" WIDTH="16" VPOS="508" HPOS="1222"/>
                  <String HEIGHT="70"
                          WIDTH="145"
                          VPOS="508"
                          HPOS="1174"
                          CONTENT="istam"/>
                  <SP HEIGHT="70" WIDTH="16" VPOS="508" HPOS="1319"/>
                  <String HEIGHT="70"
                          WIDTH="258"
                          VPOS="508"
                          HPOS="1271"
                          CONTENT="alterationem"/>
                  <SP HEIGHT="70" WIDTH="16" VPOS="508" HPOS="1529"/>
                  <String HEIGHT="70"
                          WIDTH="210"
                          VPOS="508"
                          HPOS="1481"
                          CONTENT="sensibile"/>
                  <SP HEIGHT="70" WIDTH="16" VPOS="508" HPOS="1691"/>
                  <String HEIGHT="70"
                          WIDTH="274"
                          VPOS="508"
                          HPOS="1642"
                          CONTENT="quantumcunque"/>
                  <SP HEIGHT="70" WIDTH="16" VPOS="508" HPOS="1917"/>
                  <String HEIGHT="70"
                          WIDTH="210"
                          VPOS="508"
                          HPOS="1868"
                          CONTENT="excellens"/>
                  <SP HEIGHT="70" WIDTH="16" VPOS="508" HPOS="2078"/>
                  <String HEIGHT="70"
                          WIDTH="113"
                          VPOS="508"
                          HPOS="2030"
                          CONTENT="per"/>
                  <SP HEIGHT="70" WIDTH="16" VPOS="508" HPOS="2143"/>
                  <String HEIGHT="70" WIDTH="97" VPOS="508" HPOS="2094" CONTENT="se"/>
                  <SP HEIGHT="70" WIDTH="16" VPOS="508" HPOS="2191"/>
                  <String HEIGHT="70"
                          WIDTH="113"
                          VPOS="508"
                          HPOS="2143"
                          CONTENT="non"/>
                  <SP HEIGHT="70" WIDTH="16" VPOS="508" HPOS="2256"/>
                  <String HEIGHT="70"
                          WIDTH="97"
                          VPOS="508"
                          HPOS="2191"
                          CONTENT="cor"
                          SUBS_TYPE="HypPart1"
                          SUBS_CONTENT="corrumpit"/>
                  <HYP CONTENT="-"/>
               </TextLine>
               <TextLine ID="r1l7"
                         BASELINE="636"
                         HEIGHT="69"
                         WIDTH="1792"
                         VPOS="567"
                         HPOS="493">
                  <String HEIGHT="69"
                          WIDTH="169"
                          VPOS="567"
                          HPOS="476"
                          CONTENT="rumpit"
                          SUBS_TYPE="HypPart2"
                          SUBS_CONTENT="corrumpit"/>
                  <SP HEIGHT="69" WIDTH="17" VPOS="567" HPOS="645"/>
                  <String HEIGHT="69"
                          WIDTH="169"
                          VPOS="567"
                          HPOS="594"
                          CONTENT="sensum"/>
                  <SP HEIGHT="69" WIDTH="17" VPOS="567" HPOS="763"/>
                  <String HEIGHT="69" WIDTH="118" VPOS="567" HPOS="713" CONTENT="nec"/>
                  <SP HEIGHT="69" WIDTH="17" VPOS="567" HPOS="831"/>
                  <String HEIGHT="69"
                          WIDTH="203"
                          VPOS="567"
                          HPOS="780"
                          CONTENT="impedit:"/>
                  <SP HEIGHT="69" WIDTH="17" VPOS="567" HPOS="983"/>
                  <String HEIGHT="69"
                          WIDTH="152"
                          VPOS="567"
                          HPOS="933"
                          CONTENT="sicut"/>
                  <SP HEIGHT="69" WIDTH="17" VPOS="567" HPOS="1085"/>
                  <String HEIGHT="69"
                          WIDTH="152"
                          VPOS="567"
                          HPOS="1034"
                          CONTENT="neque"/>
                  <SP HEIGHT="69" WIDTH="17" VPOS="567" HPOS="1186"/>
                  <String HEIGHT="69"
                          WIDTH="287"
                          VPOS="567"
                          HPOS="1135"
                          CONTENT="intelligibile"/>
                  <SP HEIGHT="69" WIDTH="17" VPOS="567" HPOS="1423"/>
                  <String HEIGHT="69"
                          WIDTH="270"
                          VPOS="567"
                          HPOS="1372"
                          CONTENT="intellectum."/>
                  <SP HEIGHT="69" WIDTH="17" VPOS="567" HPOS="1643"/>
                  <String HEIGHT="69" WIDTH="101" VPOS="567" HPOS="1592" CONTENT="Et"/>
                  <SP HEIGHT="69" WIDTH="17" VPOS="567" HPOS="1693"/>
                  <String HEIGHT="69"
                          WIDTH="118"
                          VPOS="567"
                          HPOS="1643"
                          CONTENT="est"/>
                  <SP HEIGHT="69" WIDTH="17" VPOS="567" HPOS="1761"/>
                  <String HEIGHT="69"
                          WIDTH="254"
                          VPOS="567"
                          HPOS="1710"
                          CONTENT="aduertendum"/>
                  <SP HEIGHT="69" WIDTH="17" VPOS="567" HPOS="1964"/>
                  <String HEIGHT="69"
                          WIDTH="152"
                          VPOS="567"
                          HPOS="1913"
                          CONTENT="circa"/>
                  <SP HEIGHT="69" WIDTH="17" VPOS="567" HPOS="2065"/>
                  <String HEIGHT="69"
                          WIDTH="287"
                          VPOS="567"
                          HPOS="1998"
                          CONTENT="transmutationem"/>
               </TextLine>
               <TextLine ID="r1l8"
                         BASELINE="687"
                         HEIGHT="65"
                         WIDTH="1796"
                         VPOS="622"
                         HPOS="486">
                  <String HEIGHT="65"
                          WIDTH="181"
                          VPOS="622"
                          HPOS="470"
                          CONTENT="sensus,"/>
                  <SP HEIGHT="65" WIDTH="16" VPOS="622" HPOS="651"/>
                  <String HEIGHT="65"
                          WIDTH="132"
                          VPOS="622"
                          HPOS="601"
                          CONTENT="quod"/>
                  <SP HEIGHT="65" WIDTH="16" VPOS="622" HPOS="733"/>
                  <String HEIGHT="65"
                          WIDTH="148"
                          VPOS="622"
                          HPOS="684"
                          CONTENT="sicut"/>
                  <SP HEIGHT="65" WIDTH="16" VPOS="622" HPOS="832"/>
                  <String HEIGHT="65" WIDTH="82" VPOS="622" HPOS="783" CONTENT="a"/>
                  <SP HEIGHT="65" WIDTH="16" VPOS="622" HPOS="865"/>
                  <String HEIGHT="65"
                          WIDTH="214"
                          VPOS="622"
                          HPOS="816"
                          CONTENT="sensibili"/>
                  <SP HEIGHT="65" WIDTH="16" VPOS="622" HPOS="1030"/>
                  <String HEIGHT="65"
                          WIDTH="148"
                          VPOS="622"
                          HPOS="980"
                          CONTENT="extra"/>
                  <SP HEIGHT="65" WIDTH="16" VPOS="622" HPOS="1129"/>
                  <String HEIGHT="65"
                          WIDTH="115"
                          VPOS="622"
                          HPOS="1079"
                          CONTENT="per"/>
                  <SP HEIGHT="65" WIDTH="16" VPOS="622" HPOS="1195"/>
                  <String HEIGHT="65"
                          WIDTH="165"
                          VPOS="622"
                          HPOS="1145"
                          CONTENT="medium"/>
                  <SP HEIGHT="65" WIDTH="16" VPOS="622" HPOS="1310"/>
                  <String HEIGHT="65"
                          WIDTH="214"
                          VPOS="622"
                          HPOS="1260"
                          CONTENT="generatur"/>
                  <SP HEIGHT="65" WIDTH="16" VPOS="622" HPOS="1475"/>
                  <String HEIGHT="65"
                          WIDTH="181"
                          VPOS="622"
                          HPOS="1425"
                          CONTENT="species"/>
                  <SP HEIGHT="65" WIDTH="16" VPOS="622" HPOS="1606"/>
                  <String HEIGHT="65"
                          WIDTH="132"
                          VPOS="622"
                          HPOS="1557"
                          CONTENT="eius"/>
                  <SP HEIGHT="65" WIDTH="16" VPOS="622" HPOS="1689"/>
                  <String HEIGHT="65" WIDTH="99" VPOS="622" HPOS="1639" CONTENT="in"/>
                  <SP HEIGHT="65" WIDTH="16" VPOS="622" HPOS="1738"/>
                  <String HEIGHT="65"
                          WIDTH="165"
                          VPOS="622"
                          HPOS="1689"
                          CONTENT="organo"/>
                  <SP HEIGHT="65" WIDTH="16" VPOS="622" HPOS="1854"/>
                  <String HEIGHT="65"
                          WIDTH="165"
                          VPOS="622"
                          HPOS="1804"
                          CONTENT="sensus"/>
                  <SP HEIGHT="65" WIDTH="16" VPOS="622" HPOS="1969"/>
                  <String HEIGHT="65"
                          WIDTH="264"
                          VPOS="622"
                          HPOS="1920"
                          CONTENT="particularis"/>
                  <SP HEIGHT="65" WIDTH="16" VPOS="622" HPOS="2183"/>
                  <String HEIGHT="65"
                          WIDTH="165"
                          VPOS="622"
                          HPOS="2134"
                          CONTENT="extra:"/>
                  <SP HEIGHT="65" WIDTH="16" VPOS="622" HPOS="2298"/>
                  <String HEIGHT="65" WIDTH="49" VPOS="622" HPOS="2233" CONTENT="&amp;"/>
               </TextLine>
               <TextLine ID="r1l9"
                         BASELINE="736"
                         HEIGHT="61"
                         WIDTH="1794"
                         VPOS="675"
                         HPOS="490">
                  <String HEIGHT="61"
                          WIDTH="160"
                          VPOS="675"
                          HPOS="472"
                          CONTENT="ipsum"/>
                  <SP HEIGHT="61" WIDTH="18" VPOS="675" HPOS="632"/>
                  <String HEIGHT="61"
                          WIDTH="195"
                          VPOS="675"
                          HPOS="579"
                          CONTENT="immutat"/>
                  <SP HEIGHT="61" WIDTH="18" VPOS="675" HPOS="774"/>
                  <String HEIGHT="61" WIDTH="107" VPOS="675" HPOS="721" CONTENT="ad"/>
                  <SP HEIGHT="61" WIDTH="18" VPOS="675" HPOS="827"/>
                  <String HEIGHT="61"
                          WIDTH="160"
                          VPOS="675"
                          HPOS="774"
                          CONTENT="actum"/>
                  <SP HEIGHT="61" WIDTH="18" VPOS="675" HPOS="934"/>
                  <String HEIGHT="61"
                          WIDTH="249"
                          VPOS="675"
                          HPOS="881"
                          CONTENT="sentiendi:"/>
                  <SP HEIGHT="61" WIDTH="18" VPOS="675" HPOS="1129"/>
                  <String HEIGHT="61"
                          WIDTH="124"
                          VPOS="675"
                          HPOS="1076"
                          CONTENT="sic"/>
                  <SP HEIGHT="61" WIDTH="18" VPOS="675" HPOS="1200"/>
                  <String HEIGHT="61" WIDTH="89" VPOS="675" HPOS="1147" CONTENT="a"/>
                  <SP HEIGHT="61" WIDTH="18" VPOS="675" HPOS="1236"/>
                  <String HEIGHT="61"
                          WIDTH="160"
                          VPOS="675"
                          HPOS="1183"
                          CONTENT="sensu"/>
                  <SP HEIGHT="61" WIDTH="18" VPOS="675" HPOS="1343"/>
                  <String HEIGHT="61"
                          WIDTH="266"
                          VPOS="675"
                          HPOS="1289"
                          CONTENT="particulari"/>
                  <SP HEIGHT="61" WIDTH="18" VPOS="675" HPOS="1556"/>
                  <String HEIGHT="61"
                          WIDTH="160"
                          VPOS="675"
                          HPOS="1502"
                          CONTENT="extra"/>
                  <SP HEIGHT="61" WIDTH="18" VPOS="675" HPOS="1662"/>
                  <String HEIGHT="61"
                          WIDTH="195"
                          VPOS="675"
                          HPOS="1609"
                          CONTENT="species"/>
                  <SP HEIGHT="61" WIDTH="18" VPOS="675" HPOS="1804"/>
                  <String HEIGHT="61"
                          WIDTH="124"
                          VPOS="675"
                          HPOS="1751"
                          CONTENT="per"/>
                  <SP HEIGHT="61" WIDTH="18" VPOS="675" HPOS="1875"/>
                  <String HEIGHT="61"
                          WIDTH="178"
                          VPOS="675"
                          HPOS="1822"
                          CONTENT="medium"/>
                  <SP HEIGHT="61" WIDTH="18" VPOS="675" HPOS="2000"/>
                  <String HEIGHT="61"
                          WIDTH="231"
                          VPOS="675"
                          HPOS="1947"
                          CONTENT="numerorum"/>
                  <SP HEIGHT="61" WIDTH="18" VPOS="675" HPOS="2177"/>
                  <String HEIGHT="61"
                          WIDTH="160"
                          VPOS="675"
                          HPOS="2124"
                          CONTENT="intra"/>
                  <SP HEIGHT="61" WIDTH="18" VPOS="675" HPOS="2284"/>
                  <String HEIGHT="61" WIDTH="71" VPOS="675" HPOS="2213" CONTENT="ge"/>
               </TextLine>
               <TextLine ID="r1l10"
                         BASELINE="789"
                         HEIGHT="54"
                         WIDTH="1785"
                         VPOS="735"
                         HPOS="495">
                  <String HEIGHT="54"
                          WIDTH="187"
                          VPOS="735"
                          HPOS="478"
                          CONTENT="neratur"/>
                  <SP HEIGHT="54" WIDTH="17" VPOS="735" HPOS="665"/>
                  <String HEIGHT="54" WIDTH="102" VPOS="735" HPOS="614" CONTENT="in"/>
                  <SP HEIGHT="54" WIDTH="17" VPOS="735" HPOS="716"/>
                  <String HEIGHT="54"
                          WIDTH="170"
                          VPOS="735"
                          HPOS="665"
                          CONTENT="organo"/>
                  <SP HEIGHT="54" WIDTH="17" VPOS="735" HPOS="835"/>
                  <String HEIGHT="54"
                          WIDTH="221"
                          VPOS="735"
                          HPOS="784"
                          CONTENT="memoriae,"/>
                  <SP HEIGHT="54" WIDTH="17" VPOS="735" HPOS="1005"/>
                  <String HEIGHT="54" WIDTH="102" VPOS="735" HPOS="954" CONTENT="in"/>
                  <SP HEIGHT="54" WIDTH="17" VPOS="735" HPOS="1056"/>
                  <String HEIGHT="54"
                          WIDTH="119"
                          VPOS="735"
                          HPOS="1005"
                          CONTENT="qua"/>
                  <SP HEIGHT="54" WIDTH="17" VPOS="735" HPOS="1124"/>
                  <String HEIGHT="54"
                          WIDTH="255"
                          VPOS="735"
                          HPOS="1073"
                          CONTENT="conseruatur"/>
                  <SP HEIGHT="54" WIDTH="17" VPOS="735" HPOS="1328"/>
                  <String HEIGHT="54" WIDTH="102" VPOS="735" HPOS="1277" CONTENT="ad"/>
                  <SP HEIGHT="54" WIDTH="17" VPOS="735" HPOS="1379"/>
                  <String HEIGHT="54"
                          WIDTH="221"
                          VPOS="735"
                          HPOS="1328"
                          CONTENT="absentiam"/>
                  <SP HEIGHT="54" WIDTH="17" VPOS="735" HPOS="1549"/>
                  <String HEIGHT="54"
                          WIDTH="238"
                          VPOS="735"
                          HPOS="1498"
                          CONTENT="sensibilis"/>
                  <SP HEIGHT="54" WIDTH="17" VPOS="735" HPOS="1736"/>
                  <String HEIGHT="54"
                          WIDTH="170"
                          VPOS="735"
                          HPOS="1685"
                          CONTENT="extra."/>
                  <SP HEIGHT="54" WIDTH="17" VPOS="735" HPOS="1855"/>
                  <String HEIGHT="54" WIDTH="85" VPOS="735" HPOS="1804" CONTENT="&amp;"/>
                  <SP HEIGHT="54" WIDTH="17" VPOS="735" HPOS="1889"/>
                  <String HEIGHT="54"
                          WIDTH="119"
                          VPOS="735"
                          HPOS="1838"
                          CONTENT="est"/>
                  <SP HEIGHT="54" WIDTH="17" VPOS="735" HPOS="1957"/>
                  <String HEIGHT="54"
                          WIDTH="187"
                          VPOS="735"
                          HPOS="1906"
                          CONTENT="species"/>
                  <SP HEIGHT="54" WIDTH="17" VPOS="735" HPOS="2093"/>
                  <String HEIGHT="54"
                          WIDTH="136"
                          VPOS="735"
                          HPOS="2042"
                          CONTENT="illa"/>
                  <SP HEIGHT="54" WIDTH="17" VPOS="735" HPOS="2178"/>
                  <String HEIGHT="54" WIDTH="102" VPOS="735" HPOS="2127" CONTENT="in"/>
                  <SP HEIGHT="54" WIDTH="17" VPOS="735" HPOS="2229"/>
                  <String HEIGHT="54"
                          WIDTH="119"
                          VPOS="735"
                          HPOS="2161"
                          CONTENT="memo"
                          SUBS_TYPE="HypPart1"
                          SUBS_CONTENT="memoria"/>
                  <HYP CONTENT="-"/>
               </TextLine>
               <TextLine ID="r1l11"
                         BASELINE="863"
                         HEIGHT="73"
                         WIDTH="1770"
                         VPOS="790"
                         HPOS="500">
                  <String HEIGHT="73"
                          WIDTH="116"
                          VPOS="790"
                          HPOS="483"
                          CONTENT="ria"
                          SUBS_TYPE="HypPart2"
                          SUBS_CONTENT="memoria"/>
                  <SP HEIGHT="73" WIDTH="17" VPOS="790" HPOS="599"/>
                  <String HEIGHT="73"
                          WIDTH="199"
                          VPOS="790"
                          HPOS="550"
                          CONTENT="respectu"/>
                  <SP HEIGHT="73" WIDTH="17" VPOS="790" HPOS="748"/>
                  <String HEIGHT="73"
                          WIDTH="265"
                          VPOS="790"
                          HPOS="699"
                          CONTENT="imaginatiuae"/>
                  <SP HEIGHT="73" WIDTH="17" VPOS="790" HPOS="963"/>
                  <String HEIGHT="73"
                          WIDTH="215"
                          VPOS="790"
                          HPOS="914"
                          CONTENT="virtutis,"/>
                  <SP HEIGHT="73" WIDTH="17" VPOS="790" HPOS="1129"/>
                  <String HEIGHT="73"
                          WIDTH="149"
                          VPOS="790"
                          HPOS="1079"
                          CONTENT="sicut"/>
                  <SP HEIGHT="73" WIDTH="17" VPOS="790" HPOS="1228"/>
                  <String HEIGHT="73"
                          WIDTH="215"
                          VPOS="790"
                          HPOS="1178"
                          CONTENT="sensibile"/>
                  <SP HEIGHT="73" WIDTH="17" VPOS="790" HPOS="1393"/>
                  <String HEIGHT="73"
                          WIDTH="199"
                          VPOS="790"
                          HPOS="1344"
                          CONTENT="respectu"/>
                  <SP HEIGHT="73" WIDTH="17" VPOS="790" HPOS="1542"/>
                  <String HEIGHT="73"
                          WIDTH="165"
                          VPOS="790"
                          HPOS="1493"
                          CONTENT="sensus"/>
                  <SP HEIGHT="73" WIDTH="17" VPOS="790" HPOS="1658"/>
                  <String HEIGHT="73"
                          WIDTH="281"
                          VPOS="790"
                          HPOS="1608"
                          CONTENT="particularis."/>
                  <SP HEIGHT="73" WIDTH="17" VPOS="790" HPOS="1890"/>
                  <String HEIGHT="73" WIDTH="99" VPOS="790" HPOS="1840" CONTENT="vt"/>
                  <SP HEIGHT="73" WIDTH="17" VPOS="790" HPOS="1939"/>
                  <String HEIGHT="73"
                          WIDTH="132"
                          VPOS="790"
                          HPOS="1890"
                          CONTENT="enim"/>
                  <SP HEIGHT="73" WIDTH="17" VPOS="790" HPOS="2022"/>
                  <String HEIGHT="73"
                          WIDTH="149"
                          VPOS="790"
                          HPOS="1972"
                          CONTENT="dicit"/>
                  <SP HEIGHT="73" WIDTH="17" VPOS="790" HPOS="2121"/>
                  <String HEIGHT="73"
                          WIDTH="232"
                          VPOS="790"
                          HPOS="2071"
                          CONTENT="Augustinus"/>
                  <SP HEIGHT="73" WIDTH="17" VPOS="790" HPOS="2303"/>
                  <String HEIGHT="73" WIDTH="33" VPOS="790" HPOS="2237" CONTENT=""/>
               </TextLine>
               <TextLine ID="r1l12"
                         BASELINE="904"
                         HEIGHT="55"
                         WIDTH="1768"
                         VPOS="849"
                         HPOS="491">
                  <String HEIGHT="55"
                          WIDTH="127"
                          VPOS="849"
                          HPOS="475"
                          CONTENT="nono"/>
                  <SP HEIGHT="55" WIDTH="16" VPOS="849" HPOS="602"/>
                  <String HEIGHT="55" WIDTH="96" VPOS="849" HPOS="555" CONTENT="de"/>
                  <SP HEIGHT="55" WIDTH="16" VPOS="849" HPOS="650"/>
                  <String HEIGHT="55"
                          WIDTH="207"
                          VPOS="849"
                          HPOS="602"
                          CONTENT="trinitate"/>
                  <SP HEIGHT="55" WIDTH="16" VPOS="849" HPOS="810"/>
                  <String HEIGHT="55"
                          WIDTH="175"
                          VPOS="849"
                          HPOS="762"
                          CONTENT="capulo."/>
                  <SP HEIGHT="55" WIDTH="16" VPOS="849" HPOS="937"/>
                  <String HEIGHT="55"
                          WIDTH="127"
                          VPOS="849"
                          HPOS="889"
                          CONTENT="iii."/>
                  <SP HEIGHT="55" WIDTH="16" VPOS="849" HPOS="1017"/>
                  <String HEIGHT="55" WIDTH="111" VPOS="849" HPOS="969" CONTENT="pro"/>
                  <SP HEIGHT="55" WIDTH="16" VPOS="849" HPOS="1080"/>
                  <String HEIGHT="55"
                          WIDTH="127"
                          VPOS="849"
                          HPOS="1033"
                          CONTENT="illa"/>
                  <SP HEIGHT="55" WIDTH="16" VPOS="849" HPOS="1160"/>
                  <String HEIGHT="55"
                          WIDTH="159"
                          VPOS="849"
                          HPOS="1112"
                          CONTENT="specie"/>
                  <SP HEIGHT="55" WIDTH="16" VPOS="849" HPOS="1271"/>
                  <String HEIGHT="55"
                          WIDTH="191"
                          VPOS="849"
                          HPOS="1224"
                          CONTENT="corporis"/>
                  <SP HEIGHT="55" WIDTH="16" VPOS="849" HPOS="1415"/>
                  <String HEIGHT="55"
                          WIDTH="127"
                          VPOS="849"
                          HPOS="1367"
                          CONTENT="quae"/>
                  <SP HEIGHT="55" WIDTH="16" VPOS="849" HPOS="1494"/>
                  <String HEIGHT="55"
                          WIDTH="239"
                          VPOS="849"
                          HPOS="1447"
                          CONTENT="sentiebatur"/>
                  <SP HEIGHT="55" WIDTH="16" VPOS="849" HPOS="1686"/>
                  <String HEIGHT="55"
                          WIDTH="207"
                          VPOS="849"
                          HPOS="1638"
                          CONTENT="exterius,"/>
                  <SP HEIGHT="55" WIDTH="16" VPOS="849" HPOS="1845"/>
                  <String HEIGHT="55"
                          WIDTH="191"
                          VPOS="849"
                          HPOS="1797"
                          CONTENT="succedit"/>
                  <SP HEIGHT="55" WIDTH="16" VPOS="849" HPOS="1988"/>
                  <String HEIGHT="55"
                          WIDTH="175"
                          VPOS="849"
                          HPOS="1940"
                          CONTENT="memoria"/>
                  <SP HEIGHT="55" WIDTH="16" VPOS="849" HPOS="2116"/>
                  <String HEIGHT="55"
                          WIDTH="191"
                          VPOS="849"
                          HPOS="2068"
                          CONTENT="retinens"/>
                  <SP HEIGHT="55" WIDTH="16" VPOS="849" HPOS="2259"/>
                  <String HEIGHT="55" WIDTH="64" VPOS="849" HPOS="2195" CONTENT="in"/>
               </TextLine>
               <TextLine ID="r1l13"
                         BASELINE="973"
                         HEIGHT="74"
                         WIDTH="1786"
                         VPOS="899"
                         HPOS="493">
                  <String HEIGHT="74" WIDTH="112" VPOS="899" HPOS="477" CONTENT="lam"/>
                  <SP HEIGHT="74" WIDTH="16" VPOS="899" HPOS="589"/>
                  <String HEIGHT="74"
                          WIDTH="175"
                          VPOS="899"
                          HPOS="541"
                          CONTENT="speciem"/>
                  <SP HEIGHT="74" WIDTH="16" VPOS="899" HPOS="716"/>
                  <String HEIGHT="74"
                          WIDTH="128"
                          VPOS="899"
                          HPOS="668"
                          CONTENT="quam"/>
                  <SP HEIGHT="74" WIDTH="16" VPOS="899" HPOS="796"/>
                  <String HEIGHT="74" WIDTH="112" VPOS="899" HPOS="748" CONTENT="per"/>
                  <SP HEIGHT="74" WIDTH="16" VPOS="899" HPOS="860"/>
                  <String HEIGHT="74"
                          WIDTH="191"
                          VPOS="899"
                          HPOS="812"
                          CONTENT="corporis"/>
                  <SP HEIGHT="74" WIDTH="16" VPOS="899" HPOS="1003"/>
                  <String HEIGHT="74"
                          WIDTH="159"
                          VPOS="899"
                          HPOS="955"
                          CONTENT="sensum"/>
                  <SP HEIGHT="74" WIDTH="16" VPOS="899" HPOS="1115"/>
                  <String HEIGHT="74"
                          WIDTH="191"
                          VPOS="899"
                          HPOS="1067"
                          CONTENT="condidit"/>
                  <SP HEIGHT="74" WIDTH="16" VPOS="899" HPOS="1258"/>
                  <String HEIGHT="74"
                          WIDTH="159"
                          VPOS="899"
                          HPOS="1211"
                          CONTENT="anima,"/>
                  <SP HEIGHT="74" WIDTH="16" VPOS="899" HPOS="1370"/>
                  <String HEIGHT="74" WIDTH="80" VPOS="899" HPOS="1322" CONTENT="&amp;"/>
                  <SP HEIGHT="74" WIDTH="16" VPOS="899" HPOS="1402"/>
                  <String HEIGHT="74"
                          WIDTH="191"
                          VPOS="899"
                          HPOS="1354"
                          CONTENT="absentia"/>
                  <SP HEIGHT="74" WIDTH="16" VPOS="899" HPOS="1545"/>
                  <String HEIGHT="74"
                          WIDTH="175"
                          VPOS="899"
                          HPOS="1498"
                          CONTENT="corpora"/>
                  <SP HEIGHT="74" WIDTH="16" VPOS="899" HPOS="1673"/>
                  <String HEIGHT="74"
                          WIDTH="239"
                          VPOS="899"
                          HPOS="1625"
                          CONTENT="cogitantur."/>
                  <SP HEIGHT="74" WIDTH="16" VPOS="899" HPOS="1864"/>
                  <String HEIGHT="74"
                          WIDTH="128"
                          VPOS="899"
                          HPOS="1817"
                          CONTENT="Vnde"/>
                  <SP HEIGHT="74" WIDTH="16" VPOS="899" HPOS="1944"/>
                  <String HEIGHT="74"
                          WIDTH="207"
                          VPOS="899"
                          HPOS="1896"
                          CONTENT="generatur"/>
                  <SP HEIGHT="74" WIDTH="16" VPOS="899" HPOS="2104"/>
                  <String HEIGHT="74" WIDTH="80" VPOS="899" HPOS="2056" CONTENT="a"/>
                  <SP HEIGHT="74" WIDTH="16" VPOS="899" HPOS="2135"/>
                  <String HEIGHT="74"
                          WIDTH="175"
                          VPOS="899"
                          HPOS="2088"
                          CONTENT="memoria"/>
                  <SP HEIGHT="74" WIDTH="16" VPOS="899" HPOS="2263"/>
                  <String HEIGHT="74" WIDTH="96" VPOS="899" HPOS="2215" CONTENT="in"/>
                  <SP HEIGHT="74" WIDTH="16" VPOS="899" HPOS="2311"/>
                  <String HEIGHT="74" WIDTH="32" VPOS="899" HPOS="2247" CONTENT=""/>
               </TextLine>
               <TextLine ID="r1l14"
                         BASELINE="1016"
                         HEIGHT="58"
                         WIDTH="1781"
                         VPOS="958"
                         HPOS="502">
                  <String HEIGHT="58"
                          WIDTH="266"
                          VPOS="958"
                          HPOS="485"
                          CONTENT="imaginatiuam"/>
                  <SP HEIGHT="58" WIDTH="17" VPOS="958" HPOS="752"/>
                  <String HEIGHT="58"
                          WIDTH="150"
                          VPOS="958"
                          HPOS="702"
                          CONTENT="sicut"/>
                  <SP HEIGHT="58" WIDTH="17" VPOS="958" HPOS="852"/>
                  <String HEIGHT="58" WIDTH="83" VPOS="958" HPOS="802" CONTENT="a"/>
                  <SP HEIGHT="58" WIDTH="17" VPOS="958" HPOS="885"/>
                  <String HEIGHT="58" WIDTH="100" VPOS="958" HPOS="835" CONTENT="re"/>
                  <SP HEIGHT="58" WIDTH="17" VPOS="958" HPOS="935"/>
                  <String HEIGHT="58"
                          WIDTH="150"
                          VPOS="958"
                          HPOS="885"
                          CONTENT="extra"/>
                  <SP HEIGHT="58" WIDTH="17" VPOS="958" HPOS="1035"/>
                  <String HEIGHT="58" WIDTH="100" VPOS="958" HPOS="985" CONTENT="in"/>
                  <SP HEIGHT="58" WIDTH="17" VPOS="958" HPOS="1085"/>
                  <String HEIGHT="58"
                          WIDTH="166"
                          VPOS="958"
                          HPOS="1035"
                          CONTENT="sensum"/>
                  <SP HEIGHT="58" WIDTH="17" VPOS="958" HPOS="1201"/>
                  <String HEIGHT="58"
                          WIDTH="266"
                          VPOS="958"
                          HPOS="1151"
                          CONTENT="particularem"/>
                  <SP HEIGHT="58" WIDTH="17" VPOS="958" HPOS="1417"/>
                  <String HEIGHT="58" WIDTH="83" VPOS="958" HPOS="1368" CONTENT="&amp;"/>
                  <SP HEIGHT="58" WIDTH="17" VPOS="958" HPOS="1451"/>
                  <String HEIGHT="58"
                          WIDTH="266"
                          VPOS="958"
                          HPOS="1401"
                          CONTENT="imaginatiuam"/>
                  <SP HEIGHT="58" WIDTH="17" VPOS="958" HPOS="1667"/>
                  <String HEIGHT="58"
                          WIDTH="233"
                          VPOS="958"
                          HPOS="1617"
                          CONTENT="informatam"/>
                  <SP HEIGHT="58" WIDTH="17" VPOS="958" HPOS="1850"/>
                  <String HEIGHT="58"
                          WIDTH="183"
                          VPOS="958"
                          HPOS="1800"
                          CONTENT="specie."/>
                  <SP HEIGHT="58" WIDTH="17" VPOS="958" HPOS="1983"/>
                  <String HEIGHT="58"
                          WIDTH="183"
                          VPOS="958"
                          HPOS="1933"
                          CONTENT="Species"/>
                  <SP HEIGHT="58" WIDTH="17" VPOS="958" HPOS="2117"/>
                  <String HEIGHT="58"
                          WIDTH="200"
                          VPOS="958"
                          HPOS="2067"
                          CONTENT="existens"/>
                  <SP HEIGHT="58" WIDTH="17" VPOS="958" HPOS="2266"/>
                  <String HEIGHT="58" WIDTH="100" VPOS="958" HPOS="2216" CONTENT="in"/>
                  <SP HEIGHT="58" WIDTH="17" VPOS="958" HPOS="2316"/>
                  <String HEIGHT="58" WIDTH="33" VPOS="958" HPOS="2250" CONTENT=""/>
               </TextLine>
               <TextLine ID="r1l15"
                         BASELINE="1069"
                         HEIGHT="56"
                         WIDTH="1774"
                         VPOS="1013"
                         HPOS="504">
                  <String HEIGHT="56"
                          WIDTH="199"
                          VPOS="1013"
                          HPOS="486"
                          CONTENT="memoria"/>
                  <SP HEIGHT="56" WIDTH="18" VPOS="1013" HPOS="685"/>
                  <String HEIGHT="56"
                          WIDTH="199"
                          VPOS="1013"
                          HPOS="631"
                          CONTENT="immutat"/>
                  <SP HEIGHT="56" WIDTH="18" VPOS="1013" HPOS="830"/>
                  <String HEIGHT="56" WIDTH="109" VPOS="1013" HPOS="776" CONTENT="ad"/>
                  <SP HEIGHT="56" WIDTH="18" VPOS="1013" HPOS="884"/>
                  <String HEIGHT="56"
                          WIDTH="163"
                          VPOS="1013"
                          HPOS="830"
                          CONTENT="actum"/>
                  <SP HEIGHT="56" WIDTH="18" VPOS="1013" HPOS="993"/>
                  <String HEIGHT="56"
                          WIDTH="253"
                          VPOS="1013"
                          HPOS="938"
                          CONTENT="imaginandi"/>
                  <SP HEIGHT="56" WIDTH="18" VPOS="1013" HPOS="1192"/>
                  <String HEIGHT="56"
                          WIDTH="308"
                          VPOS="1013"
                          HPOS="1138"
                          CONTENT="imaginatiuam,"/>
                  <SP HEIGHT="56" WIDTH="18" VPOS="1013" HPOS="1445"/>
                  <String HEIGHT="56"
                          WIDTH="163"
                          VPOS="1013"
                          HPOS="1391"
                          CONTENT="sicut"/>
                  <SP HEIGHT="56" WIDTH="18" VPOS="1013" HPOS="1554"/>
                  <String HEIGHT="56"
                          WIDTH="235"
                          VPOS="1013"
                          HPOS="1500"
                          CONTENT="sensibile"/>
                  <SP HEIGHT="56" WIDTH="18" VPOS="1013" HPOS="1735"/>
                  <String HEIGHT="56"
                          WIDTH="163"
                          VPOS="1013"
                          HPOS="1681"
                          CONTENT="extra"/>
                  <SP HEIGHT="56" WIDTH="18" VPOS="1013" HPOS="1844"/>
                  <String HEIGHT="56"
                          WIDTH="199"
                          VPOS="1013"
                          HPOS="1789"
                          CONTENT="immutat"/>
                  <SP HEIGHT="56" WIDTH="18" VPOS="1013" HPOS="1988"/>
                  <String HEIGHT="56"
                          WIDTH="109"
                          VPOS="1013"
                          HPOS="1934"
                          CONTENT="ad"/>
                  <SP HEIGHT="56" WIDTH="18" VPOS="1013" HPOS="2043"/>
                  <String HEIGHT="56"
                          WIDTH="163"
                          VPOS="1013"
                          HPOS="1988"
                          CONTENT="actum"/>
                  <SP HEIGHT="56" WIDTH="18" VPOS="1013" HPOS="2151"/>
                  <String HEIGHT="56"
                          WIDTH="199"
                          VPOS="1013"
                          HPOS="2079"
                          CONTENT="sentiendi"/>
               </TextLine>
               <TextLine ID="line_1582326052588_1982"
                         BASELINE="1131"
                         HEIGHT="62"
                         WIDTH="1787"
                         VPOS="1069"
                         HPOS="500">
                  <String HEIGHT="62"
                          WIDTH="155"
                          VPOS="1069"
                          HPOS="484"
                          CONTENT="sensum"/>
                  <SP HEIGHT="62" WIDTH="16" VPOS="1069" HPOS="640"/>
                  <String HEIGHT="62"
                          WIDTH="264"
                          VPOS="1069"
                          HPOS="593"
                          CONTENT="particularem."/>
                  <SP HEIGHT="62" WIDTH="16" VPOS="1069" HPOS="857"/>
                  <String HEIGHT="62" WIDTH="93" VPOS="1069" HPOS="811" CONTENT="ET"/>
                  <SP HEIGHT="62" WIDTH="16" VPOS="1069" HPOS="904"/>
                  <String HEIGHT="62"
                          WIDTH="124"
                          VPOS="1069"
                          HPOS="857"
                          CONTENT="sunt"/>
                  <SP HEIGHT="62" WIDTH="16" VPOS="1069" HPOS="982"/>
                  <String HEIGHT="62"
                          WIDTH="155"
                          VPOS="1069"
                          HPOS="935"
                          CONTENT="omnino"/>
                  <SP HEIGHT="62" WIDTH="16" VPOS="1069" HPOS="1090"/>
                  <String HEIGHT="62"
                          WIDTH="171"
                          VPOS="1069"
                          HPOS="1044"
                          CONTENT="similes"/>
                  <SP HEIGHT="62" WIDTH="16" VPOS="1069" HPOS="1215"/>
                  <String HEIGHT="62"
                          WIDTH="124"
                          VPOS="1069"
                          HPOS="1168"
                          CONTENT="modi"/>
                  <SP HEIGHT="62" WIDTH="16" VPOS="1069" HPOS="1292"/>
                  <String HEIGHT="62"
                          WIDTH="295"
                          VPOS="1069"
                          HPOS="1246"
                          CONTENT="trasmutationum,"/>
                  <SP HEIGHT="62" WIDTH="16" VPOS="1069" HPOS="1541"/>
                  <String HEIGHT="62"
                          WIDTH="171"
                          VPOS="1069"
                          HPOS="1495"
                          CONTENT="praeter"/>
                  <SP HEIGHT="62" WIDTH="16" VPOS="1069" HPOS="1665"/>
                  <String HEIGHT="62"
                          WIDTH="109"
                          VPOS="1069"
                          HPOS="1619"
                          CONTENT="hoc"/>
                  <SP HEIGHT="62" WIDTH="16" VPOS="1069" HPOS="1728"/>
                  <String HEIGHT="62"
                          WIDTH="124"
                          VPOS="1069"
                          HPOS="1681"
                          CONTENT="quod"/>
                  <SP HEIGHT="62" WIDTH="16" VPOS="1069" HPOS="1805"/>
                  <String HEIGHT="62" WIDTH="93" VPOS="1069" HPOS="1759" CONTENT="in"/>
                  <SP HEIGHT="62" WIDTH="16" VPOS="1069" HPOS="1852"/>
                  <String HEIGHT="62"
                          WIDTH="218"
                          VPOS="1069"
                          HPOS="1805"
                          CONTENT="sentiendo,"/>
                  <SP HEIGHT="62" WIDTH="16" VPOS="1069" HPOS="2023"/>
                  <String HEIGHT="62"
                          WIDTH="186"
                          VPOS="1069"
                          HPOS="1976"
                          CONTENT="obiectum"/>
                  <SP HEIGHT="62" WIDTH="16" VPOS="1069" HPOS="2163"/>
                  <String HEIGHT="62"
                          WIDTH="124"
                          VPOS="1069"
                          HPOS="2116"
                          CONTENT="quod"/>
                  <SP HEIGHT="62" WIDTH="16" VPOS="1069" HPOS="2240"/>
                  <String HEIGHT="62"
                          WIDTH="109"
                          VPOS="1069"
                          HPOS="2178"
                          CONTENT="senti"/>
               </TextLine>
               <TextLine ID="r1l17"
                         BASELINE="1192"
                         HEIGHT="60"
                         WIDTH="1774"
                         VPOS="1132"
                         HPOS="505">
                  <String HEIGHT="60"
                          WIDTH="122"
                          VPOS="1132"
                          HPOS="488"
                          CONTENT="tur"/>
                  <SP HEIGHT="60" WIDTH="17" VPOS="1132" HPOS="609"/>
                  <String HEIGHT="60"
                          WIDTH="122"
                          VPOS="1132"
                          HPOS="557"
                          CONTENT="est"/>
                  <SP HEIGHT="60" WIDTH="17" VPOS="1132" HPOS="679"/>
                  <String HEIGHT="60"
                          WIDTH="157"
                          VPOS="1132"
                          HPOS="627"
                          CONTENT="illud"/>
                  <SP HEIGHT="60" WIDTH="17" VPOS="1132" HPOS="783"/>
                  <String HEIGHT="60"
                          WIDTH="139"
                          VPOS="1132"
                          HPOS="731"
                          CONTENT="quod"/>
                  <SP HEIGHT="60" WIDTH="17" VPOS="1132" HPOS="870"/>
                  <String HEIGHT="60"
                          WIDTH="226"
                          VPOS="1132"
                          HPOS="818"
                          CONTENT="immediate"/>
                  <SP HEIGHT="60" WIDTH="17" VPOS="1132" HPOS="1044"/>
                  <String HEIGHT="60"
                          WIDTH="191"
                          VPOS="1132"
                          HPOS="992"
                          CONTENT="immutat"/>
                  <SP HEIGHT="60" WIDTH="17" VPOS="1132" HPOS="1183"/>
                  <String HEIGHT="60"
                          WIDTH="174"
                          VPOS="1132"
                          HPOS="1131"
                          CONTENT="sensum"/>
                  <SP HEIGHT="60" WIDTH="17" VPOS="1132" HPOS="1305"/>
                  <String HEIGHT="60"
                          WIDTH="191"
                          VPOS="1132"
                          HPOS="1253"
                          CONTENT="duplici"/>
                  <SP HEIGHT="60" WIDTH="17" VPOS="1132" HPOS="1444"/>
                  <String HEIGHT="60"
                          WIDTH="261"
                          VPOS="1132"
                          HPOS="1392"
                          CONTENT="immutatione"/>
                  <SP HEIGHT="60" WIDTH="17" VPOS="1132" HPOS="1653"/>
                  <String HEIGHT="60"
                          WIDTH="122"
                          VPOS="1132"
                          HPOS="1601"
                          CONTENT="iam"/>
                  <SP HEIGHT="60" WIDTH="17" VPOS="1132" HPOS="1722"/>
                  <String HEIGHT="60"
                          WIDTH="157"
                          VPOS="1132"
                          HPOS="1670"
                          CONTENT="dicta"/>
                  <SP HEIGHT="60" WIDTH="17" VPOS="1132" HPOS="1827"/>
                  <String HEIGHT="60"
                          WIDTH="104"
                          VPOS="1132"
                          HPOS="1775"
                          CONTENT="ad"/>
                  <SP HEIGHT="60" WIDTH="17" VPOS="1132" HPOS="1879"/>
                  <String HEIGHT="60"
                          WIDTH="157"
                          VPOS="1132"
                          HPOS="1827"
                          CONTENT="actum"/>
                  <SP HEIGHT="60" WIDTH="17" VPOS="1132" HPOS="1983"/>
                  <String HEIGHT="60"
                          WIDTH="243"
                          VPOS="1132"
                          HPOS="1931"
                          CONTENT="sentiendi."/>
                  <SP HEIGHT="60" WIDTH="17" VPOS="1132" HPOS="2175"/>
                  <String HEIGHT="60"
                          WIDTH="104"
                          VPOS="1132"
                          HPOS="2122"
                          CONTENT="In"/>
                  <SP HEIGHT="60" WIDTH="17" VPOS="1132" HPOS="2227"/>
                  <String HEIGHT="60"
                          WIDTH="122"
                          VPOS="1132"
                          HPOS="2157"
                          CONTENT="actum"/>
               </TextLine>
               <TextLine ID="r1l18"
                         BASELINE="1252"
                         HEIGHT="71"
                         WIDTH="1768"
                         VPOS="1181"
                         HPOS="507">
                  <String HEIGHT="71"
                          WIDTH="118"
                          VPOS="1181"
                          HPOS="492"
                          CONTENT="vero"/>
                  <SP HEIGHT="71" WIDTH="15" VPOS="1181" HPOS="610"/>
                  <String HEIGHT="71"
                          WIDTH="221"
                          VPOS="1181"
                          HPOS="566"
                          CONTENT="imaginandi,"/>
                  <SP HEIGHT="71" WIDTH="15" VPOS="1181" HPOS="787"/>
                  <String HEIGHT="71"
                          WIDTH="177"
                          VPOS="1181"
                          HPOS="743"
                          CONTENT="obiectum"/>
                  <SP HEIGHT="71" WIDTH="15" VPOS="1181" HPOS="920"/>
                  <String HEIGHT="71"
                          WIDTH="118"
                          VPOS="1181"
                          HPOS="875"
                          CONTENT="quod"/>
                  <SP HEIGHT="71" WIDTH="15" VPOS="1181" HPOS="993"/>
                  <String HEIGHT="71"
                          WIDTH="206"
                          VPOS="1181"
                          HPOS="949"
                          CONTENT="imaginatur"/>
                  <SP HEIGHT="71" WIDTH="15" VPOS="1181" HPOS="1155"/>
                  <String HEIGHT="71"
                          WIDTH="103"
                          VPOS="1181"
                          HPOS="1111"
                          CONTENT="non"/>
                  <SP HEIGHT="71" WIDTH="15" VPOS="1181" HPOS="1214"/>
                  <String HEIGHT="71"
                          WIDTH="103"
                          VPOS="1181"
                          HPOS="1170"
                          CONTENT="est"/>
                  <SP HEIGHT="71" WIDTH="15" VPOS="1181" HPOS="1273"/>
                  <String HEIGHT="71"
                          WIDTH="177"
                          VPOS="1181"
                          HPOS="1229"
                          CONTENT="proximum"/>
                  <SP HEIGHT="71" WIDTH="15" VPOS="1181" HPOS="1406"/>
                  <String HEIGHT="71"
                          WIDTH="192"
                          VPOS="1181"
                          HPOS="1362"
                          CONTENT="immutans:"/>
                  <SP HEIGHT="71" WIDTH="15" VPOS="1181" HPOS="1553"/>
                  <String HEIGHT="71"
                          WIDTH="103"
                          VPOS="1181"
                          HPOS="1509"
                          CONTENT="sed"/>
                  <SP HEIGHT="71" WIDTH="15" VPOS="1181" HPOS="1612"/>
                  <String HEIGHT="71"
                          WIDTH="162"
                          VPOS="1181"
                          HPOS="1568"
                          CONTENT="primum:"/>
                  <SP HEIGHT="71" WIDTH="15" VPOS="1181" HPOS="1730"/>
                  <String HEIGHT="71"
                          WIDTH="103"
                          VPOS="1181"
                          HPOS="1686"
                          CONTENT="ita"/>
                  <SP HEIGHT="71" WIDTH="15" VPOS="1181" HPOS="1789"/>
                  <String HEIGHT="71"
                          WIDTH="118"
                          VPOS="1181"
                          HPOS="1745"
                          CONTENT="quod"/>
                  <SP HEIGHT="71" WIDTH="15" VPOS="1181" HPOS="1862"/>
                  <String HEIGHT="71"
                          WIDTH="118"
                          VPOS="1181"
                          HPOS="1818"
                          CONTENT="idem"/>
                  <SP HEIGHT="71" WIDTH="15" VPOS="1181" HPOS="1936"/>
                  <String HEIGHT="71"
                          WIDTH="162"
                          VPOS="1181"
                          HPOS="1892"
                          CONTENT="penitus"/>
                  <SP HEIGHT="71" WIDTH="15" VPOS="1181" HPOS="2054"/>
                  <String HEIGHT="71"
                          WIDTH="221"
                          VPOS="1181"
                          HPOS="2010"
                          CONTENT="substantiae"/>
                  <SP HEIGHT="71" WIDTH="15" VPOS="1181" HPOS="2231"/>
                  <String HEIGHT="71"
                          WIDTH="103"
                          VPOS="1181"
                          HPOS="2172"
                          CONTENT="parti"/>
               </TextLine>
               <TextLine ID="r1l19"
                         BASELINE="1290"
                         HEIGHT="54"
                         WIDTH="1776"
                         VPOS="1236"
                         HPOS="501">
                  <String HEIGHT="54"
                          WIDTH="161"
                          VPOS="1236"
                          HPOS="486"
                          CONTENT="cularis"/>
                  <SP HEIGHT="54" WIDTH="15" VPOS="1236" HPOS="648"/>
                  <String HEIGHT="54"
                          WIDTH="117"
                          VPOS="1236"
                          HPOS="604"
                          CONTENT="quod"/>
                  <SP HEIGHT="54" WIDTH="15" VPOS="1236" HPOS="721"/>
                  <String HEIGHT="54"
                          WIDTH="103"
                          VPOS="1236"
                          HPOS="677"
                          CONTENT="est"/>
                  <SP HEIGHT="54" WIDTH="15" VPOS="1236" HPOS="780"/>
                  <String HEIGHT="54"
                          WIDTH="176"
                          VPOS="1236"
                          HPOS="736"
                          CONTENT="obiectum"/>
                  <SP HEIGHT="54" WIDTH="15" VPOS="1236" HPOS="912"/>
                  <String HEIGHT="54"
                          WIDTH="147"
                          VPOS="1236"
                          HPOS="868"
                          CONTENT="sensus"/>
                  <SP HEIGHT="54" WIDTH="15" VPOS="1236" HPOS="1015"/>
                  <String HEIGHT="54"
                          WIDTH="235"
                          VPOS="1236"
                          HPOS="971"
                          CONTENT="particularis"/>
                  <SP HEIGHT="54" WIDTH="15" VPOS="1236" HPOS="1206"/>
                  <String HEIGHT="54" WIDTH="88" VPOS="1236" HPOS="1161" CONTENT="ad"/>
                  <SP HEIGHT="54" WIDTH="15" VPOS="1236" HPOS="1250"/>
                  <String HEIGHT="54"
                          WIDTH="117"
                          VPOS="1236"
                          HPOS="1206"
                          CONTENT="eius"/>
                  <SP HEIGHT="54" WIDTH="15" VPOS="1236" HPOS="1323"/>
                  <String HEIGHT="54"
                          WIDTH="235"
                          VPOS="1236"
                          HPOS="1279"
                          CONTENT="praesentiam,"/>
                  <SP HEIGHT="54" WIDTH="15" VPOS="1236" HPOS="1514"/>
                  <String HEIGHT="54"
                          WIDTH="103"
                          VPOS="1236"
                          HPOS="1470"
                          CONTENT="est"/>
                  <SP HEIGHT="54" WIDTH="15" VPOS="1236" HPOS="1572"/>
                  <String HEIGHT="54"
                          WIDTH="176"
                          VPOS="1236"
                          HPOS="1528"
                          CONTENT="obiectum"/>
                  <SP HEIGHT="54" WIDTH="15" VPOS="1236" HPOS="1705"/>
                  <String HEIGHT="54"
                          WIDTH="235"
                          VPOS="1236"
                          HPOS="1661"
                          CONTENT="imaginatiuae"/>
                  <SP HEIGHT="54" WIDTH="15" VPOS="1236" HPOS="1895"/>
                  <String HEIGHT="54" WIDTH="88" VPOS="1236" HPOS="1851" CONTENT="ad"/>
                  <SP HEIGHT="54" WIDTH="15" VPOS="1236" HPOS="1939"/>
                  <String HEIGHT="54"
                          WIDTH="117"
                          VPOS="1236"
                          HPOS="1895"
                          CONTENT="eius"/>
                  <SP HEIGHT="54" WIDTH="15" VPOS="1236" HPOS="2013"/>
                  <String HEIGHT="54"
                          WIDTH="205"
                          VPOS="1236"
                          HPOS="1969"
                          CONTENT="absentiam:"/>
                  <SP HEIGHT="54" WIDTH="15" VPOS="1236" HPOS="2174"/>
                  <String HEIGHT="54"
                          WIDTH="132"
                          VPOS="1236"
                          HPOS="2130"
                          CONTENT="licet"/>
                  <SP HEIGHT="54" WIDTH="15" VPOS="1236" HPOS="2262"/>
                  <String HEIGHT="54"
                          WIDTH="73"
                          VPOS="1236"
                          HPOS="2204"
                          CONTENT="non"/>
               </TextLine>
               <TextLine ID="r1l20"
                         BASELINE="1363"
                         HEIGHT="70"
                         WIDTH="1772"
                         VPOS="1293"
                         HPOS="499">
                  <String HEIGHT="70"
                          WIDTH="112"
                          VPOS="1293"
                          HPOS="483"
                          CONTENT="sub"/>
                  <SP HEIGHT="70" WIDTH="16" VPOS="1293" HPOS="595"/>
                  <String HEIGHT="70"
                          WIDTH="144"
                          VPOS="1293"
                          HPOS="547"
                          CONTENT="eadem"/>
                  <SP HEIGHT="70" WIDTH="16" VPOS="1293" HPOS="691"/>
                  <String HEIGHT="70"
                          WIDTH="176"
                          VPOS="1293"
                          HPOS="643"
                          CONTENT="ratione"/>
                  <SP HEIGHT="70" WIDTH="16" VPOS="1293" HPOS="818"/>
                  <String HEIGHT="70"
                          WIDTH="319"
                          VPOS="1293"
                          HPOS="770"
                          CONTENT="particularitatis"/>
                  <SP HEIGHT="70" WIDTH="16" VPOS="1293" HPOS="1090"/>
                  <String HEIGHT="70" WIDTH="96" VPOS="1293" HPOS="1042" CONTENT="vt"/>
                  <SP HEIGHT="70" WIDTH="16" VPOS="1293" HPOS="1138"/>
                  <String HEIGHT="70"
                          WIDTH="144"
                          VPOS="1293"
                          HPOS="1090"
                          CONTENT="infra"/>
                  <SP HEIGHT="70" WIDTH="16" VPOS="1293" HPOS="1233"/>
                  <String HEIGHT="70"
                          WIDTH="192"
                          VPOS="1293"
                          HPOS="1185"
                          CONTENT="dicetur."/>
                  <SP HEIGHT="70" WIDTH="16" VPOS="1293" HPOS="1377"/>
                  <String HEIGHT="70" WIDTH="96" VPOS="1293" HPOS="1329" CONTENT="Et"/>
                  <SP HEIGHT="70" WIDTH="16" VPOS="1293" HPOS="1425"/>
                  <String HEIGHT="70" WIDTH="96" VPOS="1293" HPOS="1377" CONTENT="in"/>
                  <SP HEIGHT="70" WIDTH="16" VPOS="1293" HPOS="1473"/>
                  <String HEIGHT="70"
                          WIDTH="112"
                          VPOS="1293"
                          HPOS="1425"
                          CONTENT="hoc"/>
                  <SP HEIGHT="70" WIDTH="16" VPOS="1293" HPOS="1537"/>
                  <String HEIGHT="70"
                          WIDTH="223"
                          VPOS="1293"
                          HPOS="1489"
                          CONTENT="terminatur"/>
                  <SP HEIGHT="70" WIDTH="16" VPOS="1293" HPOS="1712"/>
                  <String HEIGHT="70"
                          WIDTH="128"
                          VPOS="1293"
                          HPOS="1664"
                          CONTENT="opus"/>
                  <SP HEIGHT="70" WIDTH="16" VPOS="1293" HPOS="1792"/>
                  <String HEIGHT="70"
                          WIDTH="192"
                          VPOS="1293"
                          HPOS="1744"
                          CONTENT="virtutis"/>
                  <SP HEIGHT="70" WIDTH="16" VPOS="1293" HPOS="1936"/>
                  <String HEIGHT="70"
                          WIDTH="271"
                          VPOS="1293"
                          HPOS="1888"
                          CONTENT="imaginatiuae:"/>
                  <SP HEIGHT="70" WIDTH="16" VPOS="1293" HPOS="2159"/>
                  <String HEIGHT="70"
                          WIDTH="112"
                          VPOS="1293"
                          HPOS="2111"
                          CONTENT="sub"/>
                  <SP HEIGHT="70" WIDTH="16" VPOS="1293" HPOS="2223"/>
                  <String HEIGHT="70"
                          WIDTH="112"
                          VPOS="1293"
                          HPOS="2159"
                          CONTENT="imagi"/>
               </TextLine>
               <TextLine ID="r1l21"
                         BASELINE="1401"
                         HEIGHT="53"
                         WIDTH="1776"
                         VPOS="1348"
                         HPOS="499">
                  <String HEIGHT="53"
                          WIDTH="169"
                          VPOS="1348"
                          HPOS="482"
                          CONTENT="natiua"/>
                  <SP HEIGHT="53" WIDTH="17" VPOS="1348" HPOS="651"/>
                  <String HEIGHT="53" WIDTH="85" VPOS="1348" HPOS="600" CONTENT="&amp;"/>
                  <SP HEIGHT="53" WIDTH="17" VPOS="1348" HPOS="685"/>
                  <String HEIGHT="53"
                          WIDTH="135"
                          VPOS="1348"
                          HPOS="634"
                          CONTENT="eius"/>
                  <SP HEIGHT="53" WIDTH="17" VPOS="1348" HPOS="770"/>
                  <String HEIGHT="53"
                          WIDTH="237"
                          VPOS="1348"
                          HPOS="719"
                          CONTENT="operatione"/>
                  <SP HEIGHT="53" WIDTH="17" VPOS="1348" HPOS="956"/>
                  <String HEIGHT="53"
                          WIDTH="304"
                          VPOS="1348"
                          HPOS="905"
                          CONTENT="comprehendendo"/>
                  <SP HEIGHT="53" WIDTH="17" VPOS="1348" HPOS="1209"/>
                  <String HEIGHT="53"
                          WIDTH="152"
                          VPOS="1348"
                          HPOS="1159"
                          CONTENT="omnes"/>
                  <SP HEIGHT="53" WIDTH="17" VPOS="1348" HPOS="1311"/>
                  <String HEIGHT="53"
                          WIDTH="152"
                          VPOS="1348"
                          HPOS="1260"
                          CONTENT="vires"/>
                  <SP HEIGHT="53" WIDTH="17" VPOS="1348" HPOS="1412"/>
                  <String HEIGHT="53"
                          WIDTH="237"
                          VPOS="1348"
                          HPOS="1362"
                          CONTENT="sensitiuas"/>
                  <SP HEIGHT="53" WIDTH="17" VPOS="1348" HPOS="1598"/>
                  <String HEIGHT="53"
                          WIDTH="237"
                          VPOS="1348"
                          HPOS="1548"
                          CONTENT="cognitiuas"/>
                  <SP HEIGHT="53" WIDTH="17" VPOS="1348" HPOS="1784"/>
                  <String HEIGHT="53" WIDTH="85" VPOS="1348" HPOS="1734" CONTENT="&amp;"/>
                  <SP HEIGHT="53" WIDTH="17" VPOS="1348" HPOS="1818"/>
                  <String HEIGHT="53"
                          WIDTH="135"
                          VPOS="1348"
                          HPOS="1768"
                          CONTENT="eius"/>
                  <SP HEIGHT="53" WIDTH="17" VPOS="1348" HPOS="1903"/>
                  <String HEIGHT="53"
                          WIDTH="271"
                          VPOS="1348"
                          HPOS="1852"
                          CONTENT="operationes."/>
                  <SP HEIGHT="53" WIDTH="17" VPOS="1348" HPOS="2123"/>
                  <String HEIGHT="53"
                          WIDTH="135"
                          VPOS="1348"
                          HPOS="2072"
                          CONTENT="POST"/>
                  <SP HEIGHT="53" WIDTH="17" VPOS="1348" HPOS="2207"/>
                  <String HEIGHT="53"
                          WIDTH="118"
                          VPOS="1348"
                          HPOS="2157"
                          CONTENT="hoc"/>
                  <SP HEIGHT="53" WIDTH="17" VPOS="1348" HPOS="2275"/>
                  <String HEIGHT="53" WIDTH="68" VPOS="1348" HPOS="2207" CONTENT="le"/>
               </TextLine>
               <TextLine ID="r1l22"
                         BASELINE="1474"
                         HEIGHT="76"
                         WIDTH="1778"
                         VPOS="1398"
                         HPOS="499">
                  <String HEIGHT="76"
                          WIDTH="151"
                          VPOS="1398"
                          HPOS="484"
                          CONTENT="quitur"/>
                  <SP HEIGHT="76" WIDTH="15" VPOS="1398" HPOS="635"/>
                  <String HEIGHT="76"
                          WIDTH="181"
                          VPOS="1398"
                          HPOS="589"
                          CONTENT="operatio"/>
                  <SP HEIGHT="76" WIDTH="15" VPOS="1398" HPOS="770"/>
                  <String HEIGHT="76"
                          WIDTH="226"
                          VPOS="1398"
                          HPOS="725"
                          CONTENT="intellectus"/>
                  <SP HEIGHT="76" WIDTH="15" VPOS="1398" HPOS="951"/>
                  <String HEIGHT="76"
                          WIDTH="166"
                          VPOS="1398"
                          HPOS="906"
                          CONTENT="agentis"/>
                  <SP HEIGHT="76" WIDTH="15" VPOS="1398" HPOS="1072"/>
                  <String HEIGHT="76" WIDTH="90" VPOS="1398" HPOS="1026" CONTENT="in"/>
                  <SP HEIGHT="76" WIDTH="15" VPOS="1398" HPOS="1117"/>
                  <String HEIGHT="76"
                          WIDTH="136"
                          VPOS="1398"
                          HPOS="1072"
                          CONTENT="nobis"/>
                  <SP HEIGHT="76" WIDTH="15" VPOS="1398" HPOS="1207"/>
                  <String HEIGHT="76"
                          WIDTH="136"
                          VPOS="1398"
                          HPOS="1162"
                          CONTENT="circa"/>
                  <SP HEIGHT="76" WIDTH="15" VPOS="1398" HPOS="1298"/>
                  <String HEIGHT="76"
                          WIDTH="241"
                          VPOS="1398"
                          HPOS="1252"
                          CONTENT="phantasmata,"/>
                  <SP HEIGHT="76" WIDTH="15" VPOS="1398" HPOS="1493"/>
                  <String HEIGHT="76"
                          WIDTH="105"
                          VPOS="1398"
                          HPOS="1448"
                          CONTENT="hoc"/>
                  <SP HEIGHT="76" WIDTH="15" VPOS="1398" HPOS="1554"/>
                  <String HEIGHT="76"
                          WIDTH="105"
                          VPOS="1398"
                          HPOS="1509"
                          CONTENT="est"/>
                  <SP HEIGHT="76" WIDTH="15" VPOS="1398" HPOS="1614"/>
                  <String HEIGHT="76"
                          WIDTH="105"
                          VPOS="1398"
                          HPOS="1569"
                          CONTENT="non"/>
                  <SP HEIGHT="76" WIDTH="15" VPOS="1398" HPOS="1674"/>
                  <String HEIGHT="76"
                          WIDTH="136"
                          VPOS="1398"
                          HPOS="1629"
                          CONTENT="circa"/>
                  <SP HEIGHT="76" WIDTH="15" VPOS="1398" HPOS="1765"/>
                  <String HEIGHT="76"
                          WIDTH="166"
                          VPOS="1398"
                          HPOS="1719"
                          CONTENT="species"/>
                  <SP HEIGHT="76" WIDTH="15" VPOS="1398" HPOS="1885"/>
                  <String HEIGHT="76"
                          WIDTH="196"
                          VPOS="1398"
                          HPOS="1840"
                          CONTENT="impressas"/>
                  <SP HEIGHT="76" WIDTH="15" VPOS="1398" HPOS="2036"/>
                  <String HEIGHT="76" WIDTH="90" VPOS="1398" HPOS="1991" CONTENT="in"/>
                  <SP HEIGHT="76" WIDTH="15" VPOS="1398" HPOS="2081"/>
                  <String HEIGHT="76"
                          WIDTH="226"
                          VPOS="1398"
                          HPOS="2036"
                          CONTENT="menmoratiua"/>
                  <SP HEIGHT="76" WIDTH="15" VPOS="1398" HPOS="2262"/>
                  <String HEIGHT="76"
                          WIDTH="75"
                          VPOS="1398"
                          HPOS="2202"
                          CONTENT="vel"/>
               </TextLine>
               <TextLine ID="r1l23"
                         BASELINE="1530"
                         HEIGHT="69"
                         WIDTH="1783"
                         VPOS="1461"
                         HPOS="499">
                  <String HEIGHT="69"
                          WIDTH="248"
                          VPOS="1461"
                          HPOS="483"
                          CONTENT="imaginatiua:"/>
                  <SP HEIGHT="69" WIDTH="16" VPOS="1461" HPOS="732"/>
                  <String HEIGHT="69"
                          WIDTH="109"
                          VPOS="1461"
                          HPOS="685"
                          CONTENT="sed"/>
                  <SP HEIGHT="69" WIDTH="16" VPOS="1461" HPOS="794"/>
                  <String HEIGHT="69"
                          WIDTH="140"
                          VPOS="1461"
                          HPOS="747"
                          CONTENT="circa"/>
                  <SP HEIGHT="69" WIDTH="16" VPOS="1461" HPOS="887"/>
                  <String HEIGHT="69"
                          WIDTH="186"
                          VPOS="1461"
                          HPOS="840"
                          CONTENT="obiectum"/>
                  <SP HEIGHT="69" WIDTH="16" VPOS="1461" HPOS="1026"/>
                  <String HEIGHT="69"
                          WIDTH="233"
                          VPOS="1461"
                          HPOS="980"
                          CONTENT="particulare"/>
                  <SP HEIGHT="69" WIDTH="16" VPOS="1461" HPOS="1212"/>
                  <String HEIGHT="69"
                          WIDTH="217"
                          VPOS="1461"
                          HPOS="1166"
                          CONTENT="imaginatum"/>
                  <SP HEIGHT="69" WIDTH="16" VPOS="1461" HPOS="1383"/>
                  <String HEIGHT="69"
                          WIDTH="155"
                          VPOS="1461"
                          HPOS="1336"
                          CONTENT="intra,"/>
                  <SP HEIGHT="69" WIDTH="16" VPOS="1461" HPOS="1491"/>
                  <String HEIGHT="69"
                          WIDTH="124"
                          VPOS="1461"
                          HPOS="1445"
                          CONTENT="quid"/>
                  <SP HEIGHT="69" WIDTH="16" VPOS="1461" HPOS="1569"/>
                  <String HEIGHT="69"
                          WIDTH="140"
                          VPOS="1461"
                          HPOS="1522"
                          CONTENT="prius"/>
                  <SP HEIGHT="69" WIDTH="16" VPOS="1461" HPOS="1662"/>
                  <String HEIGHT="69"
                          WIDTH="233"
                          VPOS="1461"
                          HPOS="1615"
                          CONTENT="sentiebatur"/>
                  <SP HEIGHT="69" WIDTH="16" VPOS="1461" HPOS="1848"/>
                  <String HEIGHT="69"
                          WIDTH="155"
                          VPOS="1461"
                          HPOS="1801"
                          CONTENT="extra."/>
                  <SP HEIGHT="69" WIDTH="16" VPOS="1461" HPOS="1956"/>
                  <String HEIGHT="69"
                          WIDTH="186"
                          VPOS="1461"
                          HPOS="1910"
                          CONTENT="secundum"/>
                  <SP HEIGHT="69" WIDTH="16" VPOS="1461" HPOS="2096"/>
                  <String HEIGHT="69"
                          WIDTH="124"
                          VPOS="1461"
                          HPOS="2049"
                          CONTENT="quod"/>
                  <SP HEIGHT="69" WIDTH="16" VPOS="1461" HPOS="2173"/>
                  <String HEIGHT="69"
                          WIDTH="140"
                          VPOS="1461"
                          HPOS="2127"
                          CONTENT="dicit"/>
                  <SP HEIGHT="69" WIDTH="16" VPOS="1461" HPOS="2266"/>
                  <String HEIGHT="69"
                          WIDTH="78"
                          VPOS="1461"
                          HPOS="2204"
                          CONTENT="com"/>
               </TextLine>
               <TextLine ID="r1l24"
                         BASELINE="1583"
                         HEIGHT="63"
                         WIDTH="1772"
                         VPOS="1520"
                         HPOS="503">
                  <String HEIGHT="63"
                          WIDTH="174"
                          VPOS="1520"
                          HPOS="488"
                          CONTENT="mentator"/>
                  <SP HEIGHT="63" WIDTH="15" VPOS="1520" HPOS="663"/>
                  <String HEIGHT="63"
                          WIDTH="116"
                          VPOS="1520"
                          HPOS="619"
                          CONTENT="supe"/>
                  <SP HEIGHT="63" WIDTH="15" VPOS="1520" HPOS="735"/>
                  <String HEIGHT="63"
                          WIDTH="160"
                          VPOS="1520"
                          HPOS="692"
                          CONTENT="tertium"/>
                  <SP HEIGHT="63" WIDTH="15" VPOS="1520" HPOS="852"/>
                  <String HEIGHT="63" WIDTH="87" VPOS="1520" HPOS="808" CONTENT="de"/>
                  <SP HEIGHT="63" WIDTH="15" VPOS="1520" HPOS="895"/>
                  <String HEIGHT="63"
                          WIDTH="145"
                          VPOS="1520"
                          HPOS="852"
                          CONTENT="anima."/>
                  <SP HEIGHT="63" WIDTH="15" VPOS="1520" HPOS="997"/>
                  <String HEIGHT="63"
                          WIDTH="116"
                          VPOS="1520"
                          HPOS="953"
                          CONTENT="ltem"/>
                  <SP HEIGHT="63" WIDTH="15" VPOS="1520" HPOS="1069"/>
                  <String HEIGHT="63"
                          WIDTH="174"
                          VPOS="1520"
                          HPOS="1026"
                          CONTENT="intentio"/>
                  <SP HEIGHT="63" WIDTH="15" VPOS="1520" HPOS="1200"/>
                  <String HEIGHT="63"
                          WIDTH="232"
                          VPOS="1520"
                          HPOS="1157"
                          CONTENT="intellectiua"/>
                  <SP HEIGHT="63" WIDTH="15" VPOS="1520" HPOS="1389"/>
                  <String HEIGHT="63"
                          WIDTH="102"
                          VPOS="1520"
                          HPOS="1345"
                          CONTENT="est"/>
                  <SP HEIGHT="63" WIDTH="15" VPOS="1520" HPOS="1447"/>
                  <String HEIGHT="63"
                          WIDTH="131"
                          VPOS="1520"
                          HPOS="1404"
                          CONTENT="eadem"/>
                  <SP HEIGHT="63" WIDTH="15" VPOS="1520" HPOS="1534"/>
                  <String HEIGHT="63"
                          WIDTH="102"
                          VPOS="1520"
                          HPOS="1491"
                          CONTENT="cum"/>
                  <SP HEIGHT="63" WIDTH="15" VPOS="1520" HPOS="1592"/>
                  <String HEIGHT="63" WIDTH="87" VPOS="1520" HPOS="1549" CONTENT="re"/>
                  <SP HEIGHT="63" WIDTH="15" VPOS="1520" HPOS="1636"/>
                  <String HEIGHT="63"
                          WIDTH="116"
                          VPOS="1520"
                          HPOS="1592"
                          CONTENT="quam"/>
                  <SP HEIGHT="63" WIDTH="15" VPOS="1520" HPOS="1709"/>
                  <String HEIGHT="63"
                          WIDTH="145"
                          VPOS="1520"
                          HPOS="1665"
                          CONTENT="sensus"/>
                  <SP HEIGHT="63" WIDTH="15" VPOS="1520" HPOS="1810"/>
                  <String HEIGHT="63"
                          WIDTH="189"
                          VPOS="1520"
                          HPOS="1767"
                          CONTENT="apphendit"/>
                  <SP HEIGHT="63" WIDTH="15" VPOS="1520" HPOS="1955"/>
                  <String HEIGHT="63" WIDTH="87" VPOS="1520" HPOS="1912" CONTENT="in"/>
                  <SP HEIGHT="63" WIDTH="15" VPOS="1520" HPOS="1999"/>
                  <String HEIGHT="63"
                          WIDTH="203"
                          VPOS="1520"
                          HPOS="1955"
                          CONTENT="sentiendo,"/>
                  <SP HEIGHT="63" WIDTH="15" VPOS="1520" HPOS="2159"/>
                  <String HEIGHT="63"
                          WIDTH="131"
                          VPOS="1520"
                          HPOS="2115"
                          CONTENT="licet"/>
                  <SP HEIGHT="63" WIDTH="15" VPOS="1520" HPOS="2246"/>
                  <String HEIGHT="63"
                          WIDTH="87"
                          VPOS="1520"
                          HPOS="2188"
                          CONTENT="alio"/>
               </TextLine>
               <TextLine ID="r1l25"
                         BASELINE="1642"
                         HEIGHT="72"
                         WIDTH="1790"
                         VPOS="1570"
                         HPOS="487">
                  <String HEIGHT="72"
                          WIDTH="149"
                          VPOS="1570"
                          HPOS="470"
                          CONTENT="modo:"/>
                  <SP HEIGHT="72" WIDTH="17" VPOS="1570" HPOS="620"/>
                  <String HEIGHT="72"
                          WIDTH="182"
                          VPOS="1570"
                          HPOS="570"
                          CONTENT="quoniam"/>
                  <SP HEIGHT="72" WIDTH="17" VPOS="1570" HPOS="752"/>
                  <String HEIGHT="72"
                          WIDTH="166"
                          VPOS="1570"
                          HPOS="702"
                          CONTENT="sensus"/>
                  <SP HEIGHT="72" WIDTH="17" VPOS="1570" HPOS="868"/>
                  <String HEIGHT="72"
                          WIDTH="116"
                          VPOS="1570"
                          HPOS="818"
                          CONTENT="eam"/>
                  <SP HEIGHT="72" WIDTH="17" VPOS="1570" HPOS="935"/>
                  <String HEIGHT="72"
                          WIDTH="249"
                          VPOS="1570"
                          HPOS="885"
                          CONTENT="apprehendit"/>
                  <SP HEIGHT="72" WIDTH="17" VPOS="1570" HPOS="1133"/>
                  <String HEIGHT="72"
                          WIDTH="116"
                          VPOS="1570"
                          HPOS="1084"
                          CONTENT="sub"/>
                  <SP HEIGHT="72" WIDTH="17" VPOS="1570" HPOS="1200"/>
                  <String HEIGHT="72"
                          WIDTH="182"
                          VPOS="1570"
                          HPOS="1150"
                          CONTENT="ratione"/>
                  <SP HEIGHT="72" WIDTH="17" VPOS="1570" HPOS="1332"/>
                  <String HEIGHT="72"
                          WIDTH="298"
                          VPOS="1570"
                          HPOS="1283"
                          CONTENT="singularitatis"/>
                  <SP HEIGHT="72" WIDTH="17" VPOS="1570" HPOS="1581"/>
                  <String HEIGHT="72"
                          WIDTH="116"
                          VPOS="1570"
                          HPOS="1531"
                          CONTENT="qua"/>
                  <SP HEIGHT="72" WIDTH="17" VPOS="1570" HPOS="1647"/>
                  <String HEIGHT="72"
                          WIDTH="116"
                          VPOS="1570"
                          HPOS="1597"
                          CONTENT="est"/>
                  <SP HEIGHT="72" WIDTH="17" VPOS="1570" HPOS="1713"/>
                  <String HEIGHT="72" WIDTH="99" VPOS="1570" HPOS="1664" CONTENT="in"/>
                  <SP HEIGHT="72" WIDTH="17" VPOS="1570" HPOS="1763"/>
                  <String HEIGHT="72"
                          WIDTH="116"
                          VPOS="1570"
                          HPOS="1713"
                          CONTENT="re:"/>
                  <SP HEIGHT="72" WIDTH="17" VPOS="1570" HPOS="1830"/>
                  <String HEIGHT="72" WIDTH="83" VPOS="1570" HPOS="1780" CONTENT="&amp;"/>
                  <SP HEIGHT="72" WIDTH="17" VPOS="1570" HPOS="1863"/>
                  <String HEIGHT="72"
                          WIDTH="199"
                          VPOS="1570"
                          HPOS="1813"
                          CONTENT="secundum"/>
                  <SP HEIGHT="72" WIDTH="17" VPOS="1570" HPOS="2012"/>
                  <String HEIGHT="72"
                          WIDTH="116"
                          VPOS="1570"
                          HPOS="1962"
                          CONTENT="eam"/>
                  <SP HEIGHT="72" WIDTH="17" VPOS="1570" HPOS="2078"/>
                  <String HEIGHT="72"
                          WIDTH="116"
                          VPOS="1570"
                          HPOS="2028"
                          CONTENT="res"/>
                  <SP HEIGHT="72" WIDTH="17" VPOS="1570" HPOS="2144"/>
                  <String HEIGHT="72"
                          WIDTH="133"
                          VPOS="1570"
                          HPOS="2095"
                          CONTENT="ipsa"/>
                  <SP HEIGHT="72" WIDTH="17" VPOS="1570" HPOS="2227"/>
                  <String HEIGHT="72"
                          WIDTH="116"
                          VPOS="1570"
                          HPOS="2161"
                          CONTENT="mouet"/>
               </TextLine>
               <TextLine ID="r1l26"
                         BASELINE="1688"
                         HEIGHT="66"
                         WIDTH="1783"
                         VPOS="1622"
                         HPOS="496">
                  <String HEIGHT="66"
                          WIDTH="182"
                          VPOS="1622"
                          HPOS="479"
                          CONTENT="sensum:"/>
                  <SP HEIGHT="66" WIDTH="17" VPOS="1622" HPOS="661"/>
                  <String HEIGHT="66"
                          WIDTH="116"
                          VPOS="1622"
                          HPOS="612"
                          CONTENT="non"/>
                  <SP HEIGHT="66" WIDTH="17" VPOS="1622" HPOS="727"/>
                  <String HEIGHT="66"
                          WIDTH="116"
                          VPOS="1622"
                          HPOS="678"
                          CONTENT="sic"/>
                  <SP HEIGHT="66" WIDTH="17" VPOS="1622" HPOS="793"/>
                  <String HEIGHT="66"
                          WIDTH="149"
                          VPOS="1622"
                          HPOS="744"
                          CONTENT="autem"/>
                  <SP HEIGHT="66" WIDTH="17" VPOS="1622" HPOS="892"/>
                  <String HEIGHT="66"
                          WIDTH="264"
                          VPOS="1622"
                          HPOS="843"
                          CONTENT="intellectum:"/>
                  <SP HEIGHT="66" WIDTH="17" VPOS="1622" HPOS="1107"/>
                  <String HEIGHT="66"
                          WIDTH="132"
                          VPOS="1622"
                          HPOS="1057"
                          CONTENT="quia"/>
                  <SP HEIGHT="66" WIDTH="17" VPOS="1622" HPOS="1189"/>
                  <String HEIGHT="66"
                          WIDTH="149"
                          VPOS="1622"
                          HPOS="1140"
                          CONTENT="neque"/>
                  <SP HEIGHT="66" WIDTH="17" VPOS="1622" HPOS="1288"/>
                  <String HEIGHT="66"
                          WIDTH="116"
                          VPOS="1622"
                          HPOS="1239"
                          CONTENT="sub"/>
                  <SP HEIGHT="66" WIDTH="17" VPOS="1622" HPOS="1354"/>
                  <String HEIGHT="66" WIDTH="99" VPOS="1622" HPOS="1305" CONTENT="ea"/>
                  <SP HEIGHT="66" WIDTH="17" VPOS="1622" HPOS="1404"/>
                  <String HEIGHT="66"
                          WIDTH="182"
                          VPOS="1622"
                          HPOS="1354"
                          CONTENT="ratione"/>
                  <SP HEIGHT="66" WIDTH="17" VPOS="1622" HPOS="1536"/>
                  <String HEIGHT="66"
                          WIDTH="297"
                          VPOS="1622"
                          HPOS="1487"
                          CONTENT="singularitatis"/>
                  <SP HEIGHT="66" WIDTH="17" VPOS="1622" HPOS="1784"/>
                  <String HEIGHT="66"
                          WIDTH="116"
                          VPOS="1622"
                          HPOS="1734"
                          CONTENT="qua"/>
                  <SP HEIGHT="66" WIDTH="17" VPOS="1622" HPOS="1850"/>
                  <String HEIGHT="66"
                          WIDTH="116"
                          VPOS="1622"
                          HPOS="1800"
                          CONTENT="est"/>
                  <SP HEIGHT="66" WIDTH="17" VPOS="1622" HPOS="1916"/>
                  <String HEIGHT="66" WIDTH="99" VPOS="1622" HPOS="1866" CONTENT="in"/>
                  <SP HEIGHT="66" WIDTH="17" VPOS="1622" HPOS="1965"/>
                  <String HEIGHT="66" WIDTH="99" VPOS="1622" HPOS="1916" CONTENT="re"/>
                  <SP HEIGHT="66" WIDTH="17" VPOS="1622" HPOS="2015"/>
                  <String HEIGHT="66"
                          WIDTH="149"
                          VPOS="1622"
                          HPOS="1965"
                          CONTENT="extra"/>
                  <SP HEIGHT="66" WIDTH="17" VPOS="1622" HPOS="2114"/>
                  <String HEIGHT="66" WIDTH="83" VPOS="1622" HPOS="2064" CONTENT="&amp;"/>
                  <SP HEIGHT="66" WIDTH="17" VPOS="1622" HPOS="2147"/>
                  <String HEIGHT="66"
                          WIDTH="198"
                          VPOS="1622"
                          HPOS="2081"
                          CONTENT="apprehensa"/>
               </TextLine>
               <TextLine ID="r1l27"
                         BASELINE="1752"
                         HEIGHT="74"
                         WIDTH="1788"
                         VPOS="1678"
                         HPOS="488">
                  <String HEIGHT="74" WIDTH="84" VPOS="1678" HPOS="471" CONTENT="a"/>
                  <SP HEIGHT="74" WIDTH="17" VPOS="1678" HPOS="555"/>
                  <String HEIGHT="74"
                          WIDTH="150"
                          VPOS="1678"
                          HPOS="505"
                          CONTENT="sensu"/>
                  <SP HEIGHT="74" WIDTH="17" VPOS="1678" HPOS="655"/>
                  <String HEIGHT="74"
                          WIDTH="117"
                          VPOS="1678"
                          HPOS="605"
                          CONTENT="aut"/>
                  <SP HEIGHT="74" WIDTH="17" VPOS="1678" HPOS="722"/>
                  <String HEIGHT="74"
                          WIDTH="267"
                          VPOS="1678"
                          HPOS="672"
                          CONTENT="imaginatione"/>
                  <SP HEIGHT="74" WIDTH="17" VPOS="1678" HPOS="939"/>
                  <String HEIGHT="74"
                          WIDTH="150"
                          VPOS="1678"
                          HPOS="889"
                          CONTENT="primo"/>
                  <SP HEIGHT="74" WIDTH="17" VPOS="1678" HPOS="1039"/>
                  <String HEIGHT="74" WIDTH="84" VPOS="1678" HPOS="989" CONTENT="&amp;"/>
                  <SP HEIGHT="74" WIDTH="17" VPOS="1678" HPOS="1073"/>
                  <String HEIGHT="74"
                          WIDTH="117"
                          VPOS="1678"
                          HPOS="1023"
                          CONTENT="per"/>
                  <SP HEIGHT="74" WIDTH="17" VPOS="1678" HPOS="1140"/>
                  <String HEIGHT="74"
                          WIDTH="100"
                          VPOS="1678"
                          HPOS="1090"
                          CONTENT="se"/>
                  <SP HEIGHT="74" WIDTH="17" VPOS="1678" HPOS="1190"/>
                  <String HEIGHT="74"
                          WIDTH="150"
                          VPOS="1678"
                          HPOS="1140"
                          CONTENT="mouet"/>
                  <SP HEIGHT="74" WIDTH="17" VPOS="1678" HPOS="1290"/>
                  <String HEIGHT="74"
                          WIDTH="267"
                          VPOS="1678"
                          HPOS="1240"
                          CONTENT="intellectum:"/>
                  <SP HEIGHT="74" WIDTH="17" VPOS="1678" HPOS="1507"/>
                  <String HEIGHT="74"
                          WIDTH="150"
                          VPOS="1678"
                          HPOS="1457"
                          CONTENT="neque"/>
                  <SP HEIGHT="74" WIDTH="17" VPOS="1678" HPOS="1608"/>
                  <String HEIGHT="74"
                          WIDTH="284"
                          VPOS="1678"
                          HPOS="1557"
                          CONTENT="apprehenditur"/>
                  <SP HEIGHT="74" WIDTH="17" VPOS="1678" HPOS="1842"/>
                  <String HEIGHT="74"
                          WIDTH="100"
                          VPOS="1678"
                          HPOS="1791"
                          CONTENT="ab"/>
                  <SP HEIGHT="74" WIDTH="17" VPOS="1678" HPOS="1892"/>
                  <String HEIGHT="74"
                          WIDTH="251"
                          VPOS="1678"
                          HPOS="1842"
                          CONTENT="intellectu."/>
                  <SP HEIGHT="74" WIDTH="17" VPOS="1678" HPOS="2092"/>
                  <String HEIGHT="74"
                          WIDTH="184"
                          VPOS="1678"
                          HPOS="2042"
                          CONTENT="Propter"/>
                  <SP HEIGHT="74" WIDTH="17" VPOS="1678" HPOS="2226"/>
                  <String HEIGHT="74"
                          WIDTH="134"
                          VPOS="1678"
                          HPOS="2176"
                          CONTENT="quod"/>
                  <SP HEIGHT="74" WIDTH="17" VPOS="1678" HPOS="2309"/>
                  <String HEIGHT="74" WIDTH="33" VPOS="1678" HPOS="2243" CONTENT=""/>
               </TextLine>
               <TextLine ID="r1l28"
                         BASELINE="1802"
                         HEIGHT="64"
                         WIDTH="1786"
                         VPOS="1738"
                         HPOS="493">
                  <String HEIGHT="64"
                          WIDTH="142"
                          VPOS="1738"
                          HPOS="477"
                          CONTENT="licet"/>
                  <SP HEIGHT="64" WIDTH="16" VPOS="1738" HPOS="619"/>
                  <String HEIGHT="64"
                          WIDTH="190"
                          VPOS="1738"
                          HPOS="572"
                          CONTENT="secundum"/>
                  <SP HEIGHT="64" WIDTH="16" VPOS="1738" HPOS="762"/>
                  <String HEIGHT="64"
                          WIDTH="237"
                          VPOS="1738"
                          HPOS="714"
                          CONTENT="philosophum"/>
                  <SP HEIGHT="64" WIDTH="16" VPOS="1738" HPOS="951"/>
                  <String HEIGHT="64"
                          WIDTH="237"
                          VPOS="1738"
                          HPOS="904"
                          CONTENT="phantasmata"/>
                  <SP HEIGHT="64" WIDTH="16" VPOS="1738" HPOS="1141"/>
                  <String HEIGHT="64" WIDTH="95" VPOS="1738" HPOS="1094" CONTENT="se"/>
                  <SP HEIGHT="64" WIDTH="16" VPOS="1738" HPOS="1188"/>
                  <String HEIGHT="64"
                          WIDTH="158"
                          VPOS="1738"
                          HPOS="1141"
                          CONTENT="habent"/>
                  <SP HEIGHT="64" WIDTH="16" VPOS="1738" HPOS="1299"/>
                  <String HEIGHT="64" WIDTH="95" VPOS="1738" HPOS="1252" CONTENT="ad"/>
                  <SP HEIGHT="64" WIDTH="16" VPOS="1738" HPOS="1346"/>
                  <String HEIGHT="64"
                          WIDTH="237"
                          VPOS="1738"
                          HPOS="1299"
                          CONTENT="intellectum"/>
                  <SP HEIGHT="64" WIDTH="16" VPOS="1738" HPOS="1536"/>
                  <String HEIGHT="64"
                          WIDTH="142"
                          VPOS="1738"
                          HPOS="1489"
                          CONTENT="sicut"/>
                  <SP HEIGHT="64" WIDTH="16" VPOS="1738" HPOS="1631"/>
                  <String HEIGHT="64"
                          WIDTH="221"
                          VPOS="1738"
                          HPOS="1584"
                          CONTENT="sensibilia"/>
                  <SP HEIGHT="64" WIDTH="16" VPOS="1738" HPOS="1805"/>
                  <String HEIGHT="64" WIDTH="95" VPOS="1738" HPOS="1757" CONTENT="ad"/>
                  <SP HEIGHT="64" WIDTH="16" VPOS="1738" HPOS="1852"/>
                  <String HEIGHT="64"
                          WIDTH="174"
                          VPOS="1738"
                          HPOS="1805"
                          CONTENT="sensum:"/>
                  <SP HEIGHT="64" WIDTH="16" VPOS="1738" HPOS="1979"/>
                  <String HEIGHT="64"
                          WIDTH="111"
                          VPOS="1738"
                          HPOS="1931"
                          CONTENT="non"/>
                  <SP HEIGHT="64" WIDTH="16" VPOS="1738" HPOS="2042"/>
                  <String HEIGHT="64"
                          WIDTH="142"
                          VPOS="1738"
                          HPOS="1995"
                          CONTENT="tamen"/>
                  <SP HEIGHT="64" WIDTH="16" VPOS="1738" HPOS="2137"/>
                  <String HEIGHT="64"
                          WIDTH="158"
                          VPOS="1738"
                          HPOS="2089"
                          CONTENT="omnino"/>
                  <SP HEIGHT="64" WIDTH="16" VPOS="1738" HPOS="2247"/>
                  <String HEIGHT="64"
                          WIDTH="95"
                          VPOS="1738"
                          HPOS="2184"
                          CONTENT="sic."/>
               </TextLine>
               <TextLine ID="r1l29"
                         BASELINE="1858"
                         HEIGHT="69"
                         WIDTH="1769"
                         VPOS="1789"
                         HPOS="495">
                  <String HEIGHT="69"
                          WIDTH="175"
                          VPOS="1789"
                          HPOS="479"
                          CONTENT="quoniam"/>
                  <SP HEIGHT="69" WIDTH="16" VPOS="1789" HPOS="654"/>
                  <String HEIGHT="69"
                          WIDTH="239"
                          VPOS="1789"
                          HPOS="607"
                          CONTENT="phantasmata"/>
                  <SP HEIGHT="69" WIDTH="16" VPOS="1789" HPOS="846"/>
                  <String HEIGHT="69"
                          WIDTH="159"
                          VPOS="1789"
                          HPOS="798"
                          CONTENT="addunt"/>
                  <SP HEIGHT="69" WIDTH="16" VPOS="1789" HPOS="957"/>
                  <String HEIGHT="69"
                          WIDTH="112"
                          VPOS="1789"
                          HPOS="909"
                          CONTENT="hoc"/>
                  <SP HEIGHT="69" WIDTH="16" VPOS="1789" HPOS="1021"/>
                  <String HEIGHT="69"
                          WIDTH="143"
                          VPOS="1789"
                          HPOS="973"
                          CONTENT="super"/>
                  <SP HEIGHT="69" WIDTH="16" VPOS="1789" HPOS="1117"/>
                  <String HEIGHT="69"
                          WIDTH="239"
                          VPOS="1789"
                          HPOS="1069"
                          CONTENT="sensibilia,"/>
                  <SP HEIGHT="69" WIDTH="16" VPOS="1789" HPOS="1308"/>
                  <String HEIGHT="69"
                          WIDTH="127"
                          VPOS="1789"
                          HPOS="1260"
                          CONTENT="quod"/>
                  <SP HEIGHT="69" WIDTH="16" VPOS="1789" HPOS="1387"/>
                  <String HEIGHT="69"
                          WIDTH="223"
                          VPOS="1789"
                          HPOS="1340"
                          CONTENT="sensibilia"/>
                  <SP HEIGHT="69" WIDTH="16" VPOS="1789" HPOS="1563"/>
                  <String HEIGHT="69"
                          WIDTH="143"
                          VPOS="1789"
                          HPOS="1515"
                          CONTENT="extra"/>
                  <SP HEIGHT="69" WIDTH="16" VPOS="1789" HPOS="1658"/>
                  <String HEIGHT="69"
                          WIDTH="223"
                          VPOS="1789"
                          HPOS="1611"
                          CONTENT="apprehensa"/>
                  <SP HEIGHT="69" WIDTH="16" VPOS="1789" HPOS="1834"/>
                  <String HEIGHT="69" WIDTH="80" VPOS="1789" HPOS="1786" CONTENT="a"/>
                  <SP HEIGHT="69" WIDTH="16" VPOS="1789" HPOS="1866"/>
                  <String HEIGHT="69"
                          WIDTH="143"
                          VPOS="1789"
                          HPOS="1818"
                          CONTENT="sensu"/>
                  <SP HEIGHT="69" WIDTH="16" VPOS="1789" HPOS="1961"/>
                  <String HEIGHT="69"
                          WIDTH="127"
                          VPOS="1789"
                          HPOS="1913"
                          CONTENT="sunt"/>
                  <SP HEIGHT="69" WIDTH="16" VPOS="1789" HPOS="2041"/>
                  <String HEIGHT="69" WIDTH="96" VPOS="1789" HPOS="1993" CONTENT="in"/>
                  <SP HEIGHT="69" WIDTH="16" VPOS="1789" HPOS="2089"/>
                  <String HEIGHT="69"
                          WIDTH="175"
                          VPOS="1789"
                          HPOS="2041"
                          CONTENT="materia"/>
                  <SP HEIGHT="69" WIDTH="16" VPOS="1789" HPOS="2216"/>
                  <String HEIGHT="69" WIDTH="80" VPOS="1789" HPOS="2168" CONTENT="&amp;"/>
                  <SP HEIGHT="69" WIDTH="16" VPOS="1789" HPOS="2248"/>
                  <String HEIGHT="69"
                          WIDTH="80"
                          VPOS="1789"
                          HPOS="2184"
                          CONTENT="ma"
                          SUBS_TYPE="HypPart1"
                          SUBS_CONTENT="materialia:"/>
                  <HYP CONTENT="-"/>
               </TextLine>
               <TextLine ID="r1l30"
                         BASELINE="1918"
                         HEIGHT="65"
                         WIDTH="1783"
                         VPOS="1853"
                         HPOS="493">
                  <String HEIGHT="65"
                          WIDTH="219"
                          VPOS="1853"
                          HPOS="476"
                          CONTENT="terialia:"
                          SUBS_TYPE="HypPart2"
                          SUBS_CONTENT="materialia:"/>
                  <SP HEIGHT="65" WIDTH="17" VPOS="1853" HPOS="695"/>
                  <String HEIGHT="65" WIDTH="84" VPOS="1853" HPOS="644" CONTENT="&amp;"/>
                  <SP HEIGHT="65" WIDTH="17" VPOS="1853" HPOS="728"/>
                  <String HEIGHT="65" WIDTH="101" VPOS="1853" HPOS="678" CONTENT="vt"/>
                  <SP HEIGHT="65" WIDTH="17" VPOS="1853" HPOS="779"/>
                  <String HEIGHT="65"
                          WIDTH="235"
                          VPOS="1853"
                          HPOS="728"
                          CONTENT="materialia"/>
                  <SP HEIGHT="65" WIDTH="17" VPOS="1853" HPOS="964"/>
                  <String HEIGHT="65"
                          WIDTH="202"
                          VPOS="1853"
                          HPOS="914"
                          CONTENT="apphensa"/>
                  <SP HEIGHT="65" WIDTH="17" VPOS="1853" HPOS="1115"/>
                  <String HEIGHT="65" WIDTH="84" VPOS="1853" HPOS="1065" CONTENT="a"/>
                  <SP HEIGHT="65" WIDTH="17" VPOS="1853" HPOS="1149"/>
                  <String HEIGHT="65"
                          WIDTH="168"
                          VPOS="1853"
                          HPOS="1099"
                          CONTENT="sensu:"/>
                  <SP HEIGHT="65" WIDTH="17" VPOS="1853" HPOS="1267"/>
                  <String HEIGHT="65"
                          WIDTH="151"
                          VPOS="1853"
                          HPOS="1216"
                          CONTENT="licet"/>
                  <SP HEIGHT="65" WIDTH="17" VPOS="1853" HPOS="1368"/>
                  <String HEIGHT="65"
                          WIDTH="185"
                          VPOS="1853"
                          HPOS="1317"
                          CONTENT="speciem"/>
                  <SP HEIGHT="65" WIDTH="17" VPOS="1853" HPOS="1502"/>
                  <String HEIGHT="65"
                          WIDTH="135"
                          VPOS="1853"
                          HPOS="1452"
                          CONTENT="sibi"/>
                  <SP HEIGHT="65" WIDTH="17" VPOS="1853" HPOS="1586"/>
                  <String HEIGHT="65"
                          WIDTH="219"
                          VPOS="1853"
                          HPOS="1536"
                          CONTENT="impressam"/>
                  <SP HEIGHT="65" WIDTH="17" VPOS="1853" HPOS="1755"/>
                  <String HEIGHT="65"
                          WIDTH="185"
                          VPOS="1853"
                          HPOS="1704"
                          CONTENT="recipit"/>
                  <SP HEIGHT="65" WIDTH="17" VPOS="1853" HPOS="1889"/>
                  <String HEIGHT="65"
                          WIDTH="135"
                          VPOS="1853"
                          HPOS="1839"
                          CONTENT="fine"/>
                  <SP HEIGHT="65" WIDTH="17" VPOS="1853" HPOS="1973"/>
                  <String HEIGHT="65"
                          WIDTH="202"
                          VPOS="1853"
                          HPOS="1923"
                          CONTENT="materia."/>
                  <SP HEIGHT="65" WIDTH="17" VPOS="1853" HPOS="2125"/>
                  <String HEIGHT="65"
                          WIDTH="219"
                          VPOS="1853"
                          HPOS="2057"
                          CONTENT="Phantasmata"/>
               </TextLine>
               <TextLine ID="r1l31"
                         BASELINE="1973"
                         HEIGHT="62"
                         WIDTH="1783"
                         VPOS="1911"
                         HPOS="494">
                  <String HEIGHT="62"
                          WIDTH="147"
                          VPOS="1911"
                          HPOS="478"
                          CONTENT="autem"/>
                  <SP HEIGHT="62" WIDTH="16" VPOS="1911" HPOS="625"/>
                  <String HEIGHT="62"
                          WIDTH="229"
                          VPOS="1911"
                          HPOS="576"
                          CONTENT="apprehensa"/>
                  <SP HEIGHT="62" WIDTH="16" VPOS="1911" HPOS="805"/>
                  <String HEIGHT="62" WIDTH="98" VPOS="1911" HPOS="756" CONTENT="ab"/>
                  <SP HEIGHT="62" WIDTH="16" VPOS="1911" HPOS="854"/>
                  <String HEIGHT="62"
                          WIDTH="278"
                          VPOS="1911"
                          HPOS="805"
                          CONTENT="imaginatione,"/>
                  <SP HEIGHT="62" WIDTH="16" VPOS="1911" HPOS="1083"/>
                  <String HEIGHT="62" WIDTH="98" VPOS="1911" HPOS="1034" CONTENT="vt"/>
                  <SP HEIGHT="62" WIDTH="16" VPOS="1911" HPOS="1132"/>
                  <String HEIGHT="62"
                          WIDTH="229"
                          VPOS="1911"
                          HPOS="1083"
                          CONTENT="apprehensa"/>
                  <SP HEIGHT="62" WIDTH="16" VPOS="1911" HPOS="1312"/>
                  <String HEIGHT="62" WIDTH="98" VPOS="1911" HPOS="1263" CONTENT="ab"/>
                  <SP HEIGHT="62" WIDTH="16" VPOS="1911" HPOS="1361"/>
                  <String HEIGHT="62"
                          WIDTH="147"
                          VPOS="1911"
                          HPOS="1312"
                          CONTENT="illa,"/>
                  <SP HEIGHT="62" WIDTH="16" VPOS="1911" HPOS="1459"/>
                  <String HEIGHT="62"
                          WIDTH="131"
                          VPOS="1911"
                          HPOS="1410"
                          CONTENT="sunt"/>
                  <SP HEIGHT="62" WIDTH="16" VPOS="1911" HPOS="1541"/>
                  <String HEIGHT="62"
                          WIDTH="262"
                          VPOS="1911"
                          HPOS="1492"
                          CONTENT="immaterialia"/>
                  <SP HEIGHT="62" WIDTH="16" VPOS="1911" HPOS="1754"/>
                  <String HEIGHT="62"
                          WIDTH="131"
                          VPOS="1911"
                          HPOS="1704"
                          CONTENT="abst"/>
                  <SP HEIGHT="62" WIDTH="16" VPOS="1911" HPOS="1835"/>
                  <String HEIGHT="62"
                          WIDTH="147"
                          VPOS="1911"
                          HPOS="1786"
                          CONTENT="racta"/>
                  <SP HEIGHT="62" WIDTH="16" VPOS="1911" HPOS="1933"/>
                  <String HEIGHT="62" WIDTH="82" VPOS="1911" HPOS="1884" CONTENT="a"/>
                  <SP HEIGHT="62" WIDTH="16" VPOS="1911" HPOS="1966"/>
                  <String HEIGHT="62"
                          WIDTH="196"
                          VPOS="1911"
                          HPOS="1917"
                          CONTENT="materiae"/>
                  <SP HEIGHT="62" WIDTH="16" VPOS="1911" HPOS="2113"/>
                  <String HEIGHT="62"
                          WIDTH="245"
                          VPOS="1911"
                          HPOS="2064"
                          CONTENT="praesentia:"/>
                  <SP HEIGHT="62" WIDTH="16" VPOS="1911" HPOS="2310"/>
                  <String HEIGHT="62" WIDTH="33" VPOS="1911" HPOS="2244" CONTENT=""/>
               </TextLine>
               <TextLine ID="r1l32"
                         BASELINE="2032"
                         HEIGHT="69"
                         WIDTH="1788"
                         VPOS="1963"
                         HPOS="493">
                  <String HEIGHT="69"
                          WIDTH="117"
                          VPOS="1963"
                          HPOS="476"
                          CONTENT="non"/>
                  <SP HEIGHT="69" WIDTH="17" VPOS="1963" HPOS="593"/>
                  <String HEIGHT="69"
                          WIDTH="150"
                          VPOS="1963"
                          HPOS="543"
                          CONTENT="autem"/>
                  <SP HEIGHT="69" WIDTH="17" VPOS="1963" HPOS="694"/>
                  <String HEIGHT="69"
                          WIDTH="217"
                          VPOS="1963"
                          HPOS="643"
                          CONTENT="abstracta"/>
                  <SP HEIGHT="69" WIDTH="17" VPOS="1963" HPOS="861"/>
                  <String HEIGHT="69" WIDTH="84" VPOS="1963" HPOS="810" CONTENT="a"/>
                  <SP HEIGHT="69" WIDTH="17" VPOS="1963" HPOS="894"/>
                  <String HEIGHT="69"
                          WIDTH="284"
                          VPOS="1963"
                          HPOS="844"
                          CONTENT="conditionibus"/>
                  <SP HEIGHT="69" WIDTH="17" VPOS="1963" HPOS="1128"/>
                  <String HEIGHT="69"
                          WIDTH="301"
                          VPOS="1963"
                          HPOS="1078"
                          CONTENT="particularibus"/>
                  <SP HEIGHT="69" WIDTH="17" VPOS="1963" HPOS="1379"/>
                  <String HEIGHT="69"
                          WIDTH="134"
                          VPOS="1963"
                          HPOS="1329"
                          CONTENT="quae"/>
                  <SP HEIGHT="69" WIDTH="17" VPOS="1963" HPOS="1462"/>
                  <String HEIGHT="69"
                          WIDTH="201"
                          VPOS="1963"
                          HPOS="1412"
                          CONTENT="accidunt"/>
                  <SP HEIGHT="69" WIDTH="17" VPOS="1963" HPOS="1613"/>
                  <String HEIGHT="69"
                          WIDTH="167"
                          VPOS="1963"
                          HPOS="1562"
                          CONTENT="formae"/>
                  <SP HEIGHT="69" WIDTH="17" VPOS="1963" HPOS="1730"/>
                  <String HEIGHT="69"
                          WIDTH="201"
                          VPOS="1963"
                          HPOS="1679"
                          CONTENT="secundum"/>
                  <SP HEIGHT="69" WIDTH="17" VPOS="1963" HPOS="1880"/>
                  <String HEIGHT="69"
                          WIDTH="134"
                          VPOS="1963"
                          HPOS="1830"
                          CONTENT="quod"/>
                  <SP HEIGHT="69" WIDTH="17" VPOS="1963" HPOS="1964"/>
                  <String HEIGHT="69"
                          WIDTH="117"
                          VPOS="1963"
                          HPOS="1913"
                          CONTENT="est"/>
                  <SP HEIGHT="69" WIDTH="17" VPOS="1963" HPOS="2030"/>
                  <String HEIGHT="69"
                          WIDTH="100"
                          VPOS="1963"
                          HPOS="1980"
                          CONTENT="in"/>
                  <SP HEIGHT="69" WIDTH="17" VPOS="1963" HPOS="2080"/>
                  <String HEIGHT="69"
                          WIDTH="184"
                          VPOS="1963"
                          HPOS="2030"
                          CONTENT="materia"/>
                  <SP HEIGHT="69" WIDTH="17" VPOS="1963" HPOS="2214"/>
                  <String HEIGHT="69"
                          WIDTH="150"
                          VPOS="1963"
                          HPOS="2164"
                          CONTENT="indi-"/>
                  <SP HEIGHT="69" WIDTH="17" VPOS="1963" HPOS="2314"/>
                  <String HEIGHT="69" WIDTH="33" VPOS="1963" HPOS="2248" CONTENT=""/>
               </TextLine>
               <TextLine ID="r1l33"
                         BASELINE="2081"
                         HEIGHT="63"
                         WIDTH="1786"
                         VPOS="2018"
                         HPOS="497">
                  <String HEIGHT="63"
                          WIDTH="214"
                          VPOS="2018"
                          HPOS="479"
                          CONTENT="uiduata:"/>
                  <SP HEIGHT="63" WIDTH="18" VPOS="2018" HPOS="693"/>
                  <String HEIGHT="63"
                          WIDTH="161"
                          VPOS="2018"
                          HPOS="640"
                          CONTENT="sicut"/>
                  <SP HEIGHT="63" WIDTH="18" VPOS="2018" HPOS="801"/>
                  <String HEIGHT="63"
                          WIDTH="143"
                          VPOS="2018"
                          HPOS="747"
                          CONTENT="sunt"/>
                  <SP HEIGHT="63" WIDTH="18" VPOS="2018" HPOS="890"/>
                  <String HEIGHT="63"
                          WIDTH="179"
                          VPOS="2018"
                          HPOS="836"
                          CONTENT="figura"/>
                  <SP HEIGHT="63" WIDTH="18" VPOS="2018" HPOS="1015"/>
                  <String HEIGHT="63"
                          WIDTH="125"
                          VPOS="2018"
                          HPOS="961"
                          CONTENT="vbi"/>
                  <SP HEIGHT="63" WIDTH="18" VPOS="2018" HPOS="1086"/>
                  <String HEIGHT="63" WIDTH="89" VPOS="2018" HPOS="1033" CONTENT="&amp;"/>
                  <SP HEIGHT="63" WIDTH="18" VPOS="2018" HPOS="1122"/>
                  <String HEIGHT="63"
                          WIDTH="250"
                          VPOS="2018"
                          HPOS="1069"
                          CONTENT="huiusmodi."/>
                  <SP HEIGHT="63" WIDTH="18" VPOS="2018" HPOS="1319"/>
                  <String HEIGHT="63"
                          WIDTH="143"
                          VPOS="2018"
                          HPOS="1265"
                          CONTENT="Quae"/>
                  <SP HEIGHT="63" WIDTH="18" VPOS="2018" HPOS="1408"/>
                  <String HEIGHT="63"
                          WIDTH="179"
                          VPOS="2018"
                          HPOS="1354"
                          CONTENT="quidem"/>
                  <SP HEIGHT="63" WIDTH="18" VPOS="2018" HPOS="1533"/>
                  <String HEIGHT="63"
                          WIDTH="268"
                          VPOS="2018"
                          HPOS="1479"
                          CONTENT="phantasmata"/>
                  <SP HEIGHT="63" WIDTH="18" VPOS="2018" HPOS="1747"/>
                  <String HEIGHT="63"
                          WIDTH="125"
                          VPOS="2018"
                          HPOS="1694"
                          CONTENT="sub"/>
                  <SP HEIGHT="63" WIDTH="18" VPOS="2018" HPOS="1819"/>
                  <String HEIGHT="63"
                          WIDTH="196"
                          VPOS="2018"
                          HPOS="1765"
                          CONTENT="talibus"/>
                  <SP HEIGHT="63" WIDTH="18" VPOS="2018" HPOS="1962"/>
                  <String HEIGHT="63"
                          WIDTH="304"
                          VPOS="2018"
                          HPOS="1908"
                          CONTENT="conditionibus"/>
                  <SP HEIGHT="63" WIDTH="18" VPOS="2018" HPOS="2212"/>
                  <String HEIGHT="63"
                          WIDTH="143"
                          VPOS="2018"
                          HPOS="2140"
                          CONTENT="intel"
                          SUBS_TYPE="HypPart1"
                          SUBS_CONTENT="intellectum"/>
                  <HYP CONTENT="-"/>
               </TextLine>
               <TextLine ID="r1l34"
                         BASELINE="2143"
                         HEIGHT="82"
                         WIDTH="1789"
                         VPOS="2061"
                         HPOS="491">
                  <String HEIGHT="82"
                          WIDTH="164"
                          VPOS="2061"
                          HPOS="475"
                          CONTENT="lectum"
                          SUBS_TYPE="HypPart2"
                          SUBS_CONTENT="intellectum"/>
                  <SP HEIGHT="82" WIDTH="16" VPOS="2061" HPOS="639"/>
                  <String HEIGHT="82"
                          WIDTH="164"
                          VPOS="2061"
                          HPOS="589"
                          CONTENT="mouere"/>
                  <SP HEIGHT="82" WIDTH="16" VPOS="2061" HPOS="754"/>
                  <String HEIGHT="82"
                          WIDTH="115"
                          VPOS="2061"
                          HPOS="704"
                          CONTENT="non"/>
                  <SP HEIGHT="82" WIDTH="16" VPOS="2061" HPOS="819"/>
                  <String HEIGHT="82"
                          WIDTH="181"
                          VPOS="2061"
                          HPOS="770"
                          CONTENT="possunt"/>
                  <SP HEIGHT="82" WIDTH="16" VPOS="2061" HPOS="951"/>
                  <String HEIGHT="82"
                          WIDTH="148"
                          VPOS="2061"
                          HPOS="901"
                          CONTENT="primo"/>
                  <SP HEIGHT="82" WIDTH="16" VPOS="2061" HPOS="1049"/>
                  <String HEIGHT="82" WIDTH="82" VPOS="2061" HPOS="1000" CONTENT="&amp;"/>
                  <SP HEIGHT="82" WIDTH="16" VPOS="2061" HPOS="1082"/>
                  <String HEIGHT="82"
                          WIDTH="115"
                          VPOS="2061"
                          HPOS="1033"
                          CONTENT="per"/>
                  <SP HEIGHT="82" WIDTH="16" VPOS="2061" HPOS="1148"/>
                  <String HEIGHT="82"
                          WIDTH="115"
                          VPOS="2061"
                          HPOS="1098"
                          CONTENT="se,"/>
                  <SP HEIGHT="82" WIDTH="16" VPOS="2061" HPOS="1213"/>
                  <String HEIGHT="82"
                          WIDTH="148"
                          VPOS="2061"
                          HPOS="1164"
                          CONTENT="neque"/>
                  <SP HEIGHT="82" WIDTH="16" VPOS="2061" HPOS="1312"/>
                  <String HEIGHT="82" WIDTH="98" VPOS="2061" HPOS="1262" CONTENT="ab"/>
                  <SP HEIGHT="82" WIDTH="16" VPOS="2061" HPOS="1361"/>
                  <String HEIGHT="82"
                          WIDTH="131"
                          VPOS="2061"
                          HPOS="1312"
                          CONTENT="ipso"/>
                  <SP HEIGHT="82" WIDTH="16" VPOS="2061" HPOS="1443"/>
                  <String HEIGHT="82"
                          WIDTH="246"
                          VPOS="2061"
                          HPOS="1394"
                          CONTENT="apprehendi,"/>
                  <SP HEIGHT="82" WIDTH="16" VPOS="2061" HPOS="1640"/>
                  <String HEIGHT="82"
                          WIDTH="115"
                          VPOS="2061"
                          HPOS="1591"
                          CONTENT="sed"/>
                  <SP HEIGHT="82" WIDTH="16" VPOS="2061" HPOS="1706"/>
                  <String HEIGHT="82"
                          WIDTH="148"
                          VPOS="2061"
                          HPOS="1656"
                          CONTENT="solum"/>
                  <SP HEIGHT="82" WIDTH="16" VPOS="2061" HPOS="1804"/>
                  <String HEIGHT="82" WIDTH="98" VPOS="2061" HPOS="1755" CONTENT="se"/>
                  <SP HEIGHT="82" WIDTH="16" VPOS="2061" HPOS="1853"/>
                  <String HEIGHT="82"
                          WIDTH="164"
                          VPOS="2061"
                          HPOS="1804"
                          CONTENT="cundum"/>
                  <SP HEIGHT="82" WIDTH="16" VPOS="2061" HPOS="1968"/>
                  <String HEIGHT="82"
                          WIDTH="131"
                          VPOS="2061"
                          HPOS="1919"
                          CONTENT="quod"/>
                  <SP HEIGHT="82" WIDTH="16" VPOS="2061" HPOS="2050"/>
                  <String HEIGHT="82"
                          WIDTH="131"
                          VPOS="2061"
                          HPOS="2001"
                          CONTENT="sunt"/>
                  <SP HEIGHT="82" WIDTH="16" VPOS="2061" HPOS="2132"/>
                  <String HEIGHT="82"
                          WIDTH="230"
                          VPOS="2061"
                          HPOS="2083"
                          CONTENT="abstracta:"/>
                  <SP HEIGHT="82" WIDTH="16" VPOS="2061" HPOS="2313"/>
                  <String HEIGHT="82" WIDTH="33" VPOS="2061" HPOS="2247" CONTENT=""/>
               </TextLine>
               <TextLine ID="r1l35"
                         BASELINE="2192"
                         HEIGHT="61"
                         WIDTH="1777"
                         VPOS="2131"
                         HPOS="494">
                  <String HEIGHT="61"
                          WIDTH="108"
                          VPOS="2131"
                          HPOS="479"
                          CONTENT="non"/>
                  <SP HEIGHT="61" WIDTH="15" VPOS="2131" HPOS="587"/>
                  <String HEIGHT="61"
                          WIDTH="139"
                          VPOS="2131"
                          HPOS="540"
                          CONTENT="solum"/>
                  <SP HEIGHT="61" WIDTH="15" VPOS="2131" HPOS="679"/>
                  <String HEIGHT="61" WIDTH="77" VPOS="2131" HPOS="633" CONTENT="a"/>
                  <SP HEIGHT="61" WIDTH="15" VPOS="2131" HPOS="710"/>
                  <String HEIGHT="61"
                          WIDTH="185"
                          VPOS="2131"
                          HPOS="664"
                          CONTENT="materiae"/>
                  <SP HEIGHT="61" WIDTH="15" VPOS="2131" HPOS="849"/>
                  <String HEIGHT="61"
                          WIDTH="247"
                          VPOS="2131"
                          HPOS="803"
                          CONTENT="particularis"/>
                  <SP HEIGHT="61" WIDTH="15" VPOS="2131" HPOS="1050"/>
                  <String HEIGHT="61"
                          WIDTH="232"
                          VPOS="2131"
                          HPOS="1004"
                          CONTENT="praesentia,"/>
                  <SP HEIGHT="61" WIDTH="15" VPOS="2131" HPOS="1236"/>
                  <String HEIGHT="61"
                          WIDTH="108"
                          VPOS="2131"
                          HPOS="1189"
                          CONTENT="sed"/>
                  <SP HEIGHT="61" WIDTH="15" VPOS="2131" HPOS="1298"/>
                  <String HEIGHT="61"
                          WIDTH="139"
                          VPOS="2131"
                          HPOS="1251"
                          CONTENT="etiam"/>
                  <SP HEIGHT="61" WIDTH="15" VPOS="2131" HPOS="1390"/>
                  <String HEIGHT="61" WIDTH="77" VPOS="2131" HPOS="1344" CONTENT="a"/>
                  <SP HEIGHT="61" WIDTH="15" VPOS="2131" HPOS="1421"/>
                  <String HEIGHT="61"
                          WIDTH="155"
                          VPOS="2131"
                          HPOS="1375"
                          CONTENT="dictis"/>
                  <SP HEIGHT="61" WIDTH="15" VPOS="2131" HPOS="1529"/>
                  <String HEIGHT="61"
                          WIDTH="263"
                          VPOS="2131"
                          HPOS="1483"
                          CONTENT="conditionibus"/>
                  <SP HEIGHT="61" WIDTH="15" VPOS="2131" HPOS="1746"/>
                  <String HEIGHT="61"
                          WIDTH="294"
                          VPOS="2131"
                          HPOS="1699"
                          CONTENT="indiuidualibus."/>
                  <SP HEIGHT="61" WIDTH="15" VPOS="2131" HPOS="1993"/>
                  <String HEIGHT="61"
                          WIDTH="108"
                          VPOS="2131"
                          HPOS="1947"
                          CONTENT="ita"/>
                  <SP HEIGHT="61" WIDTH="15" VPOS="2131" HPOS="2055"/>
                  <String HEIGHT="61"
                          WIDTH="124"
                          VPOS="2131"
                          HPOS="2008"
                          CONTENT="quod"/>
                  <SP HEIGHT="61" WIDTH="15" VPOS="2131" HPOS="2132"/>
                  <String HEIGHT="61"
                          WIDTH="216"
                          VPOS="2131"
                          HPOS="2086"
                          CONTENT="phantasma-"/>
                  <SP HEIGHT="61" WIDTH="15" VPOS="2131" HPOS="2302"/>
                  <String HEIGHT="61" WIDTH="31" VPOS="2131" HPOS="2240" CONTENT=""/>
               </TextLine>
               <TextLine ID="r1l36"
                         BASELINE="2242"
                         HEIGHT="73"
                         WIDTH="1790"
                         VPOS="2169"
                         HPOS="494">
                  <String HEIGHT="73" WIDTH="93" VPOS="2169" HPOS="478" CONTENT="ta"/>
                  <SP HEIGHT="73" WIDTH="16" VPOS="2169" HPOS="572"/>
                  <String HEIGHT="73" WIDTH="93" VPOS="2169" HPOS="525" CONTENT="in"/>
                  <SP HEIGHT="73" WIDTH="16" VPOS="2169" HPOS="619"/>
                  <String HEIGHT="73"
                          WIDTH="233"
                          VPOS="2169"
                          HPOS="572"
                          CONTENT="imaginatiua"/>
                  <SP HEIGHT="73" WIDTH="16" VPOS="2169" HPOS="805"/>
                  <String HEIGHT="73"
                          WIDTH="187"
                          VPOS="2169"
                          HPOS="759"
                          CONTENT="apphensa"/>
                  <SP HEIGHT="73" WIDTH="16" VPOS="2169" HPOS="945"/>
                  <String HEIGHT="73"
                          WIDTH="109"
                          VPOS="2169"
                          HPOS="899"
                          CONTENT="non"/>
                  <SP HEIGHT="73" WIDTH="16" VPOS="2169" HPOS="1008"/>
                  <String HEIGHT="73"
                          WIDTH="125"
                          VPOS="2169"
                          HPOS="961"
                          CONTENT="sunt"/>
                  <SP HEIGHT="73" WIDTH="16" VPOS="2169" HPOS="1085"/>
                  <String HEIGHT="73"
                          WIDTH="125"
                          VPOS="2169"
                          HPOS="1039"
                          CONTENT="nisi"/>
                  <SP HEIGHT="73" WIDTH="16" VPOS="2169" HPOS="1163"/>
                  <String HEIGHT="73" WIDTH="93" VPOS="2169" HPOS="1117" CONTENT="in"/>
                  <SP HEIGHT="73" WIDTH="16" VPOS="2169" HPOS="1210"/>
                  <String HEIGHT="73"
                          WIDTH="187"
                          VPOS="2169"
                          HPOS="1163"
                          CONTENT="potentia"/>
                  <SP HEIGHT="73" WIDTH="16" VPOS="2169" HPOS="1350"/>
                  <String HEIGHT="73"
                          WIDTH="249"
                          VPOS="2169"
                          HPOS="1303"
                          CONTENT="vniuersalia:"/>
                  <SP HEIGHT="73" WIDTH="16" VPOS="2169" HPOS="1552"/>
                  <String HEIGHT="73" WIDTH="78" VPOS="2169" HPOS="1506" CONTENT="&amp;"/>
                  <SP HEIGHT="73" WIDTH="16" VPOS="2169" HPOS="1584"/>
                  <String HEIGHT="73" WIDTH="93" VPOS="2169" HPOS="1537" CONTENT="in"/>
                  <SP HEIGHT="73" WIDTH="16" VPOS="2169" HPOS="1630"/>
                  <String HEIGHT="73"
                          WIDTH="187"
                          VPOS="2169"
                          HPOS="1584"
                          CONTENT="potentia"/>
                  <SP HEIGHT="73" WIDTH="16" VPOS="2169" HPOS="1770"/>
                  <String HEIGHT="73"
                          WIDTH="187"
                          VPOS="2169"
                          HPOS="1724"
                          CONTENT="mouentia"/>
                  <SP HEIGHT="73" WIDTH="16" VPOS="2169" HPOS="1910"/>
                  <String HEIGHT="73"
                          WIDTH="249"
                          VPOS="2169"
                          HPOS="1864"
                          CONTENT="intellectum."/>
                  <SP HEIGHT="73" WIDTH="16" VPOS="2169" HPOS="2113"/>
                  <String HEIGHT="73"
                          WIDTH="171"
                          VPOS="2169"
                          HPOS="2066"
                          CONTENT="Propter"/>
                  <SP HEIGHT="73" WIDTH="16" VPOS="2169" HPOS="2237"/>
                  <String HEIGHT="73"
                          WIDTH="125"
                          VPOS="2169"
                          HPOS="2191"
                          CONTENT="quod"/>
                  <SP HEIGHT="73" WIDTH="16" VPOS="2169" HPOS="2315"/>
                  <String HEIGHT="73" WIDTH="31" VPOS="2169" HPOS="2253" CONTENT=""/>
               </TextLine>
               <TextLine ID="r1l37"
                         BASELINE="2304"
                         HEIGHT="67"
                         WIDTH="1787"
                         VPOS="2237"
                         HPOS="496">
                  <String HEIGHT="67"
                          WIDTH="117"
                          VPOS="2237"
                          HPOS="479"
                          CONTENT="cum"/>
                  <SP HEIGHT="67" WIDTH="17" VPOS="2237" HPOS="596"/>
                  <String HEIGHT="67"
                          WIDTH="251"
                          VPOS="2237"
                          HPOS="546"
                          CONTENT="intellectus"/>
                  <SP HEIGHT="67" WIDTH="17" VPOS="2237" HPOS="797"/>
                  <String HEIGHT="67"
                          WIDTH="167"
                          VPOS="2237"
                          HPOS="747"
                          CONTENT="noster"/>
                  <SP HEIGHT="67" WIDTH="17" VPOS="2237" HPOS="914"/>
                  <String HEIGHT="67"
                          WIDTH="234"
                          VPOS="2237"
                          HPOS="863"
                          CONTENT="possibilis"/>
                  <SP HEIGHT="67" WIDTH="17" VPOS="2237" HPOS="1097"/>
                  <String HEIGHT="67"
                          WIDTH="117"
                          VPOS="2237"
                          HPOS="1047"
                          CONTENT="non"/>
                  <SP HEIGHT="67" WIDTH="17" VPOS="2237" HPOS="1164"/>
                  <String HEIGHT="67"
                          WIDTH="150"
                          VPOS="2237"
                          HPOS="1114"
                          CONTENT="habet"/>
                  <SP HEIGHT="67" WIDTH="17" VPOS="2237" HPOS="1264"/>
                  <String HEIGHT="67"
                          WIDTH="234"
                          VPOS="2237"
                          HPOS="1214"
                          CONTENT="intellecta"/>
                  <SP HEIGHT="67" WIDTH="17" VPOS="2237" HPOS="1448"/>
                  <String HEIGHT="67"
                          WIDTH="134"
                          VPOS="2237"
                          HPOS="1398"
                          CONTENT="nisi"/>
                  <SP HEIGHT="67" WIDTH="17" VPOS="2237" HPOS="1531"/>
                  <String HEIGHT="67" WIDTH="84" VPOS="2237" HPOS="1481" CONTENT="a"/>
                  <SP HEIGHT="67" WIDTH="17" VPOS="2237" HPOS="1565"/>
                  <String HEIGHT="67"
                          WIDTH="317"
                          VPOS="2237"
                          HPOS="1515"
                          CONTENT="phantasmatibus,"/>
                  <SP HEIGHT="67" WIDTH="17" VPOS="2237" HPOS="1832"/>
                  <String HEIGHT="67"
                          WIDTH="134"
                          VPOS="2237"
                          HPOS="1782"
                          CONTENT="eget"/>
                  <SP HEIGHT="67" WIDTH="17" VPOS="2237" HPOS="1916"/>
                  <String HEIGHT="67"
                          WIDTH="184"
                          VPOS="2237"
                          HPOS="1865"
                          CONTENT="virtute"/>
                  <SP HEIGHT="67" WIDTH="17" VPOS="2237" HPOS="2049"/>
                  <String HEIGHT="67"
                          WIDTH="134"
                          VPOS="2237"
                          HPOS="1999"
                          CONTENT="quae"/>
                  <SP HEIGHT="67" WIDTH="17" VPOS="2237" HPOS="2133"/>
                  <String HEIGHT="67"
                          WIDTH="217"
                          VPOS="2237"
                          HPOS="2066"
                          CONTENT="phantasmata"/>
               </TextLine>
               <TextLine ID="r1l38"
                         BASELINE="2361"
                         HEIGHT="78"
                         WIDTH="1787"
                         VPOS="2283"
                         HPOS="490">
                  <String HEIGHT="78"
                          WIDTH="199"
                          VPOS="2283"
                          HPOS="473"
                          CONTENT="potentia"/>
                  <SP HEIGHT="78" WIDTH="17" VPOS="2283" HPOS="672"/>
                  <String HEIGHT="78"
                          WIDTH="248"
                          VPOS="2283"
                          HPOS="622"
                          CONTENT="vniuersalia"/>
                  <SP HEIGHT="78" WIDTH="17" VPOS="2283" HPOS="871"/>
                  <String HEIGHT="78" WIDTH="83" VPOS="2283" HPOS="821" CONTENT="&amp;"/>
                  <SP HEIGHT="78" WIDTH="17" VPOS="2283" HPOS="904"/>
                  <String HEIGHT="78"
                          WIDTH="232"
                          VPOS="2283"
                          HPOS="854"
                          CONTENT="intellecta"/>
                  <SP HEIGHT="78" WIDTH="17" VPOS="2283" HPOS="1086"/>
                  <String HEIGHT="78"
                          WIDTH="248"
                          VPOS="2283"
                          HPOS="1036"
                          CONTENT="abstrahendo"/>
                  <SP HEIGHT="78" WIDTH="17" VPOS="2283" HPOS="1284"/>
                  <String HEIGHT="78" WIDTH="99" VPOS="2283" HPOS="1235" CONTENT="ea"/>
                  <SP HEIGHT="78" WIDTH="17" VPOS="2283" HPOS="1334"/>
                  <String HEIGHT="78" WIDTH="83" VPOS="2283" HPOS="1284" CONTENT="a"/>
                  <SP HEIGHT="78" WIDTH="17" VPOS="2283" HPOS="1367"/>
                  <String HEIGHT="78"
                          WIDTH="165"
                          VPOS="2283"
                          HPOS="1317"
                          CONTENT="dictis"/>
                  <SP HEIGHT="78" WIDTH="17" VPOS="2283" HPOS="1483"/>
                  <String HEIGHT="78"
                          WIDTH="281"
                          VPOS="2283"
                          HPOS="1433"
                          CONTENT="conditionibus"/>
                  <SP HEIGHT="78" WIDTH="17" VPOS="2283" HPOS="1714"/>
                  <String HEIGHT="78"
                          WIDTH="265"
                          VPOS="2283"
                          HPOS="1665"
                          CONTENT="materialibus"/>
                  <SP HEIGHT="78" WIDTH="17" VPOS="2283" HPOS="1930"/>
                  <String HEIGHT="78"
                          WIDTH="165"
                          VPOS="2283"
                          HPOS="1880"
                          CONTENT="faciat"/>
                  <SP HEIGHT="78" WIDTH="17" VPOS="2283" HPOS="2045"/>
                  <String HEIGHT="78" WIDTH="99" VPOS="2283" HPOS="1996" CONTENT="ea"/>
                  <SP HEIGHT="78" WIDTH="17" VPOS="2283" HPOS="2095"/>
                  <String HEIGHT="78"
                          WIDTH="132"
                          VPOS="2283"
                          HPOS="2045"
                          CONTENT="esse"/>
                  <SP HEIGHT="78" WIDTH="17" VPOS="2283" HPOS="2178"/>
                  <String HEIGHT="78"
                          WIDTH="132"
                          VPOS="2283"
                          HPOS="2128"
                          CONTENT="actu"/>
                  <SP HEIGHT="78" WIDTH="17" VPOS="2283" HPOS="2260"/>
                  <String HEIGHT="78"
                          WIDTH="83"
                          VPOS="2283"
                          HPOS="2194"
                          CONTENT="vni"/>
               </TextLine>
               <TextLine ID="r1l39"
                         BASELINE="2410"
                         HEIGHT="74"
                         WIDTH="1789"
                         VPOS="2336"
                         HPOS="493">
                  <String HEIGHT="74"
                          WIDTH="190"
                          VPOS="2336"
                          HPOS="477"
                          CONTENT="uersalia"/>
                  <SP HEIGHT="74" WIDTH="16" VPOS="2336" HPOS="667"/>
                  <String HEIGHT="74" WIDTH="79" VPOS="2336" HPOS="620" CONTENT="&amp;"/>
                  <SP HEIGHT="74" WIDTH="16" VPOS="2336" HPOS="699"/>
                  <String HEIGHT="74"
                          WIDTH="127"
                          VPOS="2336"
                          HPOS="651"
                          CONTENT="actu"/>
                  <SP HEIGHT="74" WIDTH="16" VPOS="2336" HPOS="778"/>
                  <String HEIGHT="74"
                          WIDTH="237"
                          VPOS="2336"
                          HPOS="730"
                          CONTENT="intellecta:"/>
                  <SP HEIGHT="74" WIDTH="16" VPOS="2336" HPOS="968"/>
                  <String HEIGHT="74"
                          WIDTH="127"
                          VPOS="2336"
                          HPOS="920"
                          CONTENT="quae"/>
                  <SP HEIGHT="74" WIDTH="16" VPOS="2336" HPOS="1047"/>
                  <String HEIGHT="74"
                          WIDTH="222"
                          VPOS="2336"
                          HPOS="1000"
                          CONTENT="appellatur"/>
                  <SP HEIGHT="74" WIDTH="16" VPOS="2336" HPOS="1221"/>
                  <String HEIGHT="74"
                          WIDTH="237"
                          VPOS="2336"
                          HPOS="1174"
                          CONTENT="intellectus"/>
                  <SP HEIGHT="74" WIDTH="16" VPOS="2336" HPOS="1411"/>
                  <String HEIGHT="74"
                          WIDTH="158"
                          VPOS="2336"
                          HPOS="1364"
                          CONTENT="agens:"/>
                  <SP HEIGHT="74" WIDTH="16" VPOS="2336" HPOS="1522"/>
                  <String HEIGHT="74"
                          WIDTH="111"
                          VPOS="2336"
                          HPOS="1475"
                          CONTENT="qui"/>
                  <SP HEIGHT="74" WIDTH="16" VPOS="2336" HPOS="1585"/>
                  <String HEIGHT="74"
                          WIDTH="111"
                          VPOS="2336"
                          HPOS="1538"
                          CONTENT="est"/>
                  <SP HEIGHT="74" WIDTH="16" VPOS="2336" HPOS="1649"/>
                  <String HEIGHT="74"
                          WIDTH="142"
                          VPOS="2336"
                          HPOS="1601"
                          CONTENT="sicut"/>
                  <SP HEIGHT="74" WIDTH="16" VPOS="2336" HPOS="1744"/>
                  <String HEIGHT="74"
                          WIDTH="111"
                          VPOS="2336"
                          HPOS="1696"
                          CONTENT="vis"/>
                  <SP HEIGHT="74" WIDTH="16" VPOS="2336" HPOS="1807"/>
                  <String HEIGHT="74"
                          WIDTH="174"
                          VPOS="2336"
                          HPOS="1760"
                          CONTENT="quaedam"/>
                  <SP HEIGHT="74" WIDTH="16" VPOS="2336" HPOS="1934"/>
                  <String HEIGHT="74"
                          WIDTH="158"
                          VPOS="2336"
                          HPOS="1886"
                          CONTENT="actiua"/>
                  <SP HEIGHT="74" WIDTH="16" VPOS="2336" HPOS="2045"/>
                  <String HEIGHT="74" WIDTH="95" VPOS="2336" HPOS="1997" CONTENT="in"/>
                  <SP HEIGHT="74" WIDTH="16" VPOS="2336" HPOS="2092"/>
                  <String HEIGHT="74"
                          WIDTH="222"
                          VPOS="2336"
                          HPOS="2045"
                          CONTENT="intellectu"/>
                  <SP HEIGHT="74" WIDTH="16" VPOS="2336" HPOS="2266"/>
                  <String HEIGHT="74"
                          WIDTH="79"
                          VPOS="2336"
                          HPOS="2203"
                          CONTENT="pos"/>
               </TextLine>
               <TextLine ID="r1l40"
                         BASELINE="2465"
                         HEIGHT="63"
                         WIDTH="1783"
                         VPOS="2402"
                         HPOS="489">
                  <String HEIGHT="63"
                          WIDTH="170"
                          VPOS="2402"
                          HPOS="472"
                          CONTENT="sibili"/>
                  <SP HEIGHT="63" WIDTH="17" VPOS="2402" HPOS="642"/>
                  <String HEIGHT="63" WIDTH="102" VPOS="2402" HPOS="591" CONTENT="ad"/>
                  <SP HEIGHT="63" WIDTH="17" VPOS="2402" HPOS="693"/>
                  <String HEIGHT="63"
                          WIDTH="255"
                          VPOS="2402"
                          HPOS="642"
                          CONTENT="abstrahenda"/>
                  <SP HEIGHT="63" WIDTH="17" VPOS="2402" HPOS="897"/>
                  <String HEIGHT="63"
                          WIDTH="255"
                          VPOS="2402"
                          HPOS="846"
                          CONTENT="phantasmata"/>
                  <SP HEIGHT="63" WIDTH="17" VPOS="2402" HPOS="1100"/>
                  <String HEIGHT="63" WIDTH="85" VPOS="2402" HPOS="1049" CONTENT="a"/>
                  <SP HEIGHT="63" WIDTH="17" VPOS="2402" HPOS="1134"/>
                  <String HEIGHT="63"
                          WIDTH="170"
                          VPOS="2402"
                          HPOS="1083"
                          CONTENT="dictis"/>
                  <SP HEIGHT="63" WIDTH="17" VPOS="2402" HPOS="1253"/>
                  <String HEIGHT="63"
                          WIDTH="306"
                          VPOS="2402"
                          HPOS="1202"
                          CONTENT="conditionibus."/>
                  <SP HEIGHT="63" WIDTH="17" VPOS="2402" HPOS="1508"/>
                  <String HEIGHT="63"
                          WIDTH="119"
                          VPOS="2402"
                          HPOS="1457"
                          CONTENT="Quo"/>
                  <SP HEIGHT="63" WIDTH="17" VPOS="2402" HPOS="1576"/>
                  <String HEIGHT="63"
                          WIDTH="153"
                          VPOS="2402"
                          HPOS="1525"
                          CONTENT="facto"/>
                  <SP HEIGHT="63" WIDTH="17" VPOS="2402" HPOS="1678"/>
                  <String HEIGHT="63"
                          WIDTH="119"
                          VPOS="2402"
                          HPOS="1627"
                          CONTENT="est"/>
                  <SP HEIGHT="63" WIDTH="17" VPOS="2402" HPOS="1746"/>
                  <String HEIGHT="63"
                          WIDTH="136"
                          VPOS="2402"
                          HPOS="1695"
                          CONTENT="actu"/>
                  <SP HEIGHT="63" WIDTH="17" VPOS="2402" HPOS="1830"/>
                  <String HEIGHT="63"
                          WIDTH="238"
                          VPOS="2402"
                          HPOS="1780"
                          CONTENT="vniuersale"/>
                  <SP HEIGHT="63" WIDTH="17" VPOS="2402" HPOS="2017"/>
                  <String HEIGHT="63" WIDTH="85" VPOS="2402" HPOS="1966" CONTENT="&amp;"/>
                  <SP HEIGHT="63" WIDTH="17" VPOS="2402" HPOS="2051"/>
                  <String HEIGHT="63"
                          WIDTH="170"
                          VPOS="2402"
                          HPOS="2000"
                          CONTENT="mouens"/>
                  <SP HEIGHT="63" WIDTH="17" VPOS="2402" HPOS="2170"/>
                  <String HEIGHT="63"
                          WIDTH="170"
                          VPOS="2402"
                          HPOS="2102"
                          CONTENT="obiecti"
                          SUBS_TYPE="HypPart1"
                          SUBS_CONTENT="obiectiue:"/>
                  <HYP CONTENT="-"/>
               </TextLine>
               <TextLine ID="r1l41"
                         BASELINE="2515"
                         HEIGHT="76"
                         WIDTH="1781"
                         VPOS="2439"
                         HPOS="499">
                  <String HEIGHT="76"
                          WIDTH="105"
                          VPOS="2439"
                          HPOS="484"
                          CONTENT="ue:"
                          SUBS_TYPE="HypPart2"
                          SUBS_CONTENT="obiectiue:"/>
                  <SP HEIGHT="76" WIDTH="15" VPOS="2439" HPOS="589"/>
                  <String HEIGHT="76" WIDTH="75" VPOS="2439" HPOS="544" CONTENT="&amp;"/>
                  <SP HEIGHT="76" WIDTH="15" VPOS="2439" HPOS="619"/>
                  <String HEIGHT="76"
                          WIDTH="180"
                          VPOS="2439"
                          HPOS="574"
                          CONTENT="immutans"/>
                  <SP HEIGHT="76" WIDTH="15" VPOS="2439" HPOS="753"/>
                  <String HEIGHT="76"
                          WIDTH="224"
                          VPOS="2439"
                          HPOS="709"
                          CONTENT="intellectum"/>
                  <SP HEIGHT="76" WIDTH="15" VPOS="2439" HPOS="933"/>
                  <String HEIGHT="76"
                          WIDTH="210"
                          VPOS="2439"
                          HPOS="888"
                          CONTENT="possibilem"/>
                  <SP HEIGHT="76" WIDTH="15" VPOS="2439" HPOS="1098"/>
                  <String HEIGHT="76" WIDTH="90" VPOS="2439" HPOS="1053" CONTENT="ad"/>
                  <SP HEIGHT="76" WIDTH="15" VPOS="2439" HPOS="1143"/>
                  <String HEIGHT="76"
                          WIDTH="195"
                          VPOS="2439"
                          HPOS="1098"
                          CONTENT="simplicem"/>
                  <SP HEIGHT="76" WIDTH="15" VPOS="2439" HPOS="1292"/>
                  <String HEIGHT="76"
                          WIDTH="269"
                          VPOS="2439"
                          HPOS="1247"
                          CONTENT="apprehensionem"/>
                  <SP HEIGHT="76" WIDTH="15" VPOS="2439" HPOS="1517"/>
                  <String HEIGHT="76"
                          WIDTH="195"
                          VPOS="2439"
                          HPOS="1472"
                          CONTENT="essentiae"/>
                  <SP HEIGHT="76" WIDTH="15" VPOS="2439" HPOS="1666"/>
                  <String HEIGHT="76" WIDTH="75" VPOS="2439" HPOS="1621" CONTENT="&amp;"/>
                  <SP HEIGHT="76" WIDTH="15" VPOS="2439" HPOS="1696"/>
                  <String HEIGHT="76"
                          WIDTH="210"
                          VPOS="2439"
                          HPOS="1651"
                          CONTENT="quiditatis"/>
                  <SP HEIGHT="76" WIDTH="15" VPOS="2439" HPOS="1861"/>
                  <String HEIGHT="76"
                          WIDTH="120"
                          VPOS="2439"
                          HPOS="1816"
                          CONTENT="rei."/>
                  <SP HEIGHT="76" WIDTH="15" VPOS="2439" HPOS="1936"/>
                  <String HEIGHT="76" WIDTH="90" VPOS="2439" HPOS="1891" CONTENT="Et"/>
                  <SP HEIGHT="76" WIDTH="15" VPOS="2439" HPOS="1981"/>
                  <String HEIGHT="76"
                          WIDTH="105"
                          VPOS="2439"
                          HPOS="1936"
                          CONTENT="est"/>
                  <SP HEIGHT="76" WIDTH="15" VPOS="2439" HPOS="2041"/>
                  <String HEIGHT="76"
                          WIDTH="195"
                          VPOS="2439"
                          HPOS="1996"
                          CONTENT="respectus"/>
                  <SP HEIGHT="76" WIDTH="15" VPOS="2439" HPOS="2190"/>
                  <String HEIGHT="76"
                          WIDTH="120"
                          VPOS="2439"
                          HPOS="2145"
                          CONTENT="eius"/>
                  <SP HEIGHT="76" WIDTH="15" VPOS="2439" HPOS="2265"/>
                  <String HEIGHT="76"
                          WIDTH="75"
                          VPOS="2439"
                          HPOS="2205"
                          CONTENT="sci"/>
               </TextLine>
               <TextLine ID="r1l42"
                         BASELINE="2576"
                         HEIGHT="67"
                         WIDTH="1790"
                         VPOS="2509"
                         HPOS="492">
                  <String HEIGHT="67"
                          WIDTH="139"
                          VPOS="2509"
                          HPOS="477"
                          CONTENT="licet"/>
                  <SP HEIGHT="67" WIDTH="15" VPOS="2509" HPOS="615"/>
                  <String HEIGHT="67"
                          WIDTH="231"
                          VPOS="2509"
                          HPOS="569"
                          CONTENT="intellectus"/>
                  <SP HEIGHT="67" WIDTH="15" VPOS="2509" HPOS="801"/>
                  <String HEIGHT="67"
                          WIDTH="170"
                          VPOS="2509"
                          HPOS="754"
                          CONTENT="agentis"/>
                  <SP HEIGHT="67" WIDTH="15" VPOS="2509" HPOS="924"/>
                  <String HEIGHT="67" WIDTH="93" VPOS="2509" HPOS="878" CONTENT="ad"/>
                  <SP HEIGHT="67" WIDTH="15" VPOS="2509" HPOS="970"/>
                  <String HEIGHT="67"
                          WIDTH="231"
                          VPOS="2509"
                          HPOS="924"
                          CONTENT="intellectum"/>
                  <SP HEIGHT="67" WIDTH="15" VPOS="2509" HPOS="1156"/>
                  <String HEIGHT="67"
                          WIDTH="231"
                          VPOS="2509"
                          HPOS="1109"
                          CONTENT="possibilem,"/>
                  <SP HEIGHT="67" WIDTH="15" VPOS="2509" HPOS="1341"/>
                  <String HEIGHT="67"
                          WIDTH="139"
                          VPOS="2509"
                          HPOS="1294"
                          CONTENT="sicut"/>
                  <SP HEIGHT="67" WIDTH="15" VPOS="2509" HPOS="1433"/>
                  <String HEIGHT="67"
                          WIDTH="108"
                          VPOS="2509"
                          HPOS="1387"
                          CONTENT="est"/>
                  <SP HEIGHT="67" WIDTH="15" VPOS="2509" HPOS="1495"/>
                  <String HEIGHT="67"
                          WIDTH="201"
                          VPOS="2509"
                          HPOS="1449"
                          CONTENT="respectus"/>
                  <SP HEIGHT="67" WIDTH="15" VPOS="2509" HPOS="1649"/>
                  <String HEIGHT="67"
                          WIDTH="139"
                          VPOS="2509"
                          HPOS="1603"
                          CONTENT="lucis"/>
                  <SP HEIGHT="67" WIDTH="15" VPOS="2509" HPOS="1742"/>
                  <String HEIGHT="67" WIDTH="93" VPOS="2509" HPOS="1696" CONTENT="ad"/>
                  <SP HEIGHT="67" WIDTH="15" VPOS="2509" HPOS="1788"/>
                  <String HEIGHT="67"
                          WIDTH="216"
                          VPOS="2509"
                          HPOS="1742"
                          CONTENT="diaphanum:"/>
                  <SP HEIGHT="67" WIDTH="15" VPOS="2509" HPOS="1958"/>
                  <String HEIGHT="67" WIDTH="77" VPOS="2509" HPOS="1912" CONTENT="&amp;"/>
                  <SP HEIGHT="67" WIDTH="15" VPOS="2509" HPOS="1989"/>
                  <String HEIGHT="67" WIDTH="93" VPOS="2509" HPOS="1943" CONTENT="ad"/>
                  <SP HEIGHT="67" WIDTH="15" VPOS="2509" HPOS="2035"/>
                  <String HEIGHT="67"
                          WIDTH="247"
                          VPOS="2509"
                          HPOS="1989"
                          CONTENT="phantasmata,"/>
                  <SP HEIGHT="67" WIDTH="15" VPOS="2509" HPOS="2236"/>
                  <String HEIGHT="67"
                          WIDTH="108"
                          VPOS="2509"
                          HPOS="2174"
                          CONTENT="sicut"/>
               </TextLine>
               <TextLine ID="r1l43"
                         BASELINE="2630"
                         HEIGHT="65"
                         WIDTH="1785"
                         VPOS="2565"
                         HPOS="494">
                  <String HEIGHT="65"
                          WIDTH="105"
                          VPOS="2565"
                          HPOS="479"
                          CONTENT="est"/>
                  <SP HEIGHT="65" WIDTH="15" VPOS="2565" HPOS="584"/>
                  <String HEIGHT="65"
                          WIDTH="195"
                          VPOS="2565"
                          HPOS="539"
                          CONTENT="respectus"/>
                  <SP HEIGHT="65" WIDTH="15" VPOS="2565" HPOS="734"/>
                  <String HEIGHT="65"
                          WIDTH="180"
                          VPOS="2565"
                          HPOS="689"
                          CONTENT="diaphani"/>
                  <SP HEIGHT="65" WIDTH="15" VPOS="2565" HPOS="869"/>
                  <String HEIGHT="65" WIDTH="90" VPOS="2565" HPOS="824" CONTENT="ad"/>
                  <SP HEIGHT="65" WIDTH="15" VPOS="2565" HPOS="914"/>
                  <String HEIGHT="65"
                          WIDTH="180"
                          VPOS="2565"
                          HPOS="869"
                          CONTENT="colores:"/>
                  <SP HEIGHT="65" WIDTH="15" VPOS="2565" HPOS="1049"/>
                  <String HEIGHT="65"
                          WIDTH="165"
                          VPOS="2565"
                          HPOS="1004"
                          CONTENT="praeter"/>
                  <SP HEIGHT="65" WIDTH="15" VPOS="2565" HPOS="1169"/>
                  <String HEIGHT="65"
                          WIDTH="105"
                          VPOS="2565"
                          HPOS="1124"
                          CONTENT="hoc"/>
                  <SP HEIGHT="65" WIDTH="15" VPOS="2565" HPOS="1229"/>
                  <String HEIGHT="65"
                          WIDTH="120"
                          VPOS="2565"
                          HPOS="1184"
                          CONTENT="quod"/>
                  <SP HEIGHT="65" WIDTH="15" VPOS="2565" HPOS="1304"/>
                  <String HEIGHT="65"
                          WIDTH="105"
                          VPOS="2565"
                          HPOS="1259"
                          CONTENT="lux"/>
                  <SP HEIGHT="65" WIDTH="15" VPOS="2565" HPOS="1364"/>
                  <String HEIGHT="65"
                          WIDTH="105"
                          VPOS="2565"
                          HPOS="1319"
                          CONTENT="est"/>
                  <SP HEIGHT="65" WIDTH="15" VPOS="2565" HPOS="1424"/>
                  <String HEIGHT="65"
                          WIDTH="195"
                          VPOS="2565"
                          HPOS="1379"
                          CONTENT="perfectio"/>
                  <SP HEIGHT="65" WIDTH="15" VPOS="2565" HPOS="1574"/>
                  <String HEIGHT="65"
                          WIDTH="240"
                          VPOS="2565"
                          HPOS="1529"
                          CONTENT="accidentalis"/>
                  <SP HEIGHT="65" WIDTH="15" VPOS="2565" HPOS="1769"/>
                  <String HEIGHT="65"
                          WIDTH="180"
                          VPOS="2565"
                          HPOS="1724"
                          CONTENT="diaphani"/>
                  <SP HEIGHT="65" WIDTH="15" VPOS="2565" HPOS="1904"/>
                  <String HEIGHT="65" WIDTH="75" VPOS="2565" HPOS="1859" CONTENT="&amp;"/>
                  <SP HEIGHT="65" WIDTH="15" VPOS="2565" HPOS="1934"/>
                  <String HEIGHT="65"
                          WIDTH="135"
                          VPOS="2565"
                          HPOS="1889"
                          CONTENT="forma"/>
                  <SP HEIGHT="65" WIDTH="15" VPOS="2565" HPOS="2024"/>
                  <String HEIGHT="65" WIDTH="90" VPOS="2565" HPOS="1979" CONTENT="ei"/>
                  <SP HEIGHT="65" WIDTH="15" VPOS="2565" HPOS="2069"/>
                  <String HEIGHT="65"
                          WIDTH="210"
                          VPOS="2565"
                          HPOS="2024"
                          CONTENT="inhaerens:"/>
                  <SP HEIGHT="65" WIDTH="15" VPOS="2565" HPOS="2234"/>
                  <String HEIGHT="65"
                          WIDTH="105"
                          VPOS="2565"
                          HPOS="2174"
                          CONTENT="agens"/>
               </TextLine>
               <TextLine ID="r1l44"
                         BASELINE="2686"
                         HEIGHT="70"
                         WIDTH="1783"
                         VPOS="2616"
                         HPOS="495">
                  <String HEIGHT="70"
                          WIDTH="128"
                          VPOS="2616"
                          HPOS="481"
                          CONTENT="autem"/>
                  <SP HEIGHT="70" WIDTH="14" VPOS="2616" HPOS="609"/>
                  <String HEIGHT="70"
                          WIDTH="100"
                          VPOS="2616"
                          HPOS="566"
                          CONTENT="non"/>
                  <SP HEIGHT="70" WIDTH="14" VPOS="2616" HPOS="666"/>
                  <String HEIGHT="70"
                          WIDTH="100"
                          VPOS="2616"
                          HPOS="623"
                          CONTENT="est"/>
                  <SP HEIGHT="70" WIDTH="14" VPOS="2616" HPOS="723"/>
                  <String HEIGHT="70"
                          WIDTH="185"
                          VPOS="2616"
                          HPOS="680"
                          CONTENT="perfectio"/>
                  <SP HEIGHT="70" WIDTH="14" VPOS="2616" HPOS="866"/>
                  <String HEIGHT="70"
                          WIDTH="214"
                          VPOS="2616"
                          HPOS="823"
                          CONTENT="intellectus"/>
                  <SP HEIGHT="70" WIDTH="14" VPOS="2616" HPOS="1037"/>
                  <String HEIGHT="70"
                          WIDTH="214"
                          VPOS="2616"
                          HPOS="994"
                          CONTENT="possibilis,"/>
                  <SP HEIGHT="70" WIDTH="14" VPOS="2616" HPOS="1208"/>
                  <String HEIGHT="70"
                          WIDTH="128"
                          VPOS="2616"
                          HPOS="1165"
                          CONTENT="neque"/>
                  <SP HEIGHT="70" WIDTH="14" VPOS="2616" HPOS="1294"/>
                  <String HEIGHT="70" WIDTH="86" VPOS="2616" HPOS="1251" CONTENT="ei"/>
                  <SP HEIGHT="70" WIDTH="14" VPOS="2616" HPOS="1337"/>
                  <String HEIGHT="70"
                          WIDTH="185"
                          VPOS="2616"
                          HPOS="1294"
                          CONTENT="inhaeret:"/>
                  <SP HEIGHT="70" WIDTH="14" VPOS="2616" HPOS="1479"/>
                  <String HEIGHT="70"
                          WIDTH="100"
                          VPOS="2616"
                          HPOS="1436"
                          CONTENT="sed"/>
                  <SP HEIGHT="70" WIDTH="14" VPOS="2616" HPOS="1536"/>
                  <String HEIGHT="70"
                          WIDTH="128"
                          VPOS="2616"
                          HPOS="1493"
                          CONTENT="solum"/>
                  <SP HEIGHT="70" WIDTH="14" VPOS="2616" HPOS="1622"/>
                  <String HEIGHT="70"
                          WIDTH="100"
                          VPOS="2616"
                          HPOS="1579"
                          CONTENT="vis"/>
                  <SP HEIGHT="70" WIDTH="14" VPOS="2616" HPOS="1679"/>
                  <String HEIGHT="70" WIDTH="71" VPOS="2616" HPOS="1636" CONTENT="&amp;"/>
                  <SP HEIGHT="70" WIDTH="14" VPOS="2616" HPOS="1707"/>
                  <String HEIGHT="70"
                          WIDTH="171"
                          VPOS="2616"
                          HPOS="1665"
                          CONTENT="potentia"/>
                  <SP HEIGHT="70" WIDTH="14" VPOS="2616" HPOS="1836"/>
                  <String HEIGHT="70"
                          WIDTH="143"
                          VPOS="2616"
                          HPOS="1793"
                          CONTENT="actiua"/>
                  <SP HEIGHT="70" WIDTH="14" VPOS="2616" HPOS="1936"/>
                  <String HEIGHT="70"
                          WIDTH="285"
                          VPOS="2616"
                          HPOS="1893"
                          CONTENT="consubstantialis"/>
                  <SP HEIGHT="70" WIDTH="14" VPOS="2616" HPOS="2178"/>
                  <String HEIGHT="70"
                          WIDTH="100"
                          VPOS="2616"
                          HPOS="2135"
                          CONTENT="ei:"/>
                  <SP HEIGHT="70" WIDTH="14" VPOS="2616" HPOS="2235"/>
                  <String HEIGHT="70"
                          WIDTH="100"
                          VPOS="2616"
                          HPOS="2178"
                          CONTENT="sicut"/>
               </TextLine>
               <TextLine ID="r1l45"
                         BASELINE="2747"
                         HEIGHT="77"
                         WIDTH="1794"
                         VPOS="2670"
                         HPOS="489">
                  <String HEIGHT="77" WIDTH="70" VPOS="2670" HPOS="475" CONTENT="&amp;"/>
                  <SP HEIGHT="77" WIDTH="14" VPOS="2670" HPOS="545"/>
                  <String HEIGHT="77"
                          WIDTH="154"
                          VPOS="2670"
                          HPOS="503"
                          CONTENT="vterque"/>
                  <SP HEIGHT="77" WIDTH="14" VPOS="2670" HPOS="657"/>
                  <String HEIGHT="77"
                          WIDTH="168"
                          VPOS="2670"
                          HPOS="615"
                          CONTENT="scilicet"/>
                  <SP HEIGHT="77" WIDTH="14" VPOS="2670" HPOS="783"/>
                  <String HEIGHT="77"
                          WIDTH="210"
                          VPOS="2670"
                          HPOS="741"
                          CONTENT="intellectus"/>
                  <SP HEIGHT="77" WIDTH="14" VPOS="2670" HPOS="952"/>
                  <String HEIGHT="77"
                          WIDTH="126"
                          VPOS="2670"
                          HPOS="909"
                          CONTENT="agens"/>
                  <SP HEIGHT="77" WIDTH="14" VPOS="2670" HPOS="1036"/>
                  <String HEIGHT="77" WIDTH="70" VPOS="2670" HPOS="994" CONTENT="&amp;"/>
                  <SP HEIGHT="77" WIDTH="14" VPOS="2670" HPOS="1064"/>
                  <String HEIGHT="77"
                          WIDTH="210"
                          VPOS="2670"
                          HPOS="1022"
                          CONTENT="possibilis,"/>
                  <SP HEIGHT="77" WIDTH="14" VPOS="2670" HPOS="1232"/>
                  <String HEIGHT="77"
                          WIDTH="98"
                          VPOS="2670"
                          HPOS="1190"
                          CONTENT="est"/>
                  <SP HEIGHT="77" WIDTH="14" VPOS="2670" HPOS="1288"/>
                  <String HEIGHT="77"
                          WIDTH="280"
                          VPOS="2670"
                          HPOS="1246"
                          CONTENT="consubstantialis"/>
                  <SP HEIGHT="77" WIDTH="14" VPOS="2670" HPOS="1526"/>
                  <String HEIGHT="77"
                          WIDTH="140"
                          VPOS="2670"
                          HPOS="1484"
                          CONTENT="animae"/>
                  <SP HEIGHT="77" WIDTH="14" VPOS="2670" HPOS="1624"/>
                  <String HEIGHT="77"
                          WIDTH="252"
                          VPOS="2670"
                          HPOS="1582"
                          CONTENT="intellectiuae:"/>
                  <SP HEIGHT="77" WIDTH="14" VPOS="2670" HPOS="1835"/>
                  <String HEIGHT="77" WIDTH="70" VPOS="2670" HPOS="1792" CONTENT="&amp;"/>
                  <SP HEIGHT="77" WIDTH="14" VPOS="2670" HPOS="1863"/>
                  <String HEIGHT="77"
                          WIDTH="154"
                          VPOS="2670"
                          HPOS="1820"
                          CONTENT="praeter"/>
                  <SP HEIGHT="77" WIDTH="14" VPOS="2670" HPOS="1975"/>
                  <String HEIGHT="77"
                          WIDTH="98"
                          VPOS="2670"
                          HPOS="1933"
                          CONTENT="hoc"/>
                  <SP HEIGHT="77" WIDTH="14" VPOS="2670" HPOS="2031"/>
                  <String HEIGHT="77"
                          WIDTH="112"
                          VPOS="2670"
                          HPOS="1989"
                          CONTENT="quod"/>
                  <SP HEIGHT="77" WIDTH="14" VPOS="2670" HPOS="2101"/>
                  <String HEIGHT="77"
                          WIDTH="182"
                          VPOS="2670"
                          HPOS="2059"
                          CONTENT="diaphanum"/>
                  <SP HEIGHT="77" WIDTH="14" VPOS="2670" HPOS="2241"/>
                  <String HEIGHT="77"
                          WIDTH="98"
                          VPOS="2670"
                          HPOS="2185"
                          CONTENT="actio"/>
               </TextLine>
               <TextLine ID="r1l46"
                         BASELINE="2801"
                         HEIGHT="81"
                         WIDTH="1780"
                         VPOS="2720"
                         HPOS="499">
                  <String HEIGHT="81" WIDTH="90" VPOS="2720" HPOS="484" CONTENT="ne"/>
                  <SP HEIGHT="81" WIDTH="15" VPOS="2720" HPOS="574"/>
                  <String HEIGHT="81"
                          WIDTH="135"
                          VPOS="2720"
                          HPOS="529"
                          CONTENT="lucis"/>
                  <SP HEIGHT="81" WIDTH="15" VPOS="2720" HPOS="664"/>
                  <String HEIGHT="81"
                          WIDTH="194"
                          VPOS="2720"
                          HPOS="619"
                          CONTENT="facientis"/>
                  <SP HEIGHT="81" WIDTH="15" VPOS="2720" HPOS="813"/>
                  <String HEIGHT="81"
                          WIDTH="165"
                          VPOS="2720"
                          HPOS="768"
                          CONTENT="colorem"/>
                  <SP HEIGHT="81" WIDTH="15" VPOS="2720" HPOS="933"/>
                  <String HEIGHT="81"
                          WIDTH="165"
                          VPOS="2720"
                          HPOS="888"
                          CONTENT="quantum"/>
                  <SP HEIGHT="81" WIDTH="15" VPOS="2720" HPOS="1052"/>
                  <String HEIGHT="81"
                          WIDTH="105"
                          VPOS="2720"
                          HPOS="1008"
                          CONTENT="est"/>
                  <SP HEIGHT="81" WIDTH="15" VPOS="2720" HPOS="1112"/>
                  <String HEIGHT="81" WIDTH="90" VPOS="2720" HPOS="1067" CONTENT="de"/>
                  <SP HEIGHT="81" WIDTH="15" VPOS="2720" HPOS="1157"/>
                  <String HEIGHT="81" WIDTH="90" VPOS="2720" HPOS="1112" CONTENT="se"/>
                  <SP HEIGHT="81" WIDTH="15" VPOS="2720" HPOS="1202"/>
                  <String HEIGHT="81"
                          WIDTH="135"
                          VPOS="2720"
                          HPOS="1157"
                          CONTENT="solum"/>
                  <SP HEIGHT="81" WIDTH="15" VPOS="2720" HPOS="1292"/>
                  <String HEIGHT="81" WIDTH="90" VPOS="2720" HPOS="1247" CONTENT="in"/>
                  <SP HEIGHT="81" WIDTH="15" VPOS="2720" HPOS="1337"/>
                  <String HEIGHT="81"
                          WIDTH="179"
                          VPOS="2720"
                          HPOS="1292"
                          CONTENT="potentia"/>
                  <SP HEIGHT="81" WIDTH="15" VPOS="2720" HPOS="1471"/>
                  <String HEIGHT="81"
                          WIDTH="179"
                          VPOS="2720"
                          HPOS="1426"
                          CONTENT="mouentem"/>
                  <SP HEIGHT="81" WIDTH="15" VPOS="2720" HPOS="1606"/>
                  <String HEIGHT="81"
                          WIDTH="120"
                          VPOS="2720"
                          HPOS="1561"
                          CONTENT="esse"/>
                  <SP HEIGHT="81" WIDTH="15" VPOS="2720" HPOS="1681"/>
                  <String HEIGHT="81" WIDTH="90" VPOS="2720" HPOS="1636" CONTENT="in"/>
                  <SP HEIGHT="81" WIDTH="15" VPOS="2720" HPOS="1726"/>
                  <String HEIGHT="81"
                          WIDTH="120"
                          VPOS="2720"
                          HPOS="1681"
                          CONTENT="actu"/>
                  <SP HEIGHT="81" WIDTH="15" VPOS="2720" HPOS="1800"/>
                  <String HEIGHT="81"
                          WIDTH="179"
                          VPOS="2720"
                          HPOS="1755"
                          CONTENT="mouentem"/>
                  <SP HEIGHT="81" WIDTH="15" VPOS="2720" HPOS="1935"/>
                  <String HEIGHT="81"
                          WIDTH="194"
                          VPOS="2720"
                          HPOS="1890"
                          CONTENT="diaphanum"/>
                  <SP HEIGHT="81" WIDTH="15" VPOS="2720" HPOS="2085"/>
                  <String HEIGHT="81"
                          WIDTH="165"
                          VPOS="2720"
                          HPOS="2040"
                          CONTENT="recipit"/>
                  <SP HEIGHT="81" WIDTH="15" VPOS="2720" HPOS="2204"/>
                  <String HEIGHT="81"
                          WIDTH="135"
                          VPOS="2720"
                          HPOS="2144"
                          CONTENT="speciem"/>
               </TextLine>
               <TextLine ID="r1l47"
                         BASELINE="2849"
                         HEIGHT="71"
                         WIDTH="1786"
                         VPOS="2778"
                         HPOS="488">
                  <String HEIGHT="71"
                          WIDTH="131"
                          VPOS="2778"
                          HPOS="472"
                          CONTENT="eius"/>
                  <SP HEIGHT="71" WIDTH="16" VPOS="2778" HPOS="603"/>
                  <String HEIGHT="71"
                          WIDTH="131"
                          VPOS="2778"
                          HPOS="554"
                          CONTENT="sibi"/>
                  <SP HEIGHT="71" WIDTH="16" VPOS="2778" HPOS="685"/>
                  <String HEIGHT="71"
                          WIDTH="229"
                          VPOS="2778"
                          HPOS="635"
                          CONTENT="impressam."/>
                  <SP HEIGHT="71" WIDTH="16" VPOS="2778" HPOS="865"/>
                  <String HEIGHT="71"
                          WIDTH="246"
                          VPOS="2778"
                          HPOS="816"
                          CONTENT="Intellectus"/>
                  <SP HEIGHT="71" WIDTH="16" VPOS="2778" HPOS="1061"/>
                  <String HEIGHT="71"
                          WIDTH="147"
                          VPOS="2778"
                          HPOS="1012"
                          CONTENT="autem"/>
                  <SP HEIGHT="71" WIDTH="16" VPOS="2778" HPOS="1160"/>
                  <String HEIGHT="71"
                          WIDTH="229"
                          VPOS="2778"
                          HPOS="1111"
                          CONTENT="possibilis"/>
                  <SP HEIGHT="71" WIDTH="16" VPOS="2778" HPOS="1340"/>
                  <String HEIGHT="71"
                          WIDTH="180"
                          VPOS="2778"
                          HPOS="1291"
                          CONTENT="speciem"/>
                  <SP HEIGHT="71" WIDTH="16" VPOS="2778" HPOS="1471"/>
                  <String HEIGHT="71"
                          WIDTH="213"
                          VPOS="2778"
                          HPOS="1422"
                          CONTENT="impressam"/>
                  <SP HEIGHT="71" WIDTH="16" VPOS="2778" HPOS="1635"/>
                  <String HEIGHT="71"
                          WIDTH="164"
                          VPOS="2778"
                          HPOS="1586"
                          CONTENT="nullam"/>
                  <SP HEIGHT="71" WIDTH="16" VPOS="2778" HPOS="1750"/>
                  <String HEIGHT="71"
                          WIDTH="180"
                          VPOS="2778"
                          HPOS="1701"
                          CONTENT="recipit"/>
                  <SP HEIGHT="71" WIDTH="16" VPOS="2778" HPOS="1881"/>
                  <String HEIGHT="71" WIDTH="82" VPOS="2778" HPOS="1832" CONTENT="a"/>
                  <SP HEIGHT="71" WIDTH="16" VPOS="2778" HPOS="1914"/>
                  <String HEIGHT="71"
                          WIDTH="262"
                          VPOS="2778"
                          HPOS="1864"
                          CONTENT="phantasmate:"/>
                  <SP HEIGHT="71" WIDTH="16" VPOS="2778" HPOS="2127"/>
                  <String HEIGHT="71"
                          WIDTH="115"
                          VPOS="2778"
                          HPOS="2077"
                          CONTENT="sed"/>
                  <SP HEIGHT="71" WIDTH="16" VPOS="2778" HPOS="2192"/>
                  <String HEIGHT="71"
                          WIDTH="147"
                          VPOS="2778"
                          HPOS="2127"
                          CONTENT="actione"/>
               </TextLine>
               <TextLine ID="r1l48"
                         BASELINE="2901"
                         HEIGHT="69"
                         WIDTH="1787"
                         VPOS="2832"
                         HPOS="492">
                  <String HEIGHT="69"
                          WIDTH="184"
                          VPOS="2832"
                          HPOS="475"
                          CONTENT="agentis"/>
                  <SP HEIGHT="69" WIDTH="17" VPOS="2832" HPOS="659"/>
                  <String HEIGHT="69"
                          WIDTH="217"
                          VPOS="2832"
                          HPOS="609"
                          CONTENT="facientis"/>
                  <SP HEIGHT="69" WIDTH="17" VPOS="2832" HPOS="826"/>
                  <String HEIGHT="69"
                          WIDTH="251"
                          VPOS="2832"
                          HPOS="776"
                          CONTENT="phantasmata"/>
                  <SP HEIGHT="69" WIDTH="17" VPOS="2832" HPOS="1026"/>
                  <String HEIGHT="69"
                          WIDTH="184"
                          VPOS="2832"
                          HPOS="976"
                          CONTENT="quantum"/>
                  <SP HEIGHT="69" WIDTH="17" VPOS="2832" HPOS="1160"/>
                  <String HEIGHT="69"
                          WIDTH="117"
                          VPOS="2832"
                          HPOS="1110"
                          CONTENT="est"/>
                  <SP HEIGHT="69" WIDTH="17" VPOS="2832" HPOS="1227"/>
                  <String HEIGHT="69"
                          WIDTH="100"
                          VPOS="2832"
                          HPOS="1177"
                          CONTENT="de"/>
                  <SP HEIGHT="69" WIDTH="17" VPOS="2832" HPOS="1277"/>
                  <String HEIGHT="69"
                          WIDTH="100"
                          VPOS="2832"
                          HPOS="1227"
                          CONTENT="se"/>
                  <SP HEIGHT="69" WIDTH="17" VPOS="2832" HPOS="1327"/>
                  <String HEIGHT="69"
                          WIDTH="150"
                          VPOS="2832"
                          HPOS="1277"
                          CONTENT="solum"/>
                  <SP HEIGHT="69" WIDTH="17" VPOS="2832" HPOS="1427"/>
                  <String HEIGHT="69"
                          WIDTH="100"
                          VPOS="2832"
                          HPOS="1377"
                          CONTENT="in"/>
                  <SP HEIGHT="69" WIDTH="17" VPOS="2832" HPOS="1477"/>
                  <String HEIGHT="69"
                          WIDTH="200"
                          VPOS="2832"
                          HPOS="1427"
                          CONTENT="potentia"/>
                  <SP HEIGHT="69" WIDTH="17" VPOS="2832" HPOS="1628"/>
                  <String HEIGHT="69"
                          WIDTH="200"
                          VPOS="2832"
                          HPOS="1578"
                          CONTENT="mouentia"/>
                  <SP HEIGHT="69" WIDTH="17" VPOS="2832" HPOS="1778"/>
                  <String HEIGHT="69"
                          WIDTH="251"
                          VPOS="2832"
                          HPOS="1728"
                          CONTENT="intellectum"/>
                  <SP HEIGHT="69" WIDTH="17" VPOS="2832" HPOS="1978"/>
                  <String HEIGHT="69"
                          WIDTH="134"
                          VPOS="2832"
                          HPOS="1928"
                          CONTENT="esse"/>
                  <SP HEIGHT="69" WIDTH="17" VPOS="2832" HPOS="2062"/>
                  <String HEIGHT="69"
                          WIDTH="134"
                          VPOS="2832"
                          HPOS="2012"
                          CONTENT="actu"/>
                  <SP HEIGHT="69" WIDTH="17" VPOS="2832" HPOS="2145"/>
                  <String HEIGHT="69"
                          WIDTH="200"
                          VPOS="2832"
                          HPOS="2095"
                          CONTENT="mouentia"/>
                  <SP HEIGHT="69" WIDTH="17" VPOS="2832" HPOS="2296"/>
                  <String HEIGHT="69" WIDTH="50" VPOS="2832" HPOS="2229" CONTENT="&amp;"/>
               </TextLine>
               <TextLine ID="r1l49"
                         BASELINE="2961"
                         HEIGHT="67"
                         WIDTH="1790"
                         VPOS="2894"
                         HPOS="492">
                  <String HEIGHT="67"
                          WIDTH="216"
                          VPOS="2894"
                          HPOS="477"
                          CONTENT="existentia"/>
                  <SP HEIGHT="67" WIDTH="15" VPOS="2894" HPOS="693"/>
                  <String HEIGHT="67" WIDTH="93" VPOS="2894" HPOS="646" CONTENT="in"/>
                  <SP HEIGHT="67" WIDTH="15" VPOS="2894" HPOS="739"/>
                  <String HEIGHT="67" WIDTH="93" VPOS="2894" HPOS="693" CONTENT="eo"/>
                  <SP HEIGHT="67" WIDTH="15" VPOS="2894" HPOS="785"/>
                  <String HEIGHT="67" WIDTH="93" VPOS="2894" HPOS="739" CONTENT="vt"/>
                  <SP HEIGHT="67" WIDTH="15" VPOS="2894" HPOS="831"/>
                  <String HEIGHT="67" WIDTH="93" VPOS="2894" HPOS="785" CONTENT="in"/>
                  <SP HEIGHT="67" WIDTH="15" VPOS="2894" HPOS="878"/>
                  <String HEIGHT="67"
                          WIDTH="231"
                          VPOS="2894"
                          HPOS="831"
                          CONTENT="cognoscente"/>
                  <SP HEIGHT="67" WIDTH="15" VPOS="2894" HPOS="1063"/>
                  <String HEIGHT="67"
                          WIDTH="154"
                          VPOS="2894"
                          HPOS="1017"
                          CONTENT="solum:"/>
                  <SP HEIGHT="67" WIDTH="15" VPOS="2894" HPOS="1171"/>
                  <String HEIGHT="67" WIDTH="77" VPOS="2894" HPOS="1125" CONTENT="&amp;"/>
                  <SP HEIGHT="67" WIDTH="15" VPOS="2894" HPOS="1202"/>
                  <String HEIGHT="67"
                          WIDTH="108"
                          VPOS="2894"
                          HPOS="1156"
                          CONTENT="hoc"/>
                  <SP HEIGHT="67" WIDTH="15" VPOS="2894" HPOS="1264"/>
                  <String HEIGHT="67"
                          WIDTH="108"
                          VPOS="2894"
                          HPOS="1217"
                          CONTENT="sub"/>
                  <SP HEIGHT="67" WIDTH="15" VPOS="2894" HPOS="1325"/>
                  <String HEIGHT="67"
                          WIDTH="170"
                          VPOS="2894"
                          HPOS="1279"
                          CONTENT="ratione"/>
                  <SP HEIGHT="67" WIDTH="15" VPOS="2894" HPOS="1449"/>
                  <String HEIGHT="67"
                          WIDTH="231"
                          VPOS="2894"
                          HPOS="1402"
                          CONTENT="vniuersalis"/>
                  <SP HEIGHT="67" WIDTH="15" VPOS="2894" HPOS="1634"/>
                  <String HEIGHT="67"
                          WIDTH="123"
                          VPOS="2894"
                          HPOS="1588"
                          CONTENT="quod"/>
                  <SP HEIGHT="67" WIDTH="15" VPOS="2894" HPOS="1711"/>
                  <String HEIGHT="67"
                          WIDTH="123"
                          VPOS="2894"
                          HPOS="1665"
                          CONTENT="idem"/>
                  <SP HEIGHT="67" WIDTH="15" VPOS="2894" HPOS="1788"/>
                  <String HEIGHT="67" WIDTH="93" VPOS="2894" HPOS="1742" CONTENT="re"/>
                  <SP HEIGHT="67" WIDTH="15" VPOS="2894" HPOS="1835"/>
                  <String HEIGHT="67"
                          WIDTH="108"
                          VPOS="2894"
                          HPOS="1788"
                          CONTENT="est"/>
                  <SP HEIGHT="67" WIDTH="15" VPOS="2894" HPOS="1896"/>
                  <String HEIGHT="67" WIDTH="93" VPOS="2894" HPOS="1850" CONTENT="vt"/>
                  <SP HEIGHT="67" WIDTH="15" VPOS="2894" HPOS="1943"/>
                  <String HEIGHT="67"
                          WIDTH="108"
                          VPOS="2894"
                          HPOS="1896"
                          CONTENT="est"/>
                  <SP HEIGHT="67" WIDTH="15" VPOS="2894" HPOS="2004"/>
                  <String HEIGHT="67" WIDTH="93" VPOS="2894" HPOS="1958" CONTENT="in"/>
                  <SP HEIGHT="67" WIDTH="15" VPOS="2894" HPOS="2051"/>
                  <String HEIGHT="67"
                          WIDTH="247"
                          VPOS="2894"
                          HPOS="2004"
                          CONTENT="cognoscente,"/>
                  <SP HEIGHT="67" WIDTH="15" VPOS="2894" HPOS="2251"/>
                  <String HEIGHT="67"
                          WIDTH="93"
                          VPOS="2894"
                          HPOS="2189"
                          CONTENT="sci"
                          SUBS_TYPE="HypPart1"
                          SUBS_CONTENT="scilicet"/>
                  <HYP CONTENT="-"/>
               </TextLine>
               <TextLine ID="r1l50"
                         BASELINE="3013"
                         HEIGHT="73"
                         WIDTH="1781"
                         VPOS="2940"
                         HPOS="498">
                  <String HEIGHT="73"
                          WIDTH="144"
                          VPOS="2940"
                          HPOS="482"
                          CONTENT="licet"
                          SUBS_TYPE="HypPart2"
                          SUBS_CONTENT="scilicet"/>
                  <SP HEIGHT="73" WIDTH="16" VPOS="2940" HPOS="626"/>
                  <String HEIGHT="73"
                          WIDTH="241"
                          VPOS="2940"
                          HPOS="578"
                          CONTENT="imaginatiua"/>
                  <SP HEIGHT="73" WIDTH="16" VPOS="2940" HPOS="819"/>
                  <String HEIGHT="73"
                          WIDTH="112"
                          VPOS="2940"
                          HPOS="771"
                          CONTENT="sub"/>
                  <SP HEIGHT="73" WIDTH="16" VPOS="2940" HPOS="883"/>
                  <String HEIGHT="73"
                          WIDTH="176"
                          VPOS="2940"
                          HPOS="835"
                          CONTENT="ratione"/>
                  <SP HEIGHT="73" WIDTH="16" VPOS="2940" HPOS="1011"/>
                  <String HEIGHT="73"
                          WIDTH="273"
                          VPOS="2940"
                          HPOS="963"
                          CONTENT="particularis,"/>
                  <SP HEIGHT="73" WIDTH="16" VPOS="2940" HPOS="1236"/>
                  <String HEIGHT="73" WIDTH="80" VPOS="2940" HPOS="1188" CONTENT="&amp;"/>
                  <SP HEIGHT="73" WIDTH="16" VPOS="2940" HPOS="1268"/>
                  <String HEIGHT="73" WIDTH="96" VPOS="2940" HPOS="1220" CONTENT="in"/>
                  <SP HEIGHT="73" WIDTH="16" VPOS="2940" HPOS="1316"/>
                  <String HEIGHT="73"
                          WIDTH="225"
                          VPOS="2940"
                          HPOS="1268"
                          CONTENT="intellectu"/>
                  <SP HEIGHT="73" WIDTH="16" VPOS="2940" HPOS="1493"/>
                  <String HEIGHT="73"
                          WIDTH="112"
                          VPOS="2940"
                          HPOS="1445"
                          CONTENT="sub"/>
                  <SP HEIGHT="73" WIDTH="16" VPOS="2940" HPOS="1557"/>
                  <String HEIGHT="73"
                          WIDTH="176"
                          VPOS="2940"
                          HPOS="1509"
                          CONTENT="ratione"/>
                  <SP HEIGHT="73" WIDTH="16" VPOS="2940" HPOS="1685"/>
                  <String HEIGHT="73"
                          WIDTH="257"
                          VPOS="2940"
                          HPOS="1637"
                          CONTENT="vniuersalis."/>
                  <SP HEIGHT="73" WIDTH="16" VPOS="2940" HPOS="1894"/>
                  <String HEIGHT="73"
                          WIDTH="112"
                          VPOS="2940"
                          HPOS="1846"
                          CONTENT="ita"/>
                  <SP HEIGHT="73" WIDTH="16" VPOS="2940" HPOS="1958"/>
                  <String HEIGHT="73"
                          WIDTH="128"
                          VPOS="2940"
                          HPOS="1910"
                          CONTENT="quod"/>
                  <SP HEIGHT="73" WIDTH="16" VPOS="2940" HPOS="2038"/>
                  <String HEIGHT="73" WIDTH="96" VPOS="2940" HPOS="1990" CONTENT="in"/>
                  <SP HEIGHT="73" WIDTH="16" VPOS="2940" HPOS="2086"/>
                  <String HEIGHT="73"
                          WIDTH="144"
                          VPOS="2940"
                          HPOS="2038"
                          CONTENT="ipsum"/>
                  <SP HEIGHT="73" WIDTH="16" VPOS="2940" HPOS="2183"/>
                  <String HEIGHT="73"
                          WIDTH="160"
                          VPOS="2940"
                          HPOS="2119"
                          CONTENT="speculam"/>
               </TextLine>
               <TextLine ID="r1l51"
                         BASELINE="3058"
                         HEIGHT="60"
                         WIDTH="1794"
                         VPOS="2998"
                         HPOS="490">
                  <String HEIGHT="60"
                          WIDTH="117"
                          VPOS="2998"
                          HPOS="473"
                          CONTENT="tur"/>
                  <SP HEIGHT="60" WIDTH="17" VPOS="2998" HPOS="591"/>
                  <String HEIGHT="60"
                          WIDTH="251"
                          VPOS="2998"
                          HPOS="540"
                          CONTENT="intellectus"/>
                  <SP HEIGHT="60" WIDTH="17" VPOS="2998" HPOS="792"/>
                  <String HEIGHT="60" WIDTH="84" VPOS="2998" HPOS="741" CONTENT="&amp;"/>
                  <SP HEIGHT="60" WIDTH="17" VPOS="2998" HPOS="825"/>
                  <String HEIGHT="60"
                          WIDTH="268"
                          VPOS="2998"
                          HPOS="775"
                          CONTENT="imaginatiua:"/>
                  <SP HEIGHT="60" WIDTH="17" VPOS="2998" HPOS="1043"/>
                  <String HEIGHT="60"
                          WIDTH="117"
                          VPOS="2998"
                          HPOS="993"
                          CONTENT="nec"/>
                  <SP HEIGHT="60" WIDTH="17" VPOS="2998" HPOS="1110"/>
                  <String HEIGHT="60"
                          WIDTH="117"
                          VPOS="2998"
                          HPOS="1060"
                          CONTENT="est"/>
                  <SP HEIGHT="60" WIDTH="17" VPOS="2998" HPOS="1177"/>
                  <String HEIGHT="60"
                          WIDTH="201"
                          VPOS="2998"
                          HPOS="1127"
                          CONTENT="praesens"/>
                  <SP HEIGHT="60" WIDTH="17" VPOS="2998" HPOS="1328"/>
                  <String HEIGHT="60"
                          WIDTH="251"
                          VPOS="2998"
                          HPOS="1278"
                          CONTENT="intellectui"/>
                  <SP HEIGHT="60" WIDTH="17" VPOS="2998" HPOS="1530"/>
                  <String HEIGHT="60"
                          WIDTH="134"
                          VPOS="2998"
                          HPOS="1479"
                          CONTENT="nisi"/>
                  <SP HEIGHT="60" WIDTH="17" VPOS="2998" HPOS="1613"/>
                  <String HEIGHT="60"
                          WIDTH="134"
                          VPOS="2998"
                          HPOS="1563"
                          CONTENT="quia"/>
                  <SP HEIGHT="60" WIDTH="17" VPOS="2998" HPOS="1697"/>
                  <String HEIGHT="60"
                          WIDTH="201"
                          VPOS="2998"
                          HPOS="1647"
                          CONTENT="praesens"/>
                  <SP HEIGHT="60" WIDTH="17" VPOS="2998" HPOS="1848"/>
                  <String HEIGHT="60"
                          WIDTH="117"
                          VPOS="2998"
                          HPOS="1798"
                          CONTENT="est"/>
                  <SP HEIGHT="60" WIDTH="17" VPOS="2998" HPOS="1915"/>
                  <String HEIGHT="60"
                          WIDTH="285"
                          VPOS="2998"
                          HPOS="1865"
                          CONTENT="imaginatiuae."/>
                  <SP HEIGHT="60" WIDTH="17" VPOS="2998" HPOS="2150"/>
                  <String HEIGHT="60"
                          WIDTH="101"
                          VPOS="2998"
                          HPOS="2100"
                          CONTENT="Et"/>
                  <SP HEIGHT="60" WIDTH="17" VPOS="2998" HPOS="2200"/>
                  <String HEIGHT="60"
                          WIDTH="117"
                          VPOS="2998"
                          HPOS="2150"
                          CONTENT="hoc"/>
                  <SP HEIGHT="60" WIDTH="17" VPOS="2998" HPOS="2267"/>
                  <String HEIGHT="60"
                          WIDTH="84"
                          VPOS="2998"
                          HPOS="2200"
                          CONTENT="per"/>
               </TextLine>
               <TextLine ID="r1l52"
                         BASELINE="3126"
                         HEIGHT="69"
                         WIDTH="1781"
                         VPOS="3057"
                         HPOS="498">
                  <String HEIGHT="69"
                          WIDTH="194"
                          VPOS="3057"
                          HPOS="482"
                          CONTENT="actionem"/>
                  <SP HEIGHT="69" WIDTH="16" VPOS="3057" HPOS="676"/>
                  <String HEIGHT="69"
                          WIDTH="130"
                          VPOS="3057"
                          HPOS="628"
                          CONTENT="quam"/>
                  <SP HEIGHT="69" WIDTH="16" VPOS="3057" HPOS="757"/>
                  <String HEIGHT="69"
                          WIDTH="130"
                          VPOS="3057"
                          HPOS="708"
                          CONTENT="agit"/>
                  <SP HEIGHT="69" WIDTH="16" VPOS="3057" HPOS="838"/>
                  <String HEIGHT="69" WIDTH="97" VPOS="3057" HPOS="789" CONTENT="in"/>
                  <SP HEIGHT="69" WIDTH="16" VPOS="3057" HPOS="887"/>
                  <String HEIGHT="69"
                          WIDTH="243"
                          VPOS="3057"
                          HPOS="838"
                          CONTENT="imaginatiua"/>
                  <SP HEIGHT="69" WIDTH="16" VPOS="3057" HPOS="1081"/>
                  <String HEIGHT="69"
                          WIDTH="178"
                          VPOS="3057"
                          HPOS="1032"
                          CONTENT="species"/>
                  <SP HEIGHT="69" WIDTH="16" VPOS="3057" HPOS="1210"/>
                  <String HEIGHT="69"
                          WIDTH="194"
                          VPOS="3057"
                          HPOS="1162"
                          CONTENT="existens"/>
                  <SP HEIGHT="69" WIDTH="16" VPOS="3057" HPOS="1356"/>
                  <String HEIGHT="69" WIDTH="97" VPOS="3057" HPOS="1308" CONTENT="in"/>
                  <SP HEIGHT="69" WIDTH="16" VPOS="3057" HPOS="1405"/>
                  <String HEIGHT="69"
                          WIDTH="178"
                          VPOS="3057"
                          HPOS="1356"
                          CONTENT="memoria"/>
                  <SP HEIGHT="69" WIDTH="16" VPOS="3057" HPOS="1534"/>
                  <String HEIGHT="69"
                          WIDTH="227"
                          VPOS="3057"
                          HPOS="1486"
                          CONTENT="sensitiua,"/>
                  <SP HEIGHT="69" WIDTH="16" VPOS="3057" HPOS="1712"/>
                  <String HEIGHT="69"
                          WIDTH="113"
                          VPOS="3057"
                          HPOS="1664"
                          CONTENT="non"/>
                  <SP HEIGHT="69" WIDTH="16" VPOS="3057" HPOS="1777"/>
                  <String HEIGHT="69"
                          WIDTH="146"
                          VPOS="3057"
                          HPOS="1729"
                          CONTENT="solum"/>
                  <SP HEIGHT="69" WIDTH="16" VPOS="3057" HPOS="1874"/>
                  <String HEIGHT="69"
                          WIDTH="227"
                          VPOS="3057"
                          HPOS="1826"
                          CONTENT="imprimendo"/>
                  <SP HEIGHT="69" WIDTH="16" VPOS="3057" HPOS="2052"/>
                  <String HEIGHT="69" WIDTH="97" VPOS="3057" HPOS="2004" CONTENT="ei"/>
                  <SP HEIGHT="69" WIDTH="16" VPOS="3057" HPOS="2101"/>
                  <String HEIGHT="69"
                          WIDTH="178"
                          VPOS="3057"
                          HPOS="2052"
                          CONTENT="speciem"/>
                  <SP HEIGHT="69" WIDTH="16" VPOS="3057" HPOS="2230"/>
                  <String HEIGHT="69"
                          WIDTH="113"
                          VPOS="3057"
                          HPOS="2166"
                          CONTENT="suam:"/>
               </TextLine>
               <TextLine ID="r1l53"
                         BASELINE="3181"
                         HEIGHT="72"
                         WIDTH="1792"
                         VPOS="3109"
                         HPOS="499">
                  <String HEIGHT="72"
                          WIDTH="115"
                          VPOS="3109"
                          HPOS="483"
                          CONTENT="sed"/>
                  <SP HEIGHT="72" WIDTH="16" VPOS="3109" HPOS="598"/>
                  <String HEIGHT="72"
                          WIDTH="148"
                          VPOS="3109"
                          HPOS="548"
                          CONTENT="etiam"/>
                  <SP HEIGHT="72" WIDTH="16" VPOS="3109" HPOS="696"/>
                  <String HEIGHT="72"
                          WIDTH="214"
                          VPOS="3109"
                          HPOS="647"
                          CONTENT="immutando"/>
                  <SP HEIGHT="72" WIDTH="16" VPOS="3109" HPOS="861"/>
                  <String HEIGHT="72" WIDTH="99" VPOS="3109" HPOS="811" CONTENT="ad"/>
                  <SP HEIGHT="72" WIDTH="16" VPOS="3109" HPOS="910"/>
                  <String HEIGHT="72"
                          WIDTH="148"
                          VPOS="3109"
                          HPOS="861"
                          CONTENT="actum"/>
                  <SP HEIGHT="72" WIDTH="16" VPOS="3109" HPOS="1009"/>
                  <String HEIGHT="72"
                          WIDTH="247"
                          VPOS="3109"
                          HPOS="959"
                          CONTENT="imaginandi."/>
                  <SP HEIGHT="72" WIDTH="16" VPOS="3109" HPOS="1206"/>
                  <String HEIGHT="72"
                          WIDTH="115"
                          VPOS="3109"
                          HPOS="1157"
                          CONTENT="ita"/>
                  <SP HEIGHT="72" WIDTH="16" VPOS="3109" HPOS="1272"/>
                  <String HEIGHT="72"
                          WIDTH="132"
                          VPOS="3109"
                          HPOS="1222"
                          CONTENT="quod"/>
                  <SP HEIGHT="72" WIDTH="16" VPOS="3109" HPOS="1354"/>
                  <String HEIGHT="72"
                          WIDTH="247"
                          VPOS="3109"
                          HPOS="1305"
                          CONTENT="intellectus"/>
                  <SP HEIGHT="72" WIDTH="16" VPOS="3109" HPOS="1551"/>
                  <String HEIGHT="72"
                          WIDTH="164"
                          VPOS="3109"
                          HPOS="1502"
                          CONTENT="noster"/>
                  <SP HEIGHT="72" WIDTH="16" VPOS="3109" HPOS="1666"/>
                  <String HEIGHT="72"
                          WIDTH="148"
                          VPOS="3109"
                          HPOS="1617"
                          CONTENT="nihil"/>
                  <SP HEIGHT="72" WIDTH="16" VPOS="3109" HPOS="1765"/>
                  <String HEIGHT="72"
                          WIDTH="230"
                          VPOS="3109"
                          HPOS="1716"
                          CONTENT="intelligit"/>
                  <SP HEIGHT="72" WIDTH="16" VPOS="3109" HPOS="1946"/>
                  <String HEIGHT="72"
                          WIDTH="132"
                          VPOS="3109"
                          HPOS="1896"
                          CONTENT="nisi"/>
                  <SP HEIGHT="72" WIDTH="16" VPOS="3109" HPOS="2028"/>
                  <String HEIGHT="72"
                          WIDTH="230"
                          VPOS="3109"
                          HPOS="1979"
                          CONTENT="coniunctum"/>
                  <SP HEIGHT="72" WIDTH="16" VPOS="3109" HPOS="2209"/>
                  <String HEIGHT="72"
                          WIDTH="115"
                          VPOS="3109"
                          HPOS="2159"
                          CONTENT="cum"/>
                  <SP HEIGHT="72" WIDTH="16" VPOS="3109" HPOS="2275"/>
                  <String HEIGHT="72"
                          WIDTH="82"
                          VPOS="3109"
                          HPOS="2209"
                          CONTENT="sua"/>
               </TextLine>
               <TextLine ID="r1l54"
                         BASELINE="3223"
                         HEIGHT="67"
                         WIDTH="1778"
                         VPOS="3156"
                         HPOS="500">
                  <String HEIGHT="67"
                          WIDTH="275"
                          VPOS="3156"
                          HPOS="484"
                          CONTENT="imaginatione."/>
                  <SP HEIGHT="67" WIDTH="16" VPOS="3156" HPOS="759"/>
                  <String HEIGHT="67" WIDTH="97" VPOS="3156" HPOS="710" CONTENT="vt"/>
                  <SP HEIGHT="67" WIDTH="16" VPOS="3156" HPOS="807"/>
                  <String HEIGHT="67"
                          WIDTH="129"
                          VPOS="3156"
                          HPOS="759"
                          CONTENT="enim"/>
                  <SP HEIGHT="67" WIDTH="16" VPOS="3156" HPOS="888"/>
                  <String HEIGHT="67"
                          WIDTH="129"
                          VPOS="3156"
                          HPOS="839"
                          CONTENT="ipse"/>
                  <SP HEIGHT="67" WIDTH="16" VPOS="3156" HPOS="969"/>
                  <String HEIGHT="67"
                          WIDTH="226"
                          VPOS="3156"
                          HPOS="920"
                          CONTENT="speculetur"/>
                  <SP HEIGHT="67" WIDTH="16" VPOS="3156" HPOS="1147"/>
                  <String HEIGHT="67"
                          WIDTH="242"
                          VPOS="3156"
                          HPOS="1098"
                          CONTENT="phantasmata"/>
                  <SP HEIGHT="67" WIDTH="16" VPOS="3156" HPOS="1341"/>
                  <String HEIGHT="67"
                          WIDTH="113"
                          VPOS="3156"
                          HPOS="1292"
                          CONTENT="sub"/>
                  <SP HEIGHT="67" WIDTH="16" VPOS="3156" HPOS="1405"/>
                  <String HEIGHT="67"
                          WIDTH="178"
                          VPOS="3156"
                          HPOS="1357"
                          CONTENT="ratione"/>
                  <SP HEIGHT="67" WIDTH="16" VPOS="3156" HPOS="1534"/>
                  <String HEIGHT="67"
                          WIDTH="259"
                          VPOS="3156"
                          HPOS="1486"
                          CONTENT="vniuersalis,"/>
                  <SP HEIGHT="67" WIDTH="16" VPOS="3156" HPOS="1745"/>
                  <String HEIGHT="67"
                          WIDTH="178"
                          VPOS="3156"
                          HPOS="1696"
                          CONTENT="necesse"/>
                  <SP HEIGHT="67" WIDTH="16" VPOS="3156" HPOS="1874"/>
                  <String HEIGHT="67"
                          WIDTH="113"
                          VPOS="3156"
                          HPOS="1825"
                          CONTENT="est"/>
                  <SP HEIGHT="67" WIDTH="16" VPOS="3156" HPOS="1939"/>
                  <String HEIGHT="67"
                          WIDTH="259"
                          VPOS="3156"
                          HPOS="1890"
                          CONTENT="imaginatiuam"/>
                  <SP HEIGHT="67" WIDTH="16" VPOS="3156" HPOS="2149"/>
                  <String HEIGHT="67"
                          WIDTH="129"
                          VPOS="3156"
                          HPOS="2100"
                          CONTENT="idem"/>
                  <SP HEIGHT="67" WIDTH="16" VPOS="3156" HPOS="2230"/>
                  <String HEIGHT="67"
                          WIDTH="113"
                          VPOS="3156"
                          HPOS="2165"
                          CONTENT="simul"/>
               </TextLine>
               <TextLine ID="r1l55"
                         BASELINE="3298"
                         HEIGHT="87"
                         WIDTH="1790"
                         VPOS="3211"
                         HPOS="497">
                  <String HEIGHT="87"
                          WIDTH="212"
                          VPOS="3211"
                          HPOS="481"
                          CONTENT="speculari"/>
                  <SP HEIGHT="87" WIDTH="16" VPOS="3211" HPOS="692"/>
                  <String HEIGHT="87"
                          WIDTH="114"
                          VPOS="3211"
                          HPOS="643"
                          CONTENT="sub"/>
                  <SP HEIGHT="87" WIDTH="16" VPOS="3211" HPOS="757"/>
                  <String HEIGHT="87"
                          WIDTH="179"
                          VPOS="3211"
                          HPOS="709"
                          CONTENT="ratione"/>
                  <SP HEIGHT="87" WIDTH="16" VPOS="3211" HPOS="888"/>
                  <String HEIGHT="87"
                          WIDTH="277"
                          VPOS="3211"
                          HPOS="839"
                          CONTENT="particularis."/>
                  <SP HEIGHT="87" WIDTH="16" VPOS="3211" HPOS="1115"/>
                  <String HEIGHT="87"
                          WIDTH="179"
                          VPOS="3211"
                          HPOS="1067"
                          CONTENT="Propter"/>
                  <SP HEIGHT="87" WIDTH="16" VPOS="3211" HPOS="1246"/>
                  <String HEIGHT="87"
                          WIDTH="130"
                          VPOS="3211"
                          HPOS="1197"
                          CONTENT="quod"/>
                  <SP HEIGHT="87" WIDTH="16" VPOS="3211" HPOS="1327"/>
                  <String HEIGHT="87"
                          WIDTH="130"
                          VPOS="3211"
                          HPOS="1278"
                          CONTENT="bene"/>
                  <SP HEIGHT="87" WIDTH="16" VPOS="3211" HPOS="1408"/>
                  <String HEIGHT="87"
                          WIDTH="146"
                          VPOS="3211"
                          HPOS="1359"
                          CONTENT="dixit"/>
                  <SP HEIGHT="87" WIDTH="16" VPOS="3211" HPOS="1506"/>
                  <String HEIGHT="87"
                          WIDTH="195"
                          VPOS="3211"
                          HPOS="1457"
                          CONTENT="Auicenna"/>
                  <SP HEIGHT="87" WIDTH="16" VPOS="3211" HPOS="1652"/>
                  <String HEIGHT="87" WIDTH="98" VPOS="3211" HPOS="1604" CONTENT="in"/>
                  <SP HEIGHT="87" WIDTH="16" VPOS="3211" HPOS="1701"/>
                  <String HEIGHT="87"
                          WIDTH="114"
                          VPOS="3211"
                          HPOS="1652"
                          CONTENT="suo"/>
                  <SP HEIGHT="87" WIDTH="16" VPOS="3211" HPOS="1766"/>
                  <String HEIGHT="87"
                          WIDTH="146"
                          VPOS="3211"
                          HPOS="1717"
                          CONTENT="libro"/>
                  <SP HEIGHT="87" WIDTH="16" VPOS="3211" HPOS="1864"/>
                  <String HEIGHT="87" WIDTH="98" VPOS="3211" HPOS="1815" CONTENT="de"/>
                  <SP HEIGHT="87" WIDTH="16" VPOS="3211" HPOS="1913"/>
                  <String HEIGHT="87"
                          WIDTH="163"
                          VPOS="3211"
                          HPOS="1864"
                          CONTENT="anima,"/>
                  <SP HEIGHT="87" WIDTH="16" VPOS="3211" HPOS="2027"/>
                  <String HEIGHT="87"
                          WIDTH="130"
                          VPOS="3211"
                          HPOS="1978"
                          CONTENT="quod"/>
                  <SP HEIGHT="87" WIDTH="16" VPOS="3211" HPOS="2108"/>
                  <String HEIGHT="87" WIDTH="98" VPOS="3211" HPOS="2059" CONTENT="in"/>
                  <SP HEIGHT="87" WIDTH="16" VPOS="3211" HPOS="2157"/>
                  <String HEIGHT="87"
                          WIDTH="195"
                          VPOS="3211"
                          HPOS="2092"
                          CONTENT="intellectu"/>
               </TextLine>
            </TextBlock>
         </PrintSpace>
      </Page>
   </Layout>
</alto>
