2391 3787
120 357 158 89 sentia
231 357 158 89 animae
342 357 174 89 humanae
469 357 127 89 quae
548 357 111 89 est
611 357 190 89 formalis
754 357 127 89 pars
833 357 95 89 in
880 357 190 89 essentia
1023 357 174 89 humana.
1150 357 127 89 Vnde
1229 357 95 89 ad
1276 357 111 89 hoc
1340 357 127 89 quod
1419 357 174 89 angelus
1546 357 127 89 actu
1625 357 222 89 intelligat
1799 357 127 89 alia
1862 357 48 89 a

117 436 89 64 se
162 436 89 64 ex
206 436 134 64 parte
295 436 238 64 intellectiui
489 436 178 64 secundum
622 436 119 64 quod
697 436 89 64 ad
741 436 134 64 actum
830 436 238 64 intelligendi
1024 436 193 64 refertur,
1172 436 104 64 vel
1232 436 89 64 vt
1276 436 267 64 intellectiuum,
1499 436 134 64 nihil
1588 436 163 64 amplius
1707 436 208 64 requiritur
1856 436 59 64 su

114 491 104 66 per
174 491 134 66 ipsam
263 491 178 66 rationem
396 491 252 66 intellectiui:
604 491 134 66 sicut
693 491 134 66 neque
782 491 134 66 super
871 491 193 66 essentiam
1019 491 178 66 materiae
1153 491 74 66 &
1183 491 119 66 eius
1257 491 193 66 potentiam
1405 491 178 66 passiuam
1539 491 89 66 ex
1583 491 134 66 parte
1673 491 193 66 essentiae
1806 491 104 66 nihil

118 536 201 62 requiritur
276 536 86 62 vt
319 536 173 62 recipiat
449 536 144 62 formam
549 536 115 62 quam
621 536 201 62 compositum
780 536 86 62 ex
823 536 158 62 materia
938 536 72 62 &
967 536 130 62 forma
1053 536 144 62 possit
1154 536 86 62 in
1197 536 216 62 operationem
1370 536 158 62 debitam
1485 536 115 62 suae
1557 536 173 62 speciei:
1686 536 173 62 secundum
1816 536 115 62 quod

108 597 111 65 hoc
171 597 158 65 aparte
282 597 158 65 probat
393 597 237 65 philosophus
582 597 95 65 in
629 597 126 65 fine
708 597 158 65 octaui
819 597 269 65 metaphysicae.
1040 597 126 65 VNde
1119 597 190 65 quicquid
1261 597 95 65 ad
1309 597 142 65 actum
1403 597 253 65 intelligendi
1609 597 95 65 in
1656 597 158 65 angelo
1751 597 142 65 requiri

111 658 109 62 tur
174 658 140 62 super
267 658 202 62 essentiam
422 658 124 62 suam
500 658 78 62 &
531 658 202 62 potentiam
687 658 109 62 qua
749 658 109 62 est
811 658 171 62 aliquid
935 658 280 62 intellectiuum,
1168 658 140 62 illud
1262 658 218 62 requiritur
1433 658 93 62 ex
1479 658 140 62 parte
1573 658 295 62 intelligibilis,
1806 658 93 62 sine

113 703 111 60 quo
177 703 111 60 non
240 703 159 60 potest
351 703 95 60 in
399 703 143 60 actum
494 703 254 60 intelligendi
701 703 286 60 intellectiuum:
939 703 143 60 sicut
1034 703 143 60 neque
1130 703 175 60 materia
1257 703 95 60 ex
1304 703 95 60 se
1352 703 95 60 in
1400 703 143 60 actum
1495 703 206 60 compositi
1654 703 175 60 debitum
1765 703 127 60 formae

107 757 96 66 Et
155 757 96 66 in
203 757 112 66 hoc
267 757 176 66 deficit
395 757 144 66 omnis
491 757 240 66 intellectus
682 757 176 66 creatus
810 757 96 66 ab
858 757 224 66 intellectu
1034 757 208 66 increato.
1194 757 128 66 Ille
1274 757 128 66 enim
1354 757 144 66 extra
1450 757 128 66 suam
1529 757 208 66 essentiam
1689 757 144 66 nihil
1785 757 144 66 aliud

108 810 184 63 requirit
246 810 92 63 ad
292 810 138 63 actum
384 810 123 63 suum
461 810 261 63 intelligendi.
676 810 123 63 immo
753 810 123 63 ipsa
830 810 92 63 ex
876 810 92 63 se
922 810 108 63 non
983 810 108 63 est
1045 810 123 63 nisi
1122 810 184 63 essentia
1260 810 169 63 simplex
1383 810 230 63 illimitata:
1567 810 123 63 quod
1644 810 108 63 est
1706 810 138 63 ipsum
1782 810 108 63 viue-

106 869 90 59 re
151 869 255 59 intellectuale
361 869 75 59 &
391 869 105 59 ita
451 869 135 59 ipsum
541 869 240 59 intelligere:
736 869 105 59 ita
796 869 120 59 quod
871 869 105 59 non
931 869 120 59 nisi
1006 869 165 59 ratione
1126 869 90 59 in
1171 869 120 59 ipsa
1246 869 180 59 essentia
1381 869 195 59 differant
1531 869 255 59 intellectiuum
1741 869 75 59 &
1756 869 135 59 intelli

108 920 167 61 gibile
225 920 83 61 &
258 920 150 61 actus
358 920 283 61 intelligendi:
591 920 250 61 quemadmodum
791 920 150 61 supra
891 920 200 61 diximus.
1041 920 100 61 Vt
1091 920 117 61 per
1157 920 117 61 hoc
1224 920 150 61 plane
1324 920 167 61 pateat
1440 920 133 61 quod
1524 920 200 61 secundum
1674 920 150 61 istum
1773 920 150 61 modum

104 970 240 66 intelligendi
299 970 105 66 per
359 970 165 66 aliquid
479 970 90 66 vt
524 970 105 66 per
584 970 270 66 intellectiuum,
809 970 135 66 multo
899 970 225 66 differenter
1078 970 120 66 deus
1153 970 165 66 dicitur
1273 970 225 66 intelligere
1453 970 105 66 per
1513 970 120 66 suam
1588 970 195 66 essentiam
1738 970 75 66 &
1753 970 135 66 angelus

110 1031 69 57 &
138 1031 111 57 homo
207 1031 111 57 Deus
276 1031 111 57 enim
345 1031 193 57 intelligit
497 1031 97 57 per
552 1031 111 57 suam
622 1031 180 57 essentiam
760 1031 83 57 vt
801 1031 97 57 per
856 1031 152 57 aliquid
967 1031 249 57 intellectiuum:
1174 1031 111 57 quod
1243 1031 124 57 nihil
1326 1031 138 57 aliuae
1423 1031 166 57 requirit
1547 1031 124 57 super
1630 1031 180 57 essentiam
1769 1031 83 57 ad
1796 1031 97 57 actum

96 1078 262 70 intelligendi:
311 1078 123 70 etsi
388 1078 185 70 requirat
526 1078 200 70 differens
680 1078 185 70 ratione,
819 1078 123 70 quia
896 1078 108 70 non
957 1078 108 70 est
1019 1078 231 70 intelligere
1204 1078 138 70 actum
1296 1078 246 70 intelligendi
1496 1078 123 70 sine
1573 1078 169 70 ratione
1681 1078 215 70 intellectiui

111 1134 77 63 &
141 1134 291 63 intelligibilis:
386 1134 123 63 quae
463 1134 138 63 simul
555 1134 123 63 sunt
631 1134 123 63 vnum
708 1134 260 63 intellectiuum
922 1134 184 63 secundum
1060 1134 153 63 actum,
1167 1134 92 63 vt
1213 1134 153 63 dictum
1320 1134 123 63 est.
1397 1134 168 63 ANgelus
1519 1134 138 63 autem
1611 1134 107 63 vel
1673 1134 123 63 homo
1734 1134 153 63 intelli-

115 1189 98 62 git
171 1189 98 62 per
227 1189 112 62 suam
296 1189 181 62 essentiam
436 1189 84 62 vt
478 1189 98 62 per
533 1189 153 62 aliquid
645 1189 237 62 intellectiuum
840 1189 112 62 quid
910 1189 84 62 ad
952 1189 126 62 actum
1035 1189 223 62 intelligendi
1217 1189 167 62 requirit
1342 1189 126 62 super
1426 1189 181 62 essentiam
1565 1189 112 62 suam
1635 1189 153 62 aliquid
1747 1189 126 62 aliud
1816 1189 70 62 dif

104 1239 139 59 ferens
201 1239 83 59 re
243 1239 83 59 ab
284 1239 111 59 ipsa
354 1239 180 59 essentia:
492 1239 111 59 quod
562 1239 97 59 fit
617 1239 83 59 ex
659 1239 125 59 parte
742 1239 263 59 intelligibilis.
963 1239 83 59 Si
1005 1239 111 59 ergo
1074 1239 166 59 quaestio
1199 1239 222 59 intelligatur
1379 1239 152 59 secundo
1490 1239 83 59 me
1532 1239 166 59 scilicet
1656 1239 83 59 de
1698 1239 222 59 intelligendo

103 1296 111 64 per
167 1296 174 64 aliquid
293 1296 143 64 sicut
388 1296 111 64 per
452 1296 269 64 intelligibile
673 1296 174 64 formale
800 1296 79 64 &
832 1296 174 64 actiuum
958 1296 95 64 in
1006 1296 127 64 actu
1085 1296 269 64 intelligendi:
1307 1296 127 64 dico
1386 1296 127 64 quod
1465 1296 174 64 angelus
1592 1296 111 64 non
1655 1296 222 64 intelligit
1814 1296 79 64 res

106 1348 127 71 alias
191 1348 71 71 a
219 1348 85 71 se
261 1348 99 71 per
318 1348 113 71 suam
388 1348 198 71 essentiam:
544 1348 71 71 &
572 1348 113 71 quid
642 1348 113 71 plus
713 1348 99 71 est
770 1348 127 71 neque
854 1348 113 71 suam
925 1348 198 71 essentiam,
1080 1348 184 71 propriam,
1221 1348 85 71 vt
1264 1348 99 71 iam
1320 1348 169 71 dicetur:
1447 1348 99 71 sed
1504 1348 127 71 solum
1588 1348 99 71 per
1645 1348 155 71 aliquid
1758 1348 155 71 additum

97 1402 135 62 suae
182 1402 220 62 essentiae
351 1402 101 62 re
401 1402 220 62 differens
570 1402 101 62 ab
621 1402 152 62 illa:
722 1402 101 62 ex
773 1402 118 62 quo
840 1402 118 62 cum
908 1402 270 62 intellectiuo
1128 1402 186 62 fundato
1263 1402 101 62 in
1314 1402 203 62 essentia
1466 1402 169 62 angeli
1584 1402 135 62 fiat
1668 1402 135 62 vnum
1736 1402 152 62 princi-

97 1461 132 60 pium
179 1461 148 60 actus
278 1461 280 60 intelligendi.
509 1461 82 60 &
542 1461 115 60 per
608 1461 148 60 actum
707 1461 115 60 est
773 1461 132 60 vnum
855 1461 247 60 intelligens
1053 1461 198 60 secundum
1202 1461 148 60 actum
1301 1461 132 60 ipsa
1383 1461 115 60 res
1449 1461 247 60 intellecta.
1647 1461 115 60 Per
1713 1461 132 60 suam
1779 1461 99 60 enim

100 1508 200 61 essentiam
253 1508 169 61 tanquam
376 1508 108 61 per
438 1508 184 61 rationem
576 1508 277 61 intelligibilis
806 1508 230 61 intelligere
991 1508 138 61 primo
1083 1508 77 61 &
1114 1508 108 61 per
1175 1508 92 61 se
1221 1508 123 61 siue
1298 1508 169 61 seipsum
1421 1508 123 61 siue
1498 1508 123 61 alia
1575 1508 77 61 a
1605 1508 108 61 se:
1667 1508 108 61 hoc
1728 1508 123 61 soli
1805 1508 108 61 deo

96 1563 212 57 conuenit:
259 1563 98 57 vt
308 1563 147 57 infra
406 1563 180 57 patebit
536 1563 114 57 quo
602 1563 98 57 ad
651 1563 245 57 intellectum
846 1563 228 57 suiipsius.
1026 1563 114 57 Quo
1091 1563 98 57 ad
1140 1563 245 57 intellectum
1336 1563 131 57 vero
1418 1563 180 57 aliorum
1548 1563 82 57 a
1581 1563 114 57 se,
1646 1563 147 57 patet
1744 1563 131 57 quod
1809 1563 82 57 nul

105 1615 83 66 lo
147 1615 111 66 modo
216 1615 139 66 potest
313 1615 97 66 per
369 1615 111 66 suam
438 1615 181 66 essentiam
577 1615 208 66 intelligere
744 1615 111 66 alia
813 1615 69 66 a
841 1615 97 66 se.
897 1615 153 66 quoniam
1008 1615 97 66 sua
1064 1615 167 66 essentia
1189 1615 97 66 non
1244 1615 97 66 est
1300 1615 153 66 propria
1411 1615 125 66 ratio
1494 1615 167 66 alicuius
1619 1615 153 66 aliorum
1730 1615 69 66 a
1758 1615 97 66 se,
1800 1615 83 66 quem

108 1668 160 61 admodum
225 1668 102 61 est
283 1668 174 61 essentia
414 1668 116 61 dei:
486 1668 116 61 nisi
559 1668 174 61 secundum
690 1668 189 61 opinionem
835 1668 247 61 philosophorum
1039 1668 102 61 qui
1097 1668 174 61 ponebant
1228 1668 116 61 quod
1301 1668 247 61 intelligentia
1504 1668 174 61 superior
1635 1668 131 61 esset
1722 1668 131 61 causa
1795 1668 87 61 pro-

112 1720 123 63 pria
188 1720 230 63 inferiorum.
372 1720 123 63 lpsi
449 1720 123 63 enim
525 1720 168 63 necesse
648 1720 184 63 habebant
785 1720 153 63 ponere
893 1720 123 63 quod
969 1720 260 63 intelligentia
1184 1720 184 63 superior
1321 1720 199 63 inferiora
1475 1720 153 63 quorum
1582 1720 107 63 est
1643 1720 123 63 cam,
1704 1720 184 63 intellige-

110 1774 109 57 ret
173 1774 109 57 per
235 1774 125 57 suam
313 1774 202 57 essentiam
468 1774 218 57 tanquamper
640 1774 93 57 id
686 1774 125 57 quod
764 1774 125 57 est,
842 1774 171 57 propria
967 1774 140 57 ratio
1060 1774 140 57 eius:
1153 1774 233 57 quemadmodum
1340 1774 109 57 nos
1402 1774 171 57 dicimus
1527 1774 125 57 deum
1605 1774 140 57 omnia
1698 1774 125 57 alia
1760 1774 125 57 intel-

115 1827 152 60 ligere
221 1827 106 60 per
282 1827 121 60 suam
357 1827 197 60 essentiam
509 1827 91 60 vt
554 1827 106 60 per
615 1827 91 60 id
660 1827 121 60 quid
736 1827 106 60 est
797 1827 167 60 propria
918 1827 136 60 ratio
1009 1827 167 60 omnium.
1130 1827 227 60 Vnumquodque
1312 1827 121 60 enim
1388 1827 242 60 intelligitur
1585 1827 106 60 per
1646 1827 91 60 id
1691 1827 121 60 quid
1767 1827 106 60 est
1812 1827 76 60 sua

115 1885 157 59 propria
229 1885 129 59 ratio
315 1885 100 59 non
372 1885 100 59 per
429 1885 129 59 aliud
515 1885 114 59 nisi
586 1885 86 59 in
629 1885 214 59 vniuersali.
800 1885 157 59 quoniam
915 1885 129 59 omnis
1000 1885 171 59 cognitio
1129 1885 100 59 fit
1186 1885 100 59 per
1243 1885 257 59 assimilationem
1457 1885 114 59 quae
1529 1885 186 59 consistit
1672 1885 86 59 in
1715 1885 157 59 ratione
1829 1885 86 59 in

114 1935 221 64 telligendi
288 1935 95 64 ex
335 1935 142 64 parte
430 1935 300 64 intelligibilis.
683 1935 126 64 Vnde
762 1935 126 64 quia
841 1935 190 64 essentia
983 1935 142 64 vnius
1078 1935 158 64 angeli
1189 1935 111 64 non
1252 1935 237 64 assimilatur
1442 1935 205 64 essentiae
1600 1935 190 64 alterius
1742 1935 126 64 nisi
1821 1935 95 64 in

115 1987 157 55 natura
225 1987 189 55 communis
367 1987 173 55 generis
493 1987 110 55 aut
555 1987 189 55 speciei:
697 1987 141 55 neque
791 1987 141 55 multo
886 1987 141 55 minus
980 1987 204 55 essentiae
1137 1987 236 55 cuiuscumque
1326 1987 110 55 rei
1389 1987 204 55 alterius:
1546 1987 110 55 per
1609 1987 126 55 suam
1687 1987 126 55 ergo
1750 1987 126 55 essen-

114 2041 132 60 tiam
197 2041 132 60 vnus
280 2041 182 60 angelus
412 2041 149 60 nihil
511 2041 149 60 aliud
610 2041 83 60 a
643 2041 99 60 se
692 2041 231 60 intelligit
874 2041 132 60 nisi
956 2041 231 60 incomplete
1138 2041 83 60 &
1171 2041 99 60 in
1221 2041 248 60 vniuersali,
1419 2041 132 60 quia
1501 2041 165 60 semper
1617 2041 99 60 in
1666 2041 215 60 quacumque
1815 2041 66 60 re

108 2096 126 56 alia
187 2096 110 56 est
250 2096 142 56 ratio
344 2096 110 56 qua
407 2096 189 56 convenit
549 2096 110 56 cum
611 2096 142 56 alia,
706 2096 94 56 ab
753 2096 126 56 illa
832 2096 110 56 qua
894 2096 173 56 differt
1020 2096 94 56 ab
1067 2096 157 56 eadem.
1177 2096 110 56 Sed
1240 2096 142 56 illud
1335 2096 252 56 superadditum
1539 2096 204 56 essentiae
1696 2096 142 56 dicit
1775 2096 110 56 commu

108 2154 114 66 nis
173 2154 162 66 opinio
286 2154 130 66 esse
367 2154 178 66 speciem
497 2154 130 66 siue
578 2154 276 66 similitudinem
805 2154 178 66 aliquam
935 2154 292 66 intelligibilis
1178 2154 211 66 impressam
1341 2154 81 66 a
1373 2154 211 66 creatione
1535 2154 260 66 intellectui:
1730 2154 146 66 quemad-

107 2205 146 53 modum
204 2205 178 53 species
333 2205 226 53 sensibilis
511 2205 226 53 imprimitur
689 2205 162 53 organo
802 2205 178 53 sensus.
932 2205 113 53 lta
996 2205 129 53 quod
1077 2205 226 53 cuiuslibet
1255 2205 113 53 rei
1320 2205 129 53 quam
1401 2205 146 53 debet
1498 2205 129 53 actu
1579 2205 259 53 intelligere,
1773 2205 113 53 debet

110 2255 157 64 habere
220 2255 172 64 speciem
345 2255 125 64 sibi
424 2255 204 64 impressam
580 2255 110 64 qua
643 2255 219 64 informetur
815 2255 94 64 vt
862 2255 110 64 per
925 2255 141 64 ipsum
1019 2255 125 64 fiat
1097 2255 188 64 quodammo
1238 2255 141 64 ipsum
1332 2255 282 64 intelligibile:
1567 2255 78 64 &
1598 2255 110 64 sit
1661 2255 219 64 compositum
1817 2255 63 64 ex

120 2310 170 57 vtroque
243 2310 123 57 vnum
320 2310 216 57 principium
489 2310 139 57 actus
582 2310 262 57 intelligendi:
798 2310 77 57 &
829 2310 123 57 vnum
906 2310 231 57 intelligens
1091 2310 185 57 secundum
1229 2310 154 57 actum,
1337 2310 92 57 vt
1383 2310 139 57 supra
1476 2310 200 57 expositum
1630 2310 123 57 est.
1707 2310 108 57 Sed
1769 2310 123 57 tunc
1830 2310 62 57 se

120 2362 159 60 quuntur
235 2362 275 60 inconuenientia:
467 2362 116 60 quae
539 2362 130 60 supra
626 2362 87 60 in
670 2362 203 60 rationibus
829 2362 145 60 contra
930 2362 130 60 illam
1017 2362 203 60 positionem
1177 2362 116 60 sunt
1249 2362 159 60 posita.
1365 2362 101 60 Cum
1423 2362 145 60 igitur
1524 2362 159 60 praeter
1640 2362 159 60 species
1756 2362 101 60 non
1799 2362 87 60 pos-

118 2416 106 64 sit
178 2416 136 64 super
269 2416 197 64 essentiam
421 2416 151 64 angeli
527 2416 151 64 apponi
633 2416 121 64 nisi
708 2416 182 64 habitus,
844 2416 91 64 vt
890 2416 151 64 dictum
996 2416 106 64 est
1056 2416 151 64 supra:
1162 2416 167 64 dicimus
1283 2416 121 64 quod
1359 2416 136 64 illud
1450 2416 106 64 est
1511 2416 167 64 habitus
1632 2416 227 64 scientialis
1813 2416 106 64 quo

110 2469 224 60 intelligit
286 2469 112 60 res
350 2469 144 60 etiam
447 2469 192 60 antequam
591 2469 128 60 sint
671 2469 96 60 in
719 2469 240 60 existentia:
911 2469 112 60 quo
975 2469 144 60 etiam
1072 2469 128 60 ipse
1152 2469 240 60 intellectus
1344 2469 192 60 educitur
1488 2469 96 60 de
1536 2469 192 60 potentia
1665 2469 224 60 intelligendi

115 2525 99 56 ad
164 2525 165 56 actum.
279 2525 115 56 Qui
345 2525 148 56 licet
444 2525 181 56 immutet
576 2525 82 56 &
609 2525 198 56 inclinet
758 2525 247 56 intellectum
956 2525 99 56 ad
1005 2525 148 56 actum
1104 2525 264 56 intelligendi
1318 2525 99 56 in
1368 2525 148 56 modum
1467 2525 198 56 naturae:
1615 2525 132 56 quia
1698 2525 148 56 tamen
1780 2525 99 56 sci-

115 2574 144 63 bilia
211 2574 96 63 in
259 2574 128 63 ipso
339 2574 112 63 non
403 2574 128 63 sunt
483 2574 128 63 nisi
563 2574 160 63 habitu
676 2574 80 63 &
708 2574 192 63 virtute:
852 2574 128 63 ideo
932 2574 112 63 per
996 2574 272 63 inclinationem
1220 2574 176 63 habitus
1348 2574 80 63 &
1380 2574 256 63 immutationem
1589 2574 128 63 quam
1669 2574 144 63 facit
1765 2574 96 63 in
1813 2574 96 63 in

110 2631 188 55 tellectu
251 2631 110 55 per
314 2631 125 55 suam
392 2631 266 55 inclinationem
612 2631 110 55 non
674 2631 219 55 reducuntur
847 2631 94 55 ad
894 2631 141 55 actum
988 2631 94 55 vt
1035 2631 125 55 actu
1113 2631 141 55 agant
1207 2631 94 55 in
1254 2631 235 55 intellectum
1442 2631 94 55 de
1489 2631 235 55 necessitate
1677 2631 157 55 simul:
1771 2631 110 55 sicut

115 2685 234 61 reducerent
299 2685 184 61 species
432 2685 100 61 si
482 2685 100 61 de
532 2685 100 61 se
583 2685 267 61 sufficerent,
799 2685 100 61 vt
849 2685 167 61 dictum
966 2685 133 61 est:
1050 2685 117 61 sed
1116 2685 150 61 solum
1217 2685 234 61 reducuntur
1400 2685 200 61 secundum
1550 2685 300 61 possibilitatem
1784 2685 100 61 capa

116 2739 187 66 citatis
252 2739 255 66 intellectus
456 2739 272 66 discurrentis
677 2739 102 66 ab
728 2739 119 66 vno
796 2739 102 66 in
847 2739 204 66 alterum,
1000 2739 102 66 vt
1050 2739 170 66 tactum
1169 2739 119 66 est
1237 2739 102 66 in
1288 2739 170 66 parte.
1407 2739 119 66 Sed
1475 2739 119 66 cum
1543 2739 102 66 vt
1594 2739 153 66 saepe
1696 2739 170 66 dictum
1798 2739 85 66 est

111 2792 198 62 potentia
260 2792 298 62 intellectualis
508 2792 99 62 vt
558 2792 298 62 intellectualis
806 2792 83 62 &
839 2792 215 62 receptiua
1004 2792 132 62 est,
1087 2792 99 62 ex
1136 2792 99 62 se
1186 2792 165 62 omnino
1302 2792 215 62 disposita
1467 2792 116 62 est
1533 2792 99 62 ad
1582 2792 264 62 immutationem
1781 2792 99 62 alte

117 2846 132 59 rius
200 2846 282 59 suscipiendam:
432 2846 99 59 et
482 2846 182 59 habitus
614 2846 248 59 scientialis
813 2846 99 59 ex
863 2846 99 59 se
912 2846 199 59 sufficit
1061 2846 215 59 inclinare
1227 2846 83 59 &
1260 2846 116 59 per
1326 2846 116 59 hoc
1393 2846 215 59 immutare:
1558 2846 99 59 ad
1608 2846 265 59 immutationem
1807 2846 66 59 er

106 2897 120 60 go
166 2897 261 60 huiusmodi
367 2897 261 60 saciendam
568 2897 141 60 per
648 2897 221 60 habitum
809 2897 181 60 vanum
929 2897 141 60 est
1010 2897 100 60 &
1050 2897 201 60 omnino
1190 2897 281 60 supersluum
1411 2897 201 60 ponere
1552 2897 120 60 ad
1612 2897 181 60 actum
1712 2897 161 60 intel-

120 2953 193 66 ligendi
261 2953 176 66 dictas
384 2953 193 66 species
525 2953 106 66 in
578 2953 246 66 intellectu
771 2953 229 66 angelico:
947 2953 141 66 quia
1035 2953 158 66 etiam
1140 2953 106 66 ab
1193 2953 158 66 illis
1299 2953 123 66 qui
1369 2953 229 66 huiusmodi
1545 2953 193 66 species
1686 2953 193 66 ponunt,
1809 2953 70 66 po

108 3002 196 62 nuntur
246 3002 216 62 habitus
403 3002 295 62 scientiales
639 3002 118 62 in
698 3002 236 62 angelis.
874 3002 157 62 Vnde
973 3002 216 62 ponimus
1130 3002 177 62 solum
1248 3002 216 62 habitum
1405 3002 255 62 sufficere
1601 3002 314 62 superadditum

117 3055 242 64 essentiae
303 3055 186 64 angeli
433 3055 112 64 ad
489 3055 316 64 intelligendum
749 3055 297 64 necessarium.
991 3055 130 64 Qui
1065 3055 186 64 quidem
1195 3055 204 64 habitus
1344 3055 260 64 dupliciter
1548 3055 186 64 potest
1660 3055 223 64 considera-

108 3113 129 62 ri.
181 3113 129 62 Vno
255 3113 148 62 modo
348 3113 111 62 vt
403 3113 129 62 est
477 3113 203 62 habitus
625 3113 111 62 de
680 3113 166 62 prima
791 3113 185 62 specie
920 3113 277 62 qualitatis.
1141 3113 148 62 Alio
1234 3113 148 62 modo
1326 3113 111 62 vt
1381 3113 277 62 virtualiter
1603 3113 129 62 est
1677 3113 240 62 quodammo-

113 3168 114 55 do
170 3168 152 55 ipsa
265 3168 247 55 scibilia:
455 3168 95 55 &
493 3168 133 55 per
569 3168 247 55 naturalem
759 3168 285 55 connexionem
987 3168 171 55 habet
1101 3168 152 55 ipsa
1196 3168 285 55 intellectui
1424 3168 228 55 secundum
1595 3168 171 55 actum
1690 3168 190 55 praesen-

104 3219 171 76 tare.
218 3219 171 76 Primo
332 3219 152 76 modo
427 3219 133 76 est
503 3219 171 76 forma
617 3219 285 76 intellectui
845 3219 247 76 inhaerens
1035 3219 95 76 &
1073 3219 247 76 impressa.
1263 3219 95 76 &
1301 3219 152 76 ideo
1396 3219 209 76 species
1548 3219 247 76 appellari
1719 3219 171 76 potest.
