<?xml version="1.0" encoding="UTF-8"?>
<alto xmlns:xsi="http://www.w3.org/2001/XMLSchema-instance"
      xmlns="http://www.loc.gov/standards/alto/ns-v2#"
      xmlns:page="http://schema.primaresearch.org/PAGE/gts/pagecontent/2013-07-15"
      xsi:schemaLocation="http://www.loc.gov/standards/alto/ns-v2# http://www.loc.gov/standards/alto/alto.xsd">
   <Description>
      <MeasurementUnit>pixel</MeasurementUnit>
      <OCRProcessing ID="IdOcr">
         <ocrProcessingStep>
            <processingDateTime>2020-04-22T20:09:54.599-04:00</processingDateTime>
            <processingSoftware>
               <softwareCreator>READ COOP</softwareCreator>
               <softwareName>Transkribus</softwareName>
            </processingSoftware>
         </ocrProcessingStep>
      </OCRProcessing>
   </Description>
   <Layout>
      <Page ID="Page1" PHYSICAL_IMG_NR="1" HEIGHT="3677" WIDTH="2410">
         <TopMargin HEIGHT="0" WIDTH="2410" VPOS="0" HPOS="0"/>
         <LeftMargin HEIGHT="3677" WIDTH="0" VPOS="0" HPOS="0"/>
         <RightMargin HEIGHT="3677" WIDTH="0" VPOS="0" HPOS="2410"/>
         <BottomMargin HEIGHT="0" WIDTH="2410" VPOS="3677" HPOS="0"/>
         <PrintSpace HEIGHT="3677" WIDTH="2410" VPOS="0" HPOS="0">
            <TextBlock ID="TextRegion_1579726149692_349"
                       HEIGHT="2914"
                       WIDTH="1796"
                       VPOS="269"
                       HPOS="433">
               <Shape>
                  <Polygon POINTS="433,270 2229,269 2229,3183 468,3181"/>
               </Shape>
               <TextLine ID="r2l2"
                         BASELINE="349"
                         HEIGHT="96"
                         WIDTH="1788"
                         VPOS="253"
                         HPOS="429">
                  <String HEIGHT="96"
                          WIDTH="208"
                          VPOS="253"
                          HPOS="413"
                          CONTENT="possibile"/>
                  <SP HEIGHT="96" WIDTH="16" VPOS="253" HPOS="621"/>
                  <String HEIGHT="96"
                          WIDTH="208"
                          VPOS="253"
                          HPOS="573"
                          CONTENT="resumere:"/>
                  <SP HEIGHT="96" WIDTH="16" VPOS="253" HPOS="780"/>
                  <String HEIGHT="96" WIDTH="112" VPOS="253" HPOS="732" CONTENT="sed"/>
                  <SP HEIGHT="96" WIDTH="16" VPOS="253" HPOS="844"/>
                  <String HEIGHT="96"
                          WIDTH="144"
                          VPOS="253"
                          HPOS="796"
                          CONTENT="tamen"/>
                  <SP HEIGHT="96" WIDTH="16" VPOS="253" HPOS="940"/>
                  <String HEIGHT="96" WIDTH="96" VPOS="253" HPOS="892" CONTENT="in"/>
                  <SP HEIGHT="96" WIDTH="16" VPOS="253" HPOS="988"/>
                  <String HEIGHT="96"
                          WIDTH="128"
                          VPOS="253"
                          HPOS="940"
                          CONTENT="ipso"/>
                  <SP HEIGHT="96" WIDTH="16" VPOS="253" HPOS="1068"/>
                  <String HEIGHT="96"
                          WIDTH="176"
                          VPOS="253"
                          HPOS="1020"
                          CONTENT="mittere"/>
                  <SP HEIGHT="96" WIDTH="16" VPOS="253" HPOS="1195"/>
                  <String HEIGHT="96" WIDTH="80" VPOS="253" HPOS="1147" CONTENT="&amp;"/>
                  <SP HEIGHT="96" WIDTH="16" VPOS="253" HPOS="1227"/>
                  <String HEIGHT="96"
                          WIDTH="208"
                          VPOS="253"
                          HPOS="1179"
                          CONTENT="priicere."/>
                  <SP HEIGHT="96" WIDTH="16" VPOS="253" HPOS="1387"/>
                  <String HEIGHT="96"
                          WIDTH="112"
                          VPOS="253"
                          HPOS="1339"
                          CONTENT="Sic"/>
                  <SP HEIGHT="96" WIDTH="16" VPOS="253" HPOS="1451"/>
                  <String HEIGHT="96"
                          WIDTH="144"
                          VPOS="253"
                          HPOS="1403"
                          CONTENT="autem"/>
                  <SP HEIGHT="96" WIDTH="16" VPOS="253" HPOS="1547"/>
                  <String HEIGHT="96" WIDTH="80" VPOS="253" HPOS="1499" CONTENT="&amp;"/>
                  <SP HEIGHT="96" WIDTH="16" VPOS="253" HPOS="1578"/>
                  <String HEIGHT="96"
                          WIDTH="176"
                          VPOS="253"
                          HPOS="1531"
                          CONTENT="iniusto"/>
                  <SP HEIGHT="96" WIDTH="16" VPOS="253" HPOS="1706"/>
                  <String HEIGHT="96" WIDTH="80" VPOS="253" HPOS="1658" CONTENT="&amp;"/>
                  <SP HEIGHT="96" WIDTH="16" VPOS="253" HPOS="1738"/>
                  <String HEIGHT="96"
                          WIDTH="255"
                          VPOS="253"
                          HPOS="1690"
                          CONTENT="incontinenti"/>
                  <SP HEIGHT="96" WIDTH="16" VPOS="253" HPOS="1946"/>
                  <String HEIGHT="96" WIDTH="96" VPOS="253" HPOS="1898" CONTENT="ex"/>
                  <SP HEIGHT="96" WIDTH="16" VPOS="253" HPOS="1994"/>
                  <String HEIGHT="96"
                          WIDTH="208"
                          VPOS="253"
                          HPOS="1946"
                          CONTENT="principio"/>
                  <SP HEIGHT="96" WIDTH="16" VPOS="253" HPOS="2153"/>
                  <String HEIGHT="96"
                          WIDTH="128"
                          VPOS="253"
                          HPOS="2089"
                          CONTENT="quidem"/>
               </TextLine>
               <TextLine ID="r2l3"
                         BASELINE="391"
                         HEIGHT="62"
                         WIDTH="1777"
                         VPOS="329"
                         HPOS="438">
                  <String HEIGHT="62"
                          WIDTH="165"
                          VPOS="329"
                          HPOS="422"
                          CONTENT="inerat"/>
                  <SP HEIGHT="62" WIDTH="16" VPOS="329" HPOS="586"/>
                  <String HEIGHT="62"
                          WIDTH="148"
                          VPOS="329"
                          HPOS="537"
                          CONTENT="tales"/>
                  <SP HEIGHT="62" WIDTH="16" VPOS="329" HPOS="685"/>
                  <String HEIGHT="62" WIDTH="115" VPOS="329" HPOS="635" CONTENT="non"/>
                  <SP HEIGHT="62" WIDTH="16" VPOS="329" HPOS="751"/>
                  <String HEIGHT="62"
                          WIDTH="165"
                          VPOS="329"
                          HPOS="701"
                          CONTENT="fieri:"/>
                  <SP HEIGHT="62" WIDTH="16" VPOS="329" HPOS="866"/>
                  <String HEIGHT="62"
                          WIDTH="181"
                          VPOS="329"
                          HPOS="816"
                          CONTENT="propter"/>
                  <SP HEIGHT="62" WIDTH="16" VPOS="329" HPOS="997"/>
                  <String HEIGHT="62"
                          WIDTH="132"
                          VPOS="329"
                          HPOS="948"
                          CONTENT="quod"/>
                  <SP HEIGHT="62" WIDTH="16" VPOS="329" HPOS="1080"/>
                  <String HEIGHT="62"
                          WIDTH="197"
                          VPOS="329"
                          HPOS="1030"
                          CONTENT="volentes"/>
                  <SP HEIGHT="62" WIDTH="16" VPOS="329" HPOS="1228"/>
                  <String HEIGHT="62"
                          WIDTH="148"
                          VPOS="329"
                          HPOS="1178"
                          CONTENT="sunt."/>
                  <SP HEIGHT="62" WIDTH="16" VPOS="329" HPOS="1327"/>
                  <String HEIGHT="62"
                          WIDTH="165"
                          VPOS="329"
                          HPOS="1277"
                          CONTENT="factis"/>
                  <SP HEIGHT="62" WIDTH="16" VPOS="329" HPOS="1442"/>
                  <String HEIGHT="62"
                          WIDTH="148"
                          VPOS="329"
                          HPOS="1392"
                          CONTENT="autem"/>
                  <SP HEIGHT="62" WIDTH="16" VPOS="329" HPOS="1540"/>
                  <String HEIGHT="62"
                          WIDTH="115"
                          VPOS="329"
                          HPOS="1491"
                          CONTENT="non"/>
                  <SP HEIGHT="62" WIDTH="16" VPOS="329" HPOS="1606"/>
                  <String HEIGHT="62"
                          WIDTH="148"
                          VPOS="329"
                          HPOS="1557"
                          CONTENT="adhuc"/>
                  <SP HEIGHT="62" WIDTH="16" VPOS="329" HPOS="1705"/>
                  <String HEIGHT="62"
                          WIDTH="148"
                          VPOS="329"
                          HPOS="1656"
                          CONTENT="inest"/>
                  <SP HEIGHT="62" WIDTH="16" VPOS="329" HPOS="1804"/>
                  <String HEIGHT="62"
                          WIDTH="115"
                          VPOS="329"
                          HPOS="1754"
                          CONTENT="non"/>
                  <SP HEIGHT="62" WIDTH="16" VPOS="329" HPOS="1869"/>
                  <String HEIGHT="62"
                          WIDTH="148"
                          VPOS="329"
                          HPOS="1820"
                          CONTENT="esse:"/>
                  <SP HEIGHT="62" WIDTH="16" VPOS="329" HPOS="1968"/>
                  <String HEIGHT="62" WIDTH="99" VPOS="329" HPOS="1919" CONTENT="vt"/>
                  <SP HEIGHT="62" WIDTH="16" VPOS="329" HPOS="2018"/>
                  <String HEIGHT="62"
                          WIDTH="148"
                          VPOS="329"
                          HPOS="1968"
                          CONTENT="dicit"/>
                  <SP HEIGHT="62" WIDTH="16" VPOS="329" HPOS="2116"/>
                  <String HEIGHT="62"
                          WIDTH="165"
                          VPOS="329"
                          HPOS="2050"
                          CONTENT="Commenta"/>
               </TextLine>
               <TextLine ID="r2l4"
                         BASELINE="446"
                         HEIGHT="64"
                         WIDTH="1784"
                         VPOS="382"
                         HPOS="431">
                  <String HEIGHT="64"
                          WIDTH="124"
                          VPOS="382"
                          HPOS="415"
                          CONTENT="tor."/>
                  <SP HEIGHT="64" WIDTH="16" VPOS="382" HPOS="540"/>
                  <String HEIGHT="64"
                          WIDTH="140"
                          VPOS="382"
                          HPOS="493"
                          CONTENT="Neque"/>
                  <SP HEIGHT="64" WIDTH="16" VPOS="382" HPOS="633"/>
                  <String HEIGHT="64" WIDTH="109" VPOS="382" HPOS="586" CONTENT="qui"/>
                  <SP HEIGHT="64" WIDTH="16" VPOS="382" HPOS="695"/>
                  <String HEIGHT="64" WIDTH="93" VPOS="382" HPOS="648" CONTENT="in"/>
                  <SP HEIGHT="64" WIDTH="16" VPOS="382" HPOS="741"/>
                  <String HEIGHT="64"
                          WIDTH="248"
                          VPOS="382"
                          HPOS="695"
                          CONTENT="praecipitium"/>
                  <SP HEIGHT="64" WIDTH="16" VPOS="382" HPOS="943"/>
                  <String HEIGHT="64"
                          WIDTH="171"
                          VPOS="382"
                          HPOS="896"
                          CONTENT="seipsum"/>
                  <SP HEIGHT="64" WIDTH="16" VPOS="382" HPOS="1067"/>
                  <String HEIGHT="64"
                          WIDTH="202"
                          VPOS="382"
                          HPOS="1020"
                          CONTENT="demittit,"/>
                  <SP HEIGHT="64" WIDTH="16" VPOS="382" HPOS="1222"/>
                  <String HEIGHT="64"
                          WIDTH="155"
                          VPOS="382"
                          HPOS="1176"
                          CONTENT="quando"/>
                  <SP HEIGHT="64" WIDTH="16" VPOS="382" HPOS="1331"/>
                  <String HEIGHT="64"
                          WIDTH="124"
                          VPOS="382"
                          HPOS="1284"
                          CONTENT="vult"/>
                  <SP HEIGHT="64" WIDTH="16" VPOS="382" HPOS="1408"/>
                  <String HEIGHT="64"
                          WIDTH="202"
                          VPOS="382"
                          HPOS="1362"
                          CONTENT="retinebit"/>
                  <SP HEIGHT="64" WIDTH="16" VPOS="382" HPOS="1563"/>
                  <String HEIGHT="64"
                          WIDTH="217"
                          VPOS="382"
                          HPOS="1517"
                          CONTENT="descensum:"/>
                  <SP HEIGHT="64" WIDTH="16" VPOS="382" HPOS="1734"/>
                  <String HEIGHT="64"
                          WIDTH="140"
                          VPOS="382"
                          HPOS="1688"
                          CONTENT="neque"/>
                  <SP HEIGHT="64" WIDTH="16" VPOS="382" HPOS="1827"/>
                  <String HEIGHT="64"
                          WIDTH="217"
                          VPOS="382"
                          HPOS="1781"
                          CONTENT="desiderium"/>
                  <SP HEIGHT="64" WIDTH="16" VPOS="382" HPOS="1998"/>
                  <String HEIGHT="64"
                          WIDTH="202"
                          VPOS="382"
                          HPOS="1951"
                          CONTENT="concedens"/>
                  <SP HEIGHT="64" WIDTH="16" VPOS="382" HPOS="2153"/>
                  <String HEIGHT="64"
                          WIDTH="124"
                          VPOS="382"
                          HPOS="2091"
                          CONTENT="refrae"/>
               </TextLine>
               <TextLine ID="r2l5"
                         BASELINE="503"
                         HEIGHT="71"
                         WIDTH="1781"
                         VPOS="432"
                         HPOS="436">
                  <String HEIGHT="71"
                          WIDTH="137"
                          VPOS="432"
                          HPOS="421"
                          CONTENT="nabit"/>
                  <SP HEIGHT="71" WIDTH="15" VPOS="432" HPOS="558"/>
                  <String HEIGHT="71"
                          WIDTH="137"
                          VPOS="432"
                          HPOS="512"
                          CONTENT="opus."/>
                  <SP HEIGHT="71" WIDTH="15" VPOS="432" HPOS="649"/>
                  <String HEIGHT="71"
                          WIDTH="122"
                          VPOS="432"
                          HPOS="603"
                          CONTENT="Nota"/>
                  <SP HEIGHT="71" WIDTH="15" VPOS="432" HPOS="725"/>
                  <String HEIGHT="71" WIDTH="91" VPOS="432" HPOS="680" CONTENT="tu"/>
                  <SP HEIGHT="71" WIDTH="15" VPOS="432" HPOS="771"/>
                  <String HEIGHT="71" WIDTH="107" VPOS="432" HPOS="725" CONTENT="qui"/>
                  <SP HEIGHT="71" WIDTH="15" VPOS="432" HPOS="832"/>
                  <String HEIGHT="71"
                          WIDTH="137"
                          VPOS="432"
                          HPOS="786"
                          CONTENT="dicis"/>
                  <SP HEIGHT="71" WIDTH="15" VPOS="432" HPOS="923"/>
                  <String HEIGHT="71"
                          WIDTH="228"
                          VPOS="432"
                          HPOS="877"
                          CONTENT="philosophum"/>
                  <SP HEIGHT="71" WIDTH="15" VPOS="432" HPOS="1106"/>
                  <String HEIGHT="71"
                          WIDTH="198"
                          VPOS="432"
                          HPOS="1060"
                          CONTENT="intendere"/>
                  <SP HEIGHT="71" WIDTH="15" VPOS="432" HPOS="1258"/>
                  <String HEIGHT="71"
                          WIDTH="274"
                          VPOS="432"
                          HPOS="1212"
                          CONTENT="deordinationem"/>
                  <SP HEIGHT="71" WIDTH="15" VPOS="432" HPOS="1486"/>
                  <String HEIGHT="71"
                          WIDTH="183"
                          VPOS="432"
                          HPOS="1441"
                          CONTENT="rationis"/>
                  <SP HEIGHT="71" WIDTH="15" VPOS="432" HPOS="1623"/>
                  <String HEIGHT="71"
                          WIDTH="107"
                          VPOS="432"
                          HPOS="1578"
                          CONTENT="per"/>
                  <SP HEIGHT="71" WIDTH="15" VPOS="432" HPOS="1684"/>
                  <String HEIGHT="71"
                          WIDTH="228"
                          VPOS="432"
                          HPOS="1639"
                          CONTENT="ignorantiam"/>
                  <SP HEIGHT="71" WIDTH="15" VPOS="432" HPOS="1867"/>
                  <String HEIGHT="71"
                          WIDTH="122"
                          VPOS="432"
                          HPOS="1821"
                          CONTENT="esse"/>
                  <SP HEIGHT="71" WIDTH="15" VPOS="432" HPOS="1943"/>
                  <String HEIGHT="71"
                          WIDTH="152"
                          VPOS="432"
                          HPOS="1897"
                          CONTENT="causam"/>
                  <SP HEIGHT="71" WIDTH="15" VPOS="432" HPOS="2050"/>
                  <String HEIGHT="71"
                          WIDTH="244"
                          VPOS="432"
                          HPOS="2004"
                          CONTENT="deordinatio-"/>
                  <SP HEIGHT="71" WIDTH="15" VPOS="432" HPOS="2247"/>
                  <String HEIGHT="71" WIDTH="30" VPOS="432" HPOS="2187" CONTENT=""/>
               </TextLine>
               <TextLine ID="r2l6"
                         BASELINE="556"
                         HEIGHT="65"
                         WIDTH="1777"
                         VPOS="491"
                         HPOS="438">
                  <String HEIGHT="65" WIDTH="106" VPOS="491" HPOS="423" CONTENT="nis"/>
                  <SP HEIGHT="65" WIDTH="15" VPOS="491" HPOS="529"/>
                  <String HEIGHT="65"
                          WIDTH="213"
                          VPOS="491"
                          HPOS="484"
                          CONTENT="voluntatis"/>
                  <SP HEIGHT="65" WIDTH="15" VPOS="491" HPOS="696"/>
                  <String HEIGHT="65" WIDTH="91" VPOS="491" HPOS="651" CONTENT="in"/>
                  <SP HEIGHT="65" WIDTH="15" VPOS="491" HPOS="742"/>
                  <String HEIGHT="65"
                          WIDTH="167"
                          VPOS="491"
                          HPOS="696"
                          CONTENT="vitium:"/>
                  <SP HEIGHT="65" WIDTH="15" VPOS="491" HPOS="863"/>
                  <String HEIGHT="65" WIDTH="106" VPOS="491" HPOS="818" CONTENT="non"/>
                  <SP HEIGHT="65" WIDTH="15" VPOS="491" HPOS="924"/>
                  <String HEIGHT="65"
                          WIDTH="213"
                          VPOS="491"
                          HPOS="878"
                          CONTENT="econuerso."/>
                  <SP HEIGHT="65" WIDTH="15" VPOS="491" HPOS="1091"/>
                  <String HEIGHT="65"
                          WIDTH="122"
                          VPOS="491"
                          HPOS="1046"
                          CONTENT="Nota"/>
                  <SP HEIGHT="65" WIDTH="15" VPOS="491" HPOS="1167"/>
                  <String HEIGHT="65"
                          WIDTH="152"
                          VPOS="491"
                          HPOS="1121"
                          CONTENT="inquam"/>
                  <SP HEIGHT="65" WIDTH="15" VPOS="491" HPOS="1273"/>
                  <String HEIGHT="65"
                          WIDTH="122"
                          VPOS="491"
                          HPOS="1228"
                          CONTENT="quia"/>
                  <SP HEIGHT="65" WIDTH="15" VPOS="491" HPOS="1349"/>
                  <String HEIGHT="65"
                          WIDTH="152"
                          VPOS="491"
                          HPOS="1304"
                          CONTENT="dicit."/>
                  <SP HEIGHT="65" WIDTH="15" VPOS="491" HPOS="1456"/>
                  <String HEIGHT="65" WIDTH="91" VPOS="491" HPOS="1410" CONTENT="Si"/>
                  <SP HEIGHT="65" WIDTH="15" VPOS="491" HPOS="1501"/>
                  <String HEIGHT="65"
                          WIDTH="106"
                          VPOS="491"
                          HPOS="1456"
                          CONTENT="non"/>
                  <SP HEIGHT="65" WIDTH="15" VPOS="491" HPOS="1562"/>
                  <String HEIGHT="65"
                          WIDTH="182"
                          VPOS="491"
                          HPOS="1516"
                          CONTENT="ignorans"/>
                  <SP HEIGHT="65" WIDTH="15" VPOS="491" HPOS="1699"/>
                  <String HEIGHT="65"
                          WIDTH="167"
                          VPOS="491"
                          HPOS="1653"
                          CONTENT="aliquis"/>
                  <SP HEIGHT="65" WIDTH="15" VPOS="491" HPOS="1820"/>
                  <String HEIGHT="65"
                          WIDTH="182"
                          VPOS="491"
                          HPOS="1775"
                          CONTENT="operetur"/>
                  <SP HEIGHT="65" WIDTH="15" VPOS="491" HPOS="1957"/>
                  <String HEIGHT="65" WIDTH="91" VPOS="491" HPOS="1911" CONTENT="ex"/>
                  <SP HEIGHT="65" WIDTH="15" VPOS="491" HPOS="2002"/>
                  <String HEIGHT="65"
                          WIDTH="152"
                          VPOS="491"
                          HPOS="1957"
                          CONTENT="quibus"/>
                  <SP HEIGHT="65" WIDTH="15" VPOS="491" HPOS="2109"/>
                  <String HEIGHT="65"
                          WIDTH="122"
                          VPOS="491"
                          HPOS="2063"
                          CONTENT="erit"/>
                  <SP HEIGHT="65" WIDTH="15" VPOS="491" HPOS="2185"/>
                  <String HEIGHT="65"
                          WIDTH="91"
                          VPOS="491"
                          HPOS="2124"
                          CONTENT="iniu"/>
               </TextLine>
               <TextLine ID="r2l7"
                         BASELINE="605"
                         HEIGHT="61"
                         WIDTH="1775"
                         VPOS="544"
                         HPOS="442">
                  <String HEIGHT="61"
                          WIDTH="138"
                          VPOS="544"
                          HPOS="427"
                          CONTENT="stus."/>
                  <SP HEIGHT="61" WIDTH="15" VPOS="544" HPOS="564"/>
                  <String HEIGHT="61"
                          WIDTH="122"
                          VPOS="544"
                          HPOS="519"
                          CONTENT="Opus"/>
                  <SP HEIGHT="61" WIDTH="15" VPOS="544" HPOS="641"/>
                  <String HEIGHT="61"
                          WIDTH="122"
                          VPOS="544"
                          HPOS="595"
                          CONTENT="ergo"/>
                  <SP HEIGHT="61" WIDTH="15" VPOS="544" HPOS="717"/>
                  <String HEIGHT="61" WIDTH="92" VPOS="544" HPOS="672" CONTENT="ex"/>
                  <SP HEIGHT="61" WIDTH="15" VPOS="544" HPOS="763"/>
                  <String HEIGHT="61" WIDTH="107" VPOS="544" HPOS="717" CONTENT="quo"/>
                  <SP HEIGHT="61" WIDTH="15" VPOS="544" HPOS="825"/>
                  <String HEIGHT="61" WIDTH="107" VPOS="544" HPOS="779" CONTENT="est"/>
                  <SP HEIGHT="61" WIDTH="15" VPOS="544" HPOS="886"/>
                  <String HEIGHT="61"
                          WIDTH="199"
                          VPOS="544"
                          HPOS="840"
                          CONTENT="iniustus,"/>
                  <SP HEIGHT="61" WIDTH="15" VPOS="544" HPOS="1039"/>
                  <String HEIGHT="61"
                          WIDTH="199"
                          VPOS="544"
                          HPOS="993"
                          CONTENT="praecedit"/>
                  <SP HEIGHT="61" WIDTH="15" VPOS="544" HPOS="1192"/>
                  <String HEIGHT="61"
                          WIDTH="230"
                          VPOS="544"
                          HPOS="1146"
                          CONTENT="priuationem"/>
                  <SP HEIGHT="61" WIDTH="15" VPOS="544" HPOS="1375"/>
                  <String HEIGHT="61"
                          WIDTH="199"
                          VPOS="544"
                          HPOS="1330"
                          CONTENT="scientiae"/>
                  <SP HEIGHT="61" WIDTH="15" VPOS="544" HPOS="1528"/>
                  <String HEIGHT="61"
                          WIDTH="107"
                          VPOS="544"
                          HPOS="1483"
                          CONTENT="per"/>
                  <SP HEIGHT="61" WIDTH="15" VPOS="544" HPOS="1590"/>
                  <String HEIGHT="61"
                          WIDTH="245"
                          VPOS="544"
                          HPOS="1544"
                          CONTENT="praecedentem"/>
                  <SP HEIGHT="61" WIDTH="15" VPOS="544" HPOS="1789"/>
                  <String HEIGHT="61"
                          WIDTH="245"
                          VPOS="544"
                          HPOS="1743"
                          CONTENT="ignorantiam:"/>
                  <SP HEIGHT="61" WIDTH="15" VPOS="544" HPOS="1987"/>
                  <String HEIGHT="61" WIDTH="77" VPOS="544" HPOS="1942" CONTENT="&amp;"/>
                  <SP HEIGHT="61" WIDTH="15" VPOS="544" HPOS="2018"/>
                  <String HEIGHT="61"
                          WIDTH="107"
                          VPOS="544"
                          HPOS="1972"
                          CONTENT="est"/>
                  <SP HEIGHT="61" WIDTH="15" VPOS="544" HPOS="2079"/>
                  <String HEIGHT="61"
                          WIDTH="199"
                          VPOS="544"
                          HPOS="2018"
                          CONTENT="deordinatio"/>
               </TextLine>
               <TextLine ID="r2l8"
                         BASELINE="668"
                         HEIGHT="75"
                         WIDTH="1782"
                         VPOS="593"
                         HPOS="442">
                  <String HEIGHT="75"
                          WIDTH="219"
                          VPOS="593"
                          HPOS="426"
                          CONTENT="voluntatis"/>
                  <SP HEIGHT="75" WIDTH="16" VPOS="593" HPOS="645"/>
                  <String HEIGHT="75"
                          WIDTH="141"
                          VPOS="593"
                          HPOS="598"
                          CONTENT="prima"/>
                  <SP HEIGHT="75" WIDTH="16" VPOS="593" HPOS="739"/>
                  <String HEIGHT="75"
                          WIDTH="156"
                          VPOS="593"
                          HPOS="692"
                          CONTENT="causam"/>
                  <SP HEIGHT="75" WIDTH="16" VPOS="593" HPOS="848"/>
                  <String HEIGHT="75" WIDTH="94" VPOS="593" HPOS="802" CONTENT="in"/>
                  <SP HEIGHT="75" WIDTH="16" VPOS="593" HPOS="895"/>
                  <String HEIGHT="75" WIDTH="109" VPOS="593" HPOS="848" CONTENT="hoc"/>
                  <SP HEIGHT="75" WIDTH="16" VPOS="593" HPOS="958"/>
                  <String HEIGHT="75"
                          WIDTH="281"
                          VPOS="593"
                          HPOS="911"
                          CONTENT="deordinationis"/>
                  <SP HEIGHT="75" WIDTH="16" VPOS="593" HPOS="1192"/>
                  <String HEIGHT="75"
                          WIDTH="203"
                          VPOS="593"
                          HPOS="1145"
                          CONTENT="rationis:"/>
                  <SP HEIGHT="75" WIDTH="16" VPOS="593" HPOS="1349"/>
                  <String HEIGHT="75"
                          WIDTH="109"
                          VPOS="593"
                          HPOS="1302"
                          CONTENT="nec"/>
                  <SP HEIGHT="75" WIDTH="16" VPOS="593" HPOS="1411"/>
                  <String HEIGHT="75"
                          WIDTH="172"
                          VPOS="593"
                          HPOS="1364"
                          CONTENT="excusat"/>
                  <SP HEIGHT="75" WIDTH="16" VPOS="593" HPOS="1536"/>
                  <String HEIGHT="75"
                          WIDTH="172"
                          VPOS="593"
                          HPOS="1489"
                          CONTENT="sequens"/>
                  <SP HEIGHT="75" WIDTH="16" VPOS="593" HPOS="1661"/>
                  <String HEIGHT="75"
                          WIDTH="234"
                          VPOS="593"
                          HPOS="1614"
                          CONTENT="ignorantia:"/>
                  <SP HEIGHT="75" WIDTH="16" VPOS="593" HPOS="1849"/>
                  <String HEIGHT="75"
                          WIDTH="125"
                          VPOS="593"
                          HPOS="1802"
                          CONTENT="immo"/>
                  <SP HEIGHT="75" WIDTH="16" VPOS="593" HPOS="1927"/>
                  <String HEIGHT="75"
                          WIDTH="141"
                          VPOS="593"
                          HPOS="1880"
                          CONTENT="magis"/>
                  <SP HEIGHT="75" WIDTH="16" VPOS="593" HPOS="2021"/>
                  <String HEIGHT="75"
                          WIDTH="141"
                          VPOS="593"
                          HPOS="1974"
                          CONTENT="auget"/>
                  <SP HEIGHT="75" WIDTH="16" VPOS="593" HPOS="2115"/>
                  <String HEIGHT="75"
                          WIDTH="172"
                          VPOS="593"
                          HPOS="2052"
                          CONTENT="peccatum."/>
               </TextLine>
               <TextLine ID="r2l9"
                         BASELINE="710"
                         HEIGHT="59"
                         WIDTH="1779"
                         VPOS="651"
                         HPOS="442">
                  <String HEIGHT="59"
                          WIDTH="127"
                          VPOS="651"
                          HPOS="426"
                          CONTENT="Erat"/>
                  <SP HEIGHT="59" WIDTH="16" VPOS="651" HPOS="553"/>
                  <String HEIGHT="59"
                          WIDTH="127"
                          VPOS="651"
                          HPOS="506"
                          CONTENT="enim"/>
                  <SP HEIGHT="59" WIDTH="16" VPOS="651" HPOS="633"/>
                  <String HEIGHT="59" WIDTH="95" VPOS="651" HPOS="585" CONTENT="in"/>
                  <SP HEIGHT="59" WIDTH="16" VPOS="651" HPOS="680"/>
                  <String HEIGHT="59"
                          WIDTH="143"
                          VPOS="651"
                          HPOS="633"
                          CONTENT="nobis"/>
                  <SP HEIGHT="59" WIDTH="16" VPOS="651" HPOS="776"/>
                  <String HEIGHT="59" WIDTH="111" VPOS="651" HPOS="728" CONTENT="non"/>
                  <SP HEIGHT="59" WIDTH="16" VPOS="651" HPOS="839"/>
                  <String HEIGHT="59"
                          WIDTH="191"
                          VPOS="651"
                          HPOS="791"
                          CONTENT="ignorare"/>
                  <SP HEIGHT="59" WIDTH="16" VPOS="651" HPOS="982"/>
                  <String HEIGHT="59"
                          WIDTH="175"
                          VPOS="651"
                          HPOS="934"
                          CONTENT="quoniam"/>
                  <SP HEIGHT="59" WIDTH="16" VPOS="651" HPOS="1109"/>
                  <String HEIGHT="59" WIDTH="95" VPOS="651" HPOS="1061" CONTENT="in"/>
                  <SP HEIGHT="59" WIDTH="16" VPOS="651" HPOS="1157"/>
                  <String HEIGHT="59"
                          WIDTH="206"
                          VPOS="651"
                          HPOS="1109"
                          CONTENT="principio"/>
                  <SP HEIGHT="59" WIDTH="16" VPOS="651" HPOS="1316"/>
                  <String HEIGHT="59"
                          WIDTH="159"
                          VPOS="651"
                          HPOS="1268"
                          CONTENT="eramus"/>
                  <SP HEIGHT="59" WIDTH="16" VPOS="651" HPOS="1427"/>
                  <String HEIGHT="59"
                          WIDTH="111"
                          VPOS="651"
                          HPOS="1379"
                          CONTENT="non"/>
                  <SP HEIGHT="59" WIDTH="16" VPOS="651" HPOS="1490"/>
                  <String HEIGHT="59"
                          WIDTH="238"
                          VPOS="651"
                          HPOS="1443"
                          CONTENT="ignorantes,"/>
                  <SP HEIGHT="59" WIDTH="16" VPOS="651" HPOS="1681"/>
                  <String HEIGHT="59"
                          WIDTH="191"
                          VPOS="651"
                          HPOS="1633"
                          CONTENT="nolentes"/>
                  <SP HEIGHT="59" WIDTH="16" VPOS="651" HPOS="1824"/>
                  <String HEIGHT="59"
                          WIDTH="143"
                          VPOS="651"
                          HPOS="1776"
                          CONTENT="agere"/>
                  <SP HEIGHT="59" WIDTH="16" VPOS="651" HPOS="1919"/>
                  <String HEIGHT="59"
                          WIDTH="191"
                          VPOS="651"
                          HPOS="1872"
                          CONTENT="secundum"/>
                  <SP HEIGHT="59" WIDTH="16" VPOS="651" HPOS="2062"/>
                  <String HEIGHT="59"
                          WIDTH="222"
                          VPOS="651"
                          HPOS="2015"
                          CONTENT="scientiam."/>
                  <SP HEIGHT="59" WIDTH="16" VPOS="651" HPOS="2237"/>
                  <String HEIGHT="59" WIDTH="48" VPOS="651" HPOS="2173" CONTENT="&amp;"/>
               </TextLine>
               <TextLine ID="r2l10"
                         BASELINE="762"
                         HEIGHT="58"
                         WIDTH="1784"
                         VPOS="704"
                         HPOS="440">
                  <String HEIGHT="58"
                          WIDTH="112"
                          VPOS="704"
                          HPOS="426"
                          CONTENT="ideo"/>
                  <SP HEIGHT="58" WIDTH="14" VPOS="704" HPOS="538"/>
                  <String HEIGHT="58"
                          WIDTH="125"
                          VPOS="704"
                          HPOS="496"
                          CONTENT="dicit"/>
                  <SP HEIGHT="58" WIDTH="14" VPOS="704" HPOS="621"/>
                  <String HEIGHT="58"
                          WIDTH="209"
                          VPOS="704"
                          HPOS="579"
                          CONTENT="philosophus"/>
                  <SP HEIGHT="58" WIDTH="14" VPOS="704" HPOS="788"/>
                  <String HEIGHT="58"
                          WIDTH="125"
                          VPOS="704"
                          HPOS="747"
                          CONTENT="libro"/>
                  <SP HEIGHT="58" WIDTH="14" VPOS="704" HPOS="872"/>
                  <String HEIGHT="58" WIDTH="98" VPOS="704" HPOS="830" CONTENT="vi."/>
                  <SP HEIGHT="58" WIDTH="14" VPOS="704" HPOS="928"/>
                  <String HEIGHT="58"
                          WIDTH="153"
                          VPOS="704"
                          HPOS="886"
                          CONTENT="Ethico."/>
                  <SP HEIGHT="58" WIDTH="14" VPOS="704" HPOS="1039"/>
                  <String HEIGHT="58"
                          WIDTH="112"
                          VPOS="704"
                          HPOS="998"
                          CONTENT="cap."/>
                  <SP HEIGHT="58" WIDTH="14" VPOS="704" HPOS="1109"/>
                  <String HEIGHT="58"
                          WIDTH="125"
                          VPOS="704"
                          HPOS="1067"
                          CONTENT="xvii."/>
                  <SP HEIGHT="58" WIDTH="14" VPOS="704" HPOS="1193"/>
                  <String HEIGHT="58"
                          WIDTH="112"
                          VPOS="704"
                          HPOS="1151"
                          CONTENT="quod"/>
                  <SP HEIGHT="58" WIDTH="14" VPOS="704" HPOS="1262"/>
                  <String HEIGHT="58"
                          WIDTH="209"
                          VPOS="704"
                          HPOS="1221"
                          CONTENT="incontinens"/>
                  <SP HEIGHT="58" WIDTH="14" VPOS="704" HPOS="1430"/>
                  <String HEIGHT="58"
                          WIDTH="209"
                          VPOS="704"
                          HPOS="1388"
                          CONTENT="assimilatur"/>
                  <SP HEIGHT="58" WIDTH="14" VPOS="704" HPOS="1597"/>
                  <String HEIGHT="58"
                          WIDTH="167"
                          VPOS="704"
                          HPOS="1555"
                          CONTENT="ciuitati"/>
                  <SP HEIGHT="58" WIDTH="14" VPOS="704" HPOS="1722"/>
                  <String HEIGHT="58" WIDTH="98" VPOS="704" HPOS="1680" CONTENT="cui"/>
                  <SP HEIGHT="58" WIDTH="14" VPOS="704" HPOS="1778"/>
                  <String HEIGHT="58"
                          WIDTH="209"
                          VPOS="704"
                          HPOS="1736"
                          CONTENT="calculantur"/>
                  <SP HEIGHT="58" WIDTH="14" VPOS="704" HPOS="1945"/>
                  <String HEIGHT="58"
                          WIDTH="125"
                          VPOS="704"
                          HPOS="1903"
                          CONTENT="omnia"/>
                  <SP HEIGHT="58" WIDTH="14" VPOS="704" HPOS="2029"/>
                  <String HEIGHT="58"
                          WIDTH="209"
                          VPOS="704"
                          HPOS="1987"
                          CONTENT="necessaria:"/>
                  <SP HEIGHT="58" WIDTH="14" VPOS="704" HPOS="2196"/>
                  <String HEIGHT="58" WIDTH="70" VPOS="704" HPOS="2154" CONTENT="&amp;"/>
                  <SP HEIGHT="58" WIDTH="14" VPOS="704" HPOS="2224"/>
                  <String HEIGHT="58" WIDTH="56" VPOS="704" HPOS="2168" CONTENT="le"/>
               </TextLine>
               <TextLine ID="r2l11"
                         BASELINE="824"
                         HEIGHT="66"
                         WIDTH="1784"
                         VPOS="758"
                         HPOS="433">
                  <String HEIGHT="66" WIDTH="104" VPOS="758" HPOS="418" CONTENT="ges"/>
                  <SP HEIGHT="66" WIDTH="15" VPOS="758" HPOS="522"/>
                  <String HEIGHT="66"
                          WIDTH="193"
                          VPOS="758"
                          HPOS="478"
                          CONTENT="studiosas"/>
                  <SP HEIGHT="66" WIDTH="15" VPOS="758" HPOS="671"/>
                  <String HEIGHT="66"
                          WIDTH="149"
                          VPOS="758"
                          HPOS="626"
                          CONTENT="habet:"/>
                  <SP HEIGHT="66" WIDTH="15" VPOS="758" HPOS="775"/>
                  <String HEIGHT="66"
                          WIDTH="149"
                          VPOS="758"
                          HPOS="730"
                          CONTENT="vtitur"/>
                  <SP HEIGHT="66" WIDTH="15" VPOS="758" HPOS="879"/>
                  <String HEIGHT="66"
                          WIDTH="134"
                          VPOS="758"
                          HPOS="834"
                          CONTENT="autem"/>
                  <SP HEIGHT="66" WIDTH="15" VPOS="758" HPOS="968"/>
                  <String HEIGHT="66"
                          WIDTH="149"
                          VPOS="758"
                          HPOS="924"
                          CONTENT="nulla."/>
                  <SP HEIGHT="66" WIDTH="15" VPOS="758" HPOS="1072"/>
                  <String HEIGHT="66"
                          WIDTH="119"
                          VPOS="758"
                          HPOS="1028"
                          CONTENT="Vnde"/>
                  <SP HEIGHT="66" WIDTH="15" VPOS="758" HPOS="1147"/>
                  <String HEIGHT="66"
                          WIDTH="149"
                          VPOS="758"
                          HPOS="1102"
                          CONTENT="ibidem"/>
                  <SP HEIGHT="66" WIDTH="15" VPOS="758" HPOS="1251"/>
                  <String HEIGHT="66"
                          WIDTH="223"
                          VPOS="758"
                          HPOS="1206"
                          CONTENT="determinans"/>
                  <SP HEIGHT="66" WIDTH="15" VPOS="758" HPOS="1429"/>
                  <String HEIGHT="66"
                          WIDTH="164"
                          VPOS="758"
                          HPOS="1384"
                          CONTENT="quomodo"/>
                  <SP HEIGHT="66" WIDTH="15" VPOS="758" HPOS="1548"/>
                  <String HEIGHT="66"
                          WIDTH="223"
                          VPOS="758"
                          HPOS="1503"
                          CONTENT="incontinens"/>
                  <SP HEIGHT="66" WIDTH="15" VPOS="758" HPOS="1726"/>
                  <String HEIGHT="66"
                          WIDTH="104"
                          VPOS="758"
                          HPOS="1682"
                          CONTENT="non"/>
                  <SP HEIGHT="66" WIDTH="15" VPOS="758" HPOS="1786"/>
                  <String HEIGHT="66"
                          WIDTH="104"
                          VPOS="758"
                          HPOS="1741"
                          CONTENT="est"/>
                  <SP HEIGHT="66" WIDTH="15" VPOS="758" HPOS="1845"/>
                  <String HEIGHT="66"
                          WIDTH="178"
                          VPOS="758"
                          HPOS="1801"
                          CONTENT="prudens,"/>
                  <SP HEIGHT="66" WIDTH="15" VPOS="758" HPOS="1979"/>
                  <String HEIGHT="66"
                          WIDTH="134"
                          VPOS="758"
                          HPOS="1935"
                          CONTENT="dicit"/>
                  <SP HEIGHT="66" WIDTH="15" VPOS="758" HPOS="2068"/>
                  <String HEIGHT="66"
                          WIDTH="119"
                          VPOS="758"
                          HPOS="2024"
                          CONTENT="quod"/>
                  <SP HEIGHT="66" WIDTH="15" VPOS="758" HPOS="2143"/>
                  <String HEIGHT="66"
                          WIDTH="134"
                          VPOS="758"
                          HPOS="2083"
                          CONTENT="prudens"/>
               </TextLine>
               <TextLine ID="r2l12"
                         BASELINE="876"
                         HEIGHT="64"
                         WIDTH="1783"
                         VPOS="812"
                         HPOS="433">
                  <String HEIGHT="64" WIDTH="106" VPOS="812" HPOS="418" CONTENT="non"/>
                  <SP HEIGHT="64" WIDTH="15" VPOS="812" HPOS="524"/>
                  <String HEIGHT="64"
                          WIDTH="136"
                          VPOS="812"
                          HPOS="478"
                          CONTENT="solum"/>
                  <SP HEIGHT="64" WIDTH="15" VPOS="812" HPOS="614"/>
                  <String HEIGHT="64" WIDTH="106" VPOS="812" HPOS="569" CONTENT="est"/>
                  <SP HEIGHT="64" WIDTH="15" VPOS="812" HPOS="675"/>
                  <String HEIGHT="64"
                          WIDTH="166"
                          VPOS="812"
                          HPOS="629"
                          CONTENT="aliquis"/>
                  <SP HEIGHT="64" WIDTH="15" VPOS="812" HPOS="796"/>
                  <String HEIGHT="64" WIDTH="91" VPOS="812" HPOS="750" CONTENT="in"/>
                  <SP HEIGHT="64" WIDTH="15" VPOS="812" HPOS="841"/>
                  <String HEIGHT="64"
                          WIDTH="151"
                          VPOS="812"
                          HPOS="796"
                          CONTENT="scire:"/>
                  <SP HEIGHT="64" WIDTH="15" VPOS="812" HPOS="947"/>
                  <String HEIGHT="64" WIDTH="106" VPOS="812" HPOS="901" CONTENT="sed"/>
                  <SP HEIGHT="64" WIDTH="15" VPOS="812" HPOS="1007"/>
                  <String HEIGHT="64"
                          WIDTH="136"
                          VPOS="812"
                          HPOS="962"
                          CONTENT="etiam"/>
                  <SP HEIGHT="64" WIDTH="15" VPOS="812" HPOS="1098"/>
                  <String HEIGHT="64" WIDTH="91" VPOS="812" HPOS="1053" CONTENT="in"/>
                  <SP HEIGHT="64" WIDTH="15" VPOS="812" HPOS="1143"/>
                  <String HEIGHT="64"
                          WIDTH="166"
                          VPOS="812"
                          HPOS="1098"
                          CONTENT="operari"/>
                  <SP HEIGHT="64" WIDTH="15" VPOS="812" HPOS="1264"/>
                  <String HEIGHT="64" WIDTH="76" VPOS="812" HPOS="1219" CONTENT="&amp;"/>
                  <SP HEIGHT="64" WIDTH="15" VPOS="812" HPOS="1294"/>
                  <String HEIGHT="64"
                          WIDTH="196"
                          VPOS="812"
                          HPOS="1249"
                          CONTENT="practicum"/>
                  <SP HEIGHT="64" WIDTH="15" VPOS="812" HPOS="1445"/>
                  <String HEIGHT="64"
                          WIDTH="136"
                          VPOS="812"
                          HPOS="1400"
                          CONTENT="esse:"/>
                  <SP HEIGHT="64" WIDTH="15" VPOS="812" HPOS="1536"/>
                  <String HEIGHT="64" WIDTH="76" VPOS="812" HPOS="1491" CONTENT="&amp;"/>
                  <SP HEIGHT="64" WIDTH="15" VPOS="812" HPOS="1566"/>
                  <String HEIGHT="64" WIDTH="91" VPOS="812" HPOS="1521" CONTENT="ex"/>
                  <SP HEIGHT="64" WIDTH="15" VPOS="812" HPOS="1612"/>
                  <String HEIGHT="64"
                          WIDTH="106"
                          VPOS="812"
                          HPOS="1566"
                          CONTENT="hoc"/>
                  <SP HEIGHT="64" WIDTH="15" VPOS="812" HPOS="1672"/>
                  <String HEIGHT="64"
                          WIDTH="227"
                          VPOS="812"
                          HPOS="1627"
                          CONTENT="incontinens"/>
                  <SP HEIGHT="64" WIDTH="15" VPOS="812" HPOS="1853"/>
                  <String HEIGHT="64"
                          WIDTH="106"
                          VPOS="812"
                          HPOS="1808"
                          CONTENT="est"/>
                  <SP HEIGHT="64" WIDTH="15" VPOS="812" HPOS="1914"/>
                  <String HEIGHT="64"
                          WIDTH="121"
                          VPOS="812"
                          HPOS="1868"
                          CONTENT="quia"/>
                  <SP HEIGHT="64" WIDTH="15" VPOS="812" HPOS="1989"/>
                  <String HEIGHT="64"
                          WIDTH="106"
                          VPOS="812"
                          HPOS="1944"
                          CONTENT="non"/>
                  <SP HEIGHT="64" WIDTH="15" VPOS="812" HPOS="2050"/>
                  <String HEIGHT="64"
                          WIDTH="106"
                          VPOS="812"
                          HPOS="2004"
                          CONTENT="est"/>
                  <SP HEIGHT="64" WIDTH="15" VPOS="812" HPOS="2110"/>
                  <String HEIGHT="64"
                          WIDTH="166"
                          VPOS="812"
                          HPOS="2050"
                          CONTENT="practicus"/>
               </TextLine>
               <TextLine ID="r2l13"
                         BASELINE="928"
                         HEIGHT="64"
                         WIDTH="1775"
                         VPOS="864"
                         HPOS="444">
                  <String HEIGHT="64"
                          WIDTH="125"
                          VPOS="864"
                          HPOS="428"
                          CONTENT="quia"/>
                  <SP HEIGHT="64" WIDTH="16" VPOS="864" HPOS="553"/>
                  <String HEIGHT="64" WIDTH="93" VPOS="864" HPOS="506" CONTENT="vt"/>
                  <SP HEIGHT="64" WIDTH="16" VPOS="864" HPOS="600"/>
                  <String HEIGHT="64"
                          WIDTH="140"
                          VPOS="864"
                          HPOS="553"
                          CONTENT="dicit"/>
                  <SP HEIGHT="64" WIDTH="16" VPOS="864" HPOS="693"/>
                  <String HEIGHT="64"
                          WIDTH="125"
                          VPOS="864"
                          HPOS="646"
                          CONTENT="ibi,"/>
                  <SP HEIGHT="64" WIDTH="16" VPOS="864" HPOS="771"/>
                  <String HEIGHT="64"
                          WIDTH="234"
                          VPOS="864"
                          HPOS="724"
                          CONTENT="continentis"/>
                  <SP HEIGHT="64" WIDTH="16" VPOS="864" HPOS="958"/>
                  <String HEIGHT="64"
                          WIDTH="125"
                          VPOS="864"
                          HPOS="911"
                          CONTENT="opus"/>
                  <SP HEIGHT="64" WIDTH="16" VPOS="864" HPOS="1036"/>
                  <String HEIGHT="64" WIDTH="109" VPOS="864" HPOS="989" CONTENT="non"/>
                  <SP HEIGHT="64" WIDTH="16" VPOS="864" HPOS="1098"/>
                  <String HEIGHT="64"
                          WIDTH="187"
                          VPOS="864"
                          HPOS="1051"
                          CONTENT="congruit"/>
                  <SP HEIGHT="64" WIDTH="16" VPOS="864" HPOS="1238"/>
                  <String HEIGHT="64"
                          WIDTH="125"
                          VPOS="864"
                          HPOS="1191"
                          CONTENT="suae"/>
                  <SP HEIGHT="64" WIDTH="16" VPOS="864" HPOS="1316"/>
                  <String HEIGHT="64"
                          WIDTH="218"
                          VPOS="864"
                          HPOS="1269"
                          CONTENT="scientiae."/>
                  <SP HEIGHT="64" WIDTH="16" VPOS="864" HPOS="1487"/>
                  <String HEIGHT="64"
                          WIDTH="125"
                          VPOS="864"
                          HPOS="1440"
                          CONTENT="Vnde"/>
                  <SP HEIGHT="64" WIDTH="16" VPOS="864" HPOS="1565"/>
                  <String HEIGHT="64" WIDTH="78" VPOS="864" HPOS="1518" CONTENT="&amp;"/>
                  <SP HEIGHT="64" WIDTH="16" VPOS="864" HPOS="1596"/>
                  <String HEIGHT="64" WIDTH="93" VPOS="864" HPOS="1549" CONTENT="in"/>
                  <SP HEIGHT="64" WIDTH="16" VPOS="864" HPOS="1643"/>
                  <String HEIGHT="64"
                          WIDTH="156"
                          VPOS="864"
                          HPOS="1596"
                          CONTENT="eodem,"/>
                  <SP HEIGHT="64" WIDTH="16" VPOS="864" HPOS="1752"/>
                  <String HEIGHT="64"
                          WIDTH="187"
                          VPOS="864"
                          HPOS="1705"
                          CONTENT="capitulo"/>
                  <SP HEIGHT="64" WIDTH="16" VPOS="864" HPOS="1892"/>
                  <String HEIGHT="64"
                          WIDTH="265"
                          VPOS="864"
                          HPOS="1845"
                          CONTENT="decimoquinto,"/>
                  <SP HEIGHT="64" WIDTH="16" VPOS="864" HPOS="2110"/>
                  <String HEIGHT="64"
                          WIDTH="171"
                          VPOS="864"
                          HPOS="2048"
                          CONTENT="assignans"/>
               </TextLine>
               <TextLine ID="r2l14"
                         BASELINE="987"
                         HEIGHT="62"
                         WIDTH="1773"
                         VPOS="925"
                         HPOS="441">
                  <String HEIGHT="62"
                          WIDTH="245"
                          VPOS="925"
                          HPOS="426"
                          CONTENT="differentiam"/>
                  <SP HEIGHT="62" WIDTH="15" VPOS="925" HPOS="670"/>
                  <String HEIGHT="62"
                          WIDTH="260"
                          VPOS="925"
                          HPOS="624"
                          CONTENT="incontinentis"/>
                  <SP HEIGHT="62" WIDTH="15" VPOS="925" HPOS="884"/>
                  <String HEIGHT="62" WIDTH="76" VPOS="925" HPOS="838" CONTENT="&amp;"/>
                  <SP HEIGHT="62" WIDTH="15" VPOS="925" HPOS="915"/>
                  <String HEIGHT="62"
                          WIDTH="229"
                          VPOS="925"
                          HPOS="869"
                          CONTENT="intemperati"/>
                  <SP HEIGHT="62" WIDTH="15" VPOS="925" HPOS="1098"/>
                  <String HEIGHT="62"
                          WIDTH="138"
                          VPOS="925"
                          HPOS="1052"
                          CONTENT="dicit"/>
                  <SP HEIGHT="62" WIDTH="15" VPOS="925" HPOS="1190"/>
                  <String HEIGHT="62"
                          WIDTH="122"
                          VPOS="925"
                          HPOS="1144"
                          CONTENT="quod"/>
                  <SP HEIGHT="62" WIDTH="15" VPOS="925" HPOS="1266"/>
                  <String HEIGHT="62"
                          WIDTH="229"
                          VPOS="925"
                          HPOS="1221"
                          CONTENT="incontinens"/>
                  <SP HEIGHT="62" WIDTH="15" VPOS="925" HPOS="1450"/>
                  <String HEIGHT="62"
                          WIDTH="138"
                          VPOS="925"
                          HPOS="1404"
                          CONTENT="talis"/>
                  <SP HEIGHT="62" WIDTH="15" VPOS="925" HPOS="1541"/>
                  <String HEIGHT="62"
                          WIDTH="107"
                          VPOS="925"
                          HPOS="1496"
                          CONTENT="est"/>
                  <SP HEIGHT="62" WIDTH="15" VPOS="925" HPOS="1603"/>
                  <String HEIGHT="62"
                          WIDTH="153"
                          VPOS="925"
                          HPOS="1557"
                          CONTENT="qualis"/>
                  <SP HEIGHT="62" WIDTH="15" VPOS="925" HPOS="1710"/>
                  <String HEIGHT="62"
                          WIDTH="107"
                          VPOS="925"
                          HPOS="1664"
                          CONTENT="non"/>
                  <SP HEIGHT="62" WIDTH="15" VPOS="925" HPOS="1771"/>
                  <String HEIGHT="62"
                          WIDTH="168"
                          VPOS="925"
                          HPOS="1725"
                          CONTENT="propter"/>
                  <SP HEIGHT="62" WIDTH="15" VPOS="925" HPOS="1893"/>
                  <String HEIGHT="62"
                          WIDTH="199"
                          VPOS="925"
                          HPOS="1847"
                          CONTENT="persuasum"/>
                  <SP HEIGHT="62" WIDTH="15" VPOS="925" HPOS="2046"/>
                  <String HEIGHT="62"
                          WIDTH="122"
                          VPOS="925"
                          HPOS="2000"
                          CONTENT="esse"/>
                  <SP HEIGHT="62" WIDTH="15" VPOS="925" HPOS="2122"/>
                  <String HEIGHT="62"
                          WIDTH="153"
                          VPOS="925"
                          HPOS="2061"
                          CONTENT="sequitur"/>
               </TextLine>
               <TextLine ID="r2l15"
                         BASELINE="1040"
                         HEIGHT="60"
                         WIDTH="1783"
                         VPOS="980"
                         HPOS="444">
                  <String HEIGHT="60" WIDTH="99" VPOS="980" HPOS="430" CONTENT="eas"/>
                  <SP HEIGHT="60" WIDTH="14" VPOS="980" HPOS="529"/>
                  <String HEIGHT="60"
                          WIDTH="113"
                          VPOS="980"
                          HPOS="486"
                          CONTENT="quae"/>
                  <SP HEIGHT="60" WIDTH="14" VPOS="980" HPOS="600"/>
                  <String HEIGHT="60"
                          WIDTH="170"
                          VPOS="980"
                          HPOS="557"
                          CONTENT="secundum"/>
                  <SP HEIGHT="60" WIDTH="14" VPOS="980" HPOS="727"/>
                  <String HEIGHT="60"
                          WIDTH="297"
                          VPOS="980"
                          HPOS="685"
                          CONTENT="superabundantiam:"/>
                  <SP HEIGHT="60" WIDTH="14" VPOS="980" HPOS="982"/>
                  <String HEIGHT="60" WIDTH="71" VPOS="980" HPOS="939" CONTENT="&amp;"/>
                  <SP HEIGHT="60" WIDTH="14" VPOS="980" HPOS="1010"/>
                  <String HEIGHT="60"
                          WIDTH="113"
                          VPOS="980"
                          HPOS="968"
                          CONTENT="quae"/>
                  <SP HEIGHT="60" WIDTH="14" VPOS="980" HPOS="1081"/>
                  <String HEIGHT="60"
                          WIDTH="156"
                          VPOS="980"
                          HPOS="1038"
                          CONTENT="praeter"/>
                  <SP HEIGHT="60" WIDTH="14" VPOS="980" HPOS="1194"/>
                  <String HEIGHT="60"
                          WIDTH="142"
                          VPOS="980"
                          HPOS="1152"
                          CONTENT="rectam"/>
                  <SP HEIGHT="60" WIDTH="14" VPOS="980" HPOS="1293"/>
                  <String HEIGHT="60"
                          WIDTH="170"
                          VPOS="980"
                          HPOS="1251"
                          CONTENT="rationem"/>
                  <SP HEIGHT="60" WIDTH="14" VPOS="980" HPOS="1420"/>
                  <String HEIGHT="60"
                          WIDTH="198"
                          VPOS="980"
                          HPOS="1378"
                          CONTENT="corporales"/>
                  <SP HEIGHT="60" WIDTH="14" VPOS="980" HPOS="1576"/>
                  <String HEIGHT="60"
                          WIDTH="255"
                          VPOS="980"
                          HPOS="1534"
                          CONTENT="delectationes."/>
                  <SP HEIGHT="60" WIDTH="14" VPOS="980" HPOS="1788"/>
                  <String HEIGHT="60"
                          WIDTH="226"
                          VPOS="980"
                          HPOS="1746"
                          CONTENT="Intemperatus"/>
                  <SP HEIGHT="60" WIDTH="14" VPOS="980" HPOS="1972"/>
                  <String HEIGHT="60"
                          WIDTH="127"
                          VPOS="980"
                          HPOS="1930"
                          CONTENT="autem"/>
                  <SP HEIGHT="60" WIDTH="14" VPOS="980" HPOS="2057"/>
                  <String HEIGHT="60"
                          WIDTH="184"
                          VPOS="980"
                          HPOS="2015"
                          CONTENT="persuasus"/>
                  <SP HEIGHT="60" WIDTH="14" VPOS="980" HPOS="2199"/>
                  <String HEIGHT="60"
                          WIDTH="85"
                          VPOS="980"
                          HPOS="2142"
                          CONTENT="est."/>
               </TextLine>
               <TextLine ID="r2l16"
                         BASELINE="1093"
                         HEIGHT="66"
                         WIDTH="1770"
                         VPOS="1027"
                         HPOS="455">
                  <String HEIGHT="66"
                          WIDTH="124"
                          VPOS="1027"
                          HPOS="439"
                          CONTENT="Vult"/>
                  <SP HEIGHT="66" WIDTH="16" VPOS="1027" HPOS="564"/>
                  <String HEIGHT="66"
                          WIDTH="124"
                          VPOS="1027"
                          HPOS="517"
                          CONTENT="ergo"/>
                  <SP HEIGHT="66" WIDTH="16" VPOS="1027" HPOS="641"/>
                  <String HEIGHT="66"
                          WIDTH="202"
                          VPOS="1027"
                          HPOS="595"
                          CONTENT="manifeste"/>
                  <SP HEIGHT="66" WIDTH="16" VPOS="1027" HPOS="797"/>
                  <String HEIGHT="66"
                          WIDTH="124"
                          VPOS="1027"
                          HPOS="750"
                          CONTENT="quod"/>
                  <SP HEIGHT="66" WIDTH="16" VPOS="1027" HPOS="874"/>
                  <String HEIGHT="66"
                          WIDTH="233"
                          VPOS="1027"
                          HPOS="828"
                          CONTENT="incontinens"/>
                  <SP HEIGHT="66" WIDTH="16" VPOS="1027" HPOS="1061"/>
                  <String HEIGHT="66"
                          WIDTH="186"
                          VPOS="1027"
                          HPOS="1014"
                          CONTENT="sequitur"/>
                  <SP HEIGHT="66" WIDTH="16" VPOS="1027" HPOS="1200"/>
                  <String HEIGHT="66"
                          WIDTH="264"
                          VPOS="1027"
                          HPOS="1154"
                          CONTENT="delectationes"/>
                  <SP HEIGHT="66" WIDTH="16" VPOS="1027" HPOS="1418"/>
                  <String HEIGHT="66"
                          WIDTH="109"
                          VPOS="1027"
                          HPOS="1371"
                          CONTENT="non"/>
                  <SP HEIGHT="66" WIDTH="16" VPOS="1027" HPOS="1480"/>
                  <String HEIGHT="66"
                          WIDTH="217"
                          VPOS="1027"
                          HPOS="1433"
                          CONTENT="persuasus."/>
                  <SP HEIGHT="66" WIDTH="16" VPOS="1027" HPOS="1651"/>
                  <String HEIGHT="66" WIDTH="93" VPOS="1027" HPOS="1604" CONTENT="Si"/>
                  <SP HEIGHT="66" WIDTH="16" VPOS="1027" HPOS="1697"/>
                  <String HEIGHT="66"
                          WIDTH="140"
                          VPOS="1027"
                          HPOS="1651"
                          CONTENT="autem"/>
                  <SP HEIGHT="66" WIDTH="16" VPOS="1027" HPOS="1790"/>
                  <String HEIGHT="66"
                          WIDTH="217"
                          VPOS="1027"
                          HPOS="1744"
                          CONTENT="ignorantia"/>
                  <SP HEIGHT="66" WIDTH="16" VPOS="1027" HPOS="1961"/>
                  <String HEIGHT="66" WIDTH="78" VPOS="1027" HPOS="1914" CONTENT="&amp;"/>
                  <SP HEIGHT="66" WIDTH="16" VPOS="1027" HPOS="1992"/>
                  <String HEIGHT="66"
                          WIDTH="233"
                          VPOS="1027"
                          HPOS="1946"
                          CONTENT="deordinatio"/>
                  <SP HEIGHT="66" WIDTH="16" VPOS="1027" HPOS="2178"/>
                  <String HEIGHT="66"
                          WIDTH="109"
                          VPOS="1027"
                          HPOS="2116"
                          CONTENT="ratio"/>
               </TextLine>
               <TextLine ID="r2l17"
                         BASELINE="1148"
                         HEIGHT="69"
                         WIDTH="1777"
                         VPOS="1079"
                         HPOS="443">
                  <String HEIGHT="69"
                          WIDTH="113"
                          VPOS="1079"
                          HPOS="427"
                          CONTENT="nis"/>
                  <SP HEIGHT="69" WIDTH="16" VPOS="1079" HPOS="540"/>
                  <String HEIGHT="69"
                          WIDTH="145"
                          VPOS="1079"
                          HPOS="491"
                          CONTENT="esset"/>
                  <SP HEIGHT="69" WIDTH="16" VPOS="1079" HPOS="637"/>
                  <String HEIGHT="69"
                          WIDTH="145"
                          VPOS="1079"
                          HPOS="588"
                          CONTENT="cauam"/>
                  <SP HEIGHT="69" WIDTH="16" VPOS="1079" HPOS="734"/>
                  <String HEIGHT="69"
                          WIDTH="291"
                          VPOS="1079"
                          HPOS="685"
                          CONTENT="deordinationis"/>
                  <SP HEIGHT="69" WIDTH="16" VPOS="1079" HPOS="976"/>
                  <String HEIGHT="69"
                          WIDTH="226"
                          VPOS="1079"
                          HPOS="928"
                          CONTENT="voluntatis"/>
                  <SP HEIGHT="69" WIDTH="16" VPOS="1079" HPOS="1154"/>
                  <String HEIGHT="69" WIDTH="97" VPOS="1079" HPOS="1105" CONTENT="in"/>
                  <SP HEIGHT="69" WIDTH="16" VPOS="1079" HPOS="1202"/>
                  <String HEIGHT="69"
                          WIDTH="194"
                          VPOS="1079"
                          HPOS="1154"
                          CONTENT="sequendo"/>
                  <SP HEIGHT="69" WIDTH="16" VPOS="1079" HPOS="1348"/>
                  <String HEIGHT="69"
                          WIDTH="291"
                          VPOS="1079"
                          HPOS="1299"
                          CONTENT="delectationes,"/>
                  <SP HEIGHT="69" WIDTH="16" VPOS="1079" HPOS="1590"/>
                  <String HEIGHT="69"
                          WIDTH="178"
                          VPOS="1079"
                          HPOS="1542"
                          CONTENT="videtur"/>
                  <SP HEIGHT="69" WIDTH="16" VPOS="1079" HPOS="1719"/>
                  <String HEIGHT="69"
                          WIDTH="129"
                          VPOS="1079"
                          HPOS="1671"
                          CONTENT="esse"/>
                  <SP HEIGHT="69" WIDTH="16" VPOS="1079" HPOS="1800"/>
                  <String HEIGHT="69"
                          WIDTH="145"
                          VPOS="1079"
                          HPOS="1752"
                          CONTENT="bonum"/>
                  <SP HEIGHT="69" WIDTH="16" VPOS="1079" HPOS="1897"/>
                  <String HEIGHT="69"
                          WIDTH="145"
                          VPOS="1079"
                          HPOS="1848"
                          CONTENT="sequi"/>
                  <SP HEIGHT="69" WIDTH="16" VPOS="1079" HPOS="1994"/>
                  <String HEIGHT="69"
                          WIDTH="113"
                          VPOS="1079"
                          HPOS="1945"
                          CONTENT="eas"/>
                  <SP HEIGHT="69" WIDTH="16" VPOS="1079" HPOS="2058"/>
                  <String HEIGHT="69"
                          WIDTH="129"
                          VPOS="1079"
                          HPOS="2010"
                          CONTENT="hora"/>
                  <SP HEIGHT="69" WIDTH="16" VPOS="1079" HPOS="2139"/>
                  <String HEIGHT="69"
                          WIDTH="145"
                          VPOS="1079"
                          HPOS="2075"
                          CONTENT="ignoram"/>
               </TextLine>
               <TextLine ID="r2l18"
                         BASELINE="1189"
                         HEIGHT="55"
                         WIDTH="1772"
                         VPOS="1134"
                         HPOS="443">
                  <String HEIGHT="55"
                          WIDTH="117"
                          VPOS="1134"
                          HPOS="428"
                          CONTENT="tiae"/>
                  <SP HEIGHT="55" WIDTH="15" VPOS="1134" HPOS="546"/>
                  <String HEIGHT="55"
                          WIDTH="176"
                          VPOS="1134"
                          HPOS="502"
                          CONTENT="antequam"/>
                  <SP HEIGHT="55" WIDTH="15" VPOS="1134" HPOS="677"/>
                  <String HEIGHT="55"
                          WIDTH="176"
                          VPOS="1134"
                          HPOS="633"
                          CONTENT="voluntas"/>
                  <SP HEIGHT="55" WIDTH="15" VPOS="1134" HPOS="809"/>
                  <String HEIGHT="55"
                          WIDTH="220"
                          VPOS="1134"
                          HPOS="765"
                          CONTENT="deordinetur"/>
                  <SP HEIGHT="55" WIDTH="15" VPOS="1134" HPOS="985"/>
                  <String HEIGHT="55"
                          WIDTH="103"
                          VPOS="1134"
                          HPOS="941"
                          CONTENT="per"/>
                  <SP HEIGHT="55" WIDTH="15" VPOS="1134" HPOS="1043"/>
                  <String HEIGHT="55"
                          WIDTH="132"
                          VPOS="1134"
                          HPOS="999"
                          CONTENT="illam"/>
                  <SP HEIGHT="55" WIDTH="15" VPOS="1134" HPOS="1131"/>
                  <String HEIGHT="55"
                          WIDTH="234"
                          VPOS="1134"
                          HPOS="1087"
                          CONTENT="ignorantiam."/>
                  <SP HEIGHT="55" WIDTH="15" VPOS="1134" HPOS="1322"/>
                  <String HEIGHT="55" WIDTH="73" VPOS="1134" HPOS="1278" CONTENT="&amp;"/>
                  <SP HEIGHT="55" WIDTH="15" VPOS="1134" HPOS="1351"/>
                  <String HEIGHT="55"
                          WIDTH="103"
                          VPOS="1134"
                          HPOS="1307"
                          CONTENT="sic"/>
                  <SP HEIGHT="55" WIDTH="15" VPOS="1134" HPOS="1410"/>
                  <String HEIGHT="55"
                          WIDTH="132"
                          VPOS="1134"
                          HPOS="1366"
                          CONTENT="esset"/>
                  <SP HEIGHT="55" WIDTH="15" VPOS="1134" HPOS="1497"/>
                  <String HEIGHT="55" WIDTH="88" VPOS="1134" HPOS="1453" CONTENT="ei"/>
                  <SP HEIGHT="55" WIDTH="15" VPOS="1134" HPOS="1541"/>
                  <String HEIGHT="55"
                          WIDTH="190"
                          VPOS="1134"
                          HPOS="1497"
                          CONTENT="persuasum"/>
                  <SP HEIGHT="55" WIDTH="15" VPOS="1134" HPOS="1688"/>
                  <String HEIGHT="55"
                          WIDTH="117"
                          VPOS="1134"
                          HPOS="1644"
                          CONTENT="tunc"/>
                  <SP HEIGHT="55" WIDTH="15" VPOS="1134" HPOS="1761"/>
                  <String HEIGHT="55" WIDTH="88" VPOS="1134" HPOS="1717" CONTENT="in"/>
                  <SP HEIGHT="55" WIDTH="15" VPOS="1134" HPOS="1805"/>
                  <String HEIGHT="55"
                          WIDTH="176"
                          VPOS="1134"
                          HPOS="1761"
                          CONTENT="passione"/>
                  <SP HEIGHT="55" WIDTH="15" VPOS="1134" HPOS="1937"/>
                  <String HEIGHT="55"
                          WIDTH="190"
                          VPOS="1134"
                          HPOS="1893"
                          CONTENT="existenti"/>
                  <SP HEIGHT="55" WIDTH="15" VPOS="1134" HPOS="2083"/>
                  <String HEIGHT="55"
                          WIDTH="132"
                          VPOS="1134"
                          HPOS="2039"
                          CONTENT="sequi"/>
                  <SP HEIGHT="55" WIDTH="15" VPOS="1134" HPOS="2171"/>
                  <String HEIGHT="55"
                          WIDTH="117"
                          VPOS="1134"
                          HPOS="2127"
                          CONTENT="eas:"/>
                  <SP HEIGHT="55" WIDTH="15" VPOS="1134" HPOS="2244"/>
                  <String HEIGHT="55" WIDTH="29" VPOS="1134" HPOS="2186" CONTENT=""/>
               </TextLine>
               <TextLine ID="r2l19"
                         BASELINE="1246"
                         HEIGHT="60"
                         WIDTH="1774"
                         VPOS="1186"
                         HPOS="450">
                  <String HEIGHT="60"
                          WIDTH="139"
                          VPOS="1186"
                          HPOS="435"
                          CONTENT="sicut"/>
                  <SP HEIGHT="60" WIDTH="15" VPOS="1186" HPOS="573"/>
                  <String HEIGHT="60"
                          WIDTH="216"
                          VPOS="1186"
                          HPOS="527"
                          CONTENT="inteperato"/>
                  <SP HEIGHT="60" WIDTH="15" VPOS="1186" HPOS="743"/>
                  <String HEIGHT="60"
                          WIDTH="108"
                          VPOS="1186"
                          HPOS="697"
                          CONTENT="hoc"/>
                  <SP HEIGHT="60" WIDTH="15" VPOS="1186" HPOS="805"/>
                  <String HEIGHT="60"
                          WIDTH="154"
                          VPOS="1186"
                          HPOS="759"
                          CONTENT="semper"/>
                  <SP HEIGHT="60" WIDTH="15" VPOS="1186" HPOS="913"/>
                  <String HEIGHT="60"
                          WIDTH="108"
                          VPOS="1186"
                          HPOS="867"
                          CONTENT="est"/>
                  <SP HEIGHT="60" WIDTH="15" VPOS="1186" HPOS="974"/>
                  <String HEIGHT="60"
                          WIDTH="201"
                          VPOS="1186"
                          HPOS="928"
                          CONTENT="persuasum"/>
                  <SP HEIGHT="60" WIDTH="15" VPOS="1186" HPOS="1129"/>
                  <String HEIGHT="60"
                          WIDTH="108"
                          VPOS="1186"
                          HPOS="1082"
                          CONTENT="qui"/>
                  <SP HEIGHT="60" WIDTH="15" VPOS="1186" HPOS="1190"/>
                  <String HEIGHT="60"
                          WIDTH="139"
                          VPOS="1186"
                          HPOS="1144"
                          CONTENT="habet"/>
                  <SP HEIGHT="60" WIDTH="15" VPOS="1186" HPOS="1283"/>
                  <String HEIGHT="60"
                          WIDTH="216"
                          VPOS="1186"
                          HPOS="1237"
                          CONTENT="principium"/>
                  <SP HEIGHT="60" WIDTH="15" VPOS="1186" HPOS="1453"/>
                  <String HEIGHT="60"
                          WIDTH="216"
                          VPOS="1186"
                          HPOS="1406"
                          CONTENT="corruptum,"/>
                  <SP HEIGHT="60" WIDTH="15" VPOS="1186" HPOS="1622"/>
                  <String HEIGHT="60"
                          WIDTH="123"
                          VPOS="1186"
                          HPOS="1576"
                          CONTENT="quod"/>
                  <SP HEIGHT="60" WIDTH="15" VPOS="1186" HPOS="1700"/>
                  <String HEIGHT="60"
                          WIDTH="154"
                          VPOS="1186"
                          HPOS="1653"
                          CONTENT="falsum"/>
                  <SP HEIGHT="60" WIDTH="15" VPOS="1186" HPOS="1807"/>
                  <String HEIGHT="60"
                          WIDTH="123"
                          VPOS="1186"
                          HPOS="1761"
                          CONTENT="est."/>
                  <SP HEIGHT="60" WIDTH="15" VPOS="1186" HPOS="1885"/>
                  <String HEIGHT="60"
                          WIDTH="123"
                          VPOS="1186"
                          HPOS="1838"
                          CONTENT="Vnde"/>
                  <SP HEIGHT="60" WIDTH="15" VPOS="1186" HPOS="1962"/>
                  <String HEIGHT="60"
                          WIDTH="139"
                          VPOS="1186"
                          HPOS="1915"
                          CONTENT="dicit"/>
                  <SP HEIGHT="60" WIDTH="15" VPOS="1186" HPOS="2054"/>
                  <String HEIGHT="60"
                          WIDTH="154"
                          VPOS="1186"
                          HPOS="2008"
                          CONTENT="ibidem"/>
                  <SP HEIGHT="60" WIDTH="15" VPOS="1186" HPOS="2162"/>
                  <String HEIGHT="60"
                          WIDTH="123"
                          VPOS="1186"
                          HPOS="2101"
                          CONTENT="Commen"/>
               </TextLine>
               <TextLine ID="r2l20"
                         BASELINE="1306"
                         HEIGHT="68"
                         WIDTH="1783"
                         VPOS="1238"
                         HPOS="442">
                  <String HEIGHT="68"
                          WIDTH="138"
                          VPOS="1238"
                          HPOS="427"
                          CONTENT="tator"/>
                  <SP HEIGHT="68" WIDTH="15" VPOS="1238" HPOS="565"/>
                  <String HEIGHT="68"
                          WIDTH="123"
                          VPOS="1238"
                          HPOS="519"
                          CONTENT="quod"/>
                  <SP HEIGHT="68" WIDTH="15" VPOS="1238" HPOS="642"/>
                  <String HEIGHT="68"
                          WIDTH="231"
                          VPOS="1238"
                          HPOS="596"
                          CONTENT="incontinens"/>
                  <SP HEIGHT="68" WIDTH="15" VPOS="1238" HPOS="826"/>
                  <String HEIGHT="68"
                          WIDTH="108"
                          VPOS="1238"
                          HPOS="780"
                          CONTENT="non"/>
                  <SP HEIGHT="68" WIDTH="15" VPOS="1238" HPOS="888"/>
                  <String HEIGHT="68"
                          WIDTH="108"
                          VPOS="1238"
                          HPOS="842"
                          CONTENT="est"/>
                  <SP HEIGHT="68" WIDTH="15" VPOS="1238" HPOS="949"/>
                  <String HEIGHT="68"
                          WIDTH="200"
                          VPOS="1238"
                          HPOS="903"
                          CONTENT="persuasus"/>
                  <SP HEIGHT="68" WIDTH="15" VPOS="1238" HPOS="1103"/>
                  <String HEIGHT="68"
                          WIDTH="169"
                          VPOS="1238"
                          HPOS="1057"
                          CONTENT="quoniam"/>
                  <SP HEIGHT="68" WIDTH="15" VPOS="1238" HPOS="1226"/>
                  <String HEIGHT="68"
                          WIDTH="138"
                          VPOS="1238"
                          HPOS="1180"
                          CONTENT="bonum"/>
                  <SP HEIGHT="68" WIDTH="15" VPOS="1238" HPOS="1318"/>
                  <String HEIGHT="68"
                          WIDTH="108"
                          VPOS="1238"
                          HPOS="1272"
                          CONTENT="est"/>
                  <SP HEIGHT="68" WIDTH="15" VPOS="1238" HPOS="1380"/>
                  <String HEIGHT="68"
                          WIDTH="200"
                          VPOS="1238"
                          HPOS="1334"
                          CONTENT="moechari:"/>
                  <SP HEIGHT="68" WIDTH="15" VPOS="1238" HPOS="1533"/>
                  <String HEIGHT="68"
                          WIDTH="138"
                          VPOS="1238"
                          HPOS="1487"
                          CONTENT="neque"/>
                  <SP HEIGHT="68" WIDTH="15" VPOS="1238" HPOS="1626"/>
                  <String HEIGHT="68"
                          WIDTH="184"
                          VPOS="1238"
                          HPOS="1579"
                          CONTENT="eligens:"/>
                  <SP HEIGHT="68" WIDTH="15" VPOS="1238" HPOS="1764"/>
                  <String HEIGHT="68"
                          WIDTH="108"
                          VPOS="1238"
                          HPOS="1718"
                          CONTENT="sed"/>
                  <SP HEIGHT="68" WIDTH="15" VPOS="1238" HPOS="1825"/>
                  <String HEIGHT="68"
                          WIDTH="292"
                          VPOS="1238"
                          HPOS="1779"
                          CONTENT="ineligibiliter,"/>
                  <SP HEIGHT="68" WIDTH="15" VPOS="1238" HPOS="2071"/>
                  <String HEIGHT="68"
                          WIDTH="108"
                          VPOS="1238"
                          HPOS="2025"
                          CONTENT="hoc"/>
                  <SP HEIGHT="68" WIDTH="15" VPOS="1238" HPOS="2133"/>
                  <String HEIGHT="68"
                          WIDTH="108"
                          VPOS="1238"
                          HPOS="2087"
                          CONTENT="est"/>
                  <SP HEIGHT="68" WIDTH="15" VPOS="1238" HPOS="2194"/>
                  <String HEIGHT="68"
                          WIDTH="92"
                          VPOS="1238"
                          HPOS="2133"
                          CONTENT="fine"/>
               </TextLine>
               <TextLine ID="r2l21"
                         BASELINE="1352"
                         HEIGHT="60"
                         WIDTH="1773"
                         VPOS="1292"
                         HPOS="448">
                  <String HEIGHT="60"
                          WIDTH="202"
                          VPOS="1292"
                          HPOS="432"
                          CONTENT="electione"/>
                  <SP HEIGHT="60" WIDTH="16" VPOS="1292" HPOS="635"/>
                  <String HEIGHT="60"
                          WIDTH="109"
                          VPOS="1292"
                          HPOS="588"
                          CONTENT="hoc"/>
                  <SP HEIGHT="60" WIDTH="16" VPOS="1292" HPOS="697"/>
                  <String HEIGHT="60"
                          WIDTH="140"
                          VPOS="1292"
                          HPOS="650"
                          CONTENT="agit."/>
                  <SP HEIGHT="60" WIDTH="16" VPOS="1292" HPOS="790"/>
                  <String HEIGHT="60"
                          WIDTH="124"
                          VPOS="1292"
                          HPOS="744"
                          CONTENT="Vult"/>
                  <SP HEIGHT="60" WIDTH="16" VPOS="1292" HPOS="868"/>
                  <String HEIGHT="60"
                          WIDTH="124"
                          VPOS="1292"
                          HPOS="821"
                          CONTENT="ergo"/>
                  <SP HEIGHT="60" WIDTH="16" VPOS="1292" HPOS="946"/>
                  <String HEIGHT="60"
                          WIDTH="124"
                          VPOS="1292"
                          HPOS="899"
                          CONTENT="quod"/>
                  <SP HEIGHT="60" WIDTH="16" VPOS="1292" HPOS="1023"/>
                  <String HEIGHT="60"
                          WIDTH="109"
                          VPOS="1292"
                          HPOS="977"
                          CONTENT="pro"/>
                  <SP HEIGHT="60" WIDTH="16" VPOS="1292" HPOS="1086"/>
                  <String HEIGHT="60"
                          WIDTH="124"
                          VPOS="1292"
                          HPOS="1039"
                          CONTENT="hora"/>
                  <SP HEIGHT="60" WIDTH="16" VPOS="1292" HPOS="1163"/>
                  <String HEIGHT="60"
                          WIDTH="187"
                          VPOS="1292"
                          HPOS="1117"
                          CONTENT="actionis"/>
                  <SP HEIGHT="60" WIDTH="16" VPOS="1292" HPOS="1303"/>
                  <String HEIGHT="60"
                          WIDTH="109"
                          VPOS="1292"
                          HPOS="1257"
                          CONTENT="non"/>
                  <SP HEIGHT="60" WIDTH="16" VPOS="1292" HPOS="1366"/>
                  <String HEIGHT="60"
                          WIDTH="109"
                          VPOS="1292"
                          HPOS="1319"
                          CONTENT="est"/>
                  <SP HEIGHT="60" WIDTH="16" VPOS="1292" HPOS="1428"/>
                  <String HEIGHT="60" WIDTH="93" VPOS="1292" HPOS="1381" CONTENT="ei"/>
                  <SP HEIGHT="60" WIDTH="16" VPOS="1292" HPOS="1474"/>
                  <String HEIGHT="60"
                          WIDTH="218"
                          VPOS="1292"
                          HPOS="1428"
                          CONTENT="persuasum:"/>
                  <SP HEIGHT="60" WIDTH="16" VPOS="1292" HPOS="1646"/>
                  <String HEIGHT="60"
                          WIDTH="109"
                          VPOS="1292"
                          HPOS="1599"
                          CONTENT="nec"/>
                  <SP HEIGHT="60" WIDTH="16" VPOS="1292" HPOS="1708"/>
                  <String HEIGHT="60"
                          WIDTH="249"
                          VPOS="1292"
                          HPOS="1661"
                          CONTENT="eligibiliter"/>
                  <SP HEIGHT="60" WIDTH="16" VPOS="1292" HPOS="1910"/>
                  <String HEIGHT="60"
                          WIDTH="140"
                          VPOS="1292"
                          HPOS="1863"
                          CONTENT="agit:"/>
                  <SP HEIGHT="60" WIDTH="16" VPOS="1292" HPOS="2003"/>
                  <String HEIGHT="60"
                          WIDTH="109"
                          VPOS="1292"
                          HPOS="1957"
                          CONTENT="sed"/>
                  <SP HEIGHT="60" WIDTH="16" VPOS="1292" HPOS="2065"/>
                  <String HEIGHT="60"
                          WIDTH="187"
                          VPOS="1292"
                          HPOS="2019"
                          CONTENT="passione"/>
                  <SP HEIGHT="60" WIDTH="16" VPOS="1292" HPOS="2205"/>
                  <String HEIGHT="60"
                          WIDTH="78"
                          VPOS="1292"
                          HPOS="2143"
                          CONTENT="com"/>
               </TextLine>
               <TextLine ID="r2l22"
                         BASELINE="1408"
                         HEIGHT="62"
                         WIDTH="1777"
                         VPOS="1346"
                         HPOS="449">
                  <String HEIGHT="62"
                          WIDTH="183"
                          VPOS="1346"
                          HPOS="432"
                          CONTENT="uictus:"/>
                  <SP HEIGHT="62" WIDTH="17" VPOS="1346" HPOS="615"/>
                  <String HEIGHT="62" WIDTH="100" VPOS="1346" HPOS="565" CONTENT="vt"/>
                  <SP HEIGHT="62" WIDTH="17" VPOS="1346" HPOS="665"/>
                  <String HEIGHT="62"
                          WIDTH="149"
                          VPOS="1346"
                          HPOS="615"
                          CONTENT="quasi"/>
                  <SP HEIGHT="62" WIDTH="17" VPOS="1346" HPOS="765"/>
                  <String HEIGHT="62"
                          WIDTH="199"
                          VPOS="1346"
                          HPOS="715"
                          CONTENT="passioni"/>
                  <SP HEIGHT="62" WIDTH="17" VPOS="1346" HPOS="914"/>
                  <String HEIGHT="62"
                          WIDTH="216"
                          VPOS="1346"
                          HPOS="864"
                          CONTENT="imputetur"/>
                  <SP HEIGHT="62" WIDTH="17" VPOS="1346" HPOS="1080"/>
                  <String HEIGHT="62" WIDTH="83" VPOS="1346" HPOS="1030" CONTENT="&amp;"/>
                  <SP HEIGHT="62" WIDTH="17" VPOS="1346" HPOS="1113"/>
                  <String HEIGHT="62"
                          WIDTH="116"
                          VPOS="1346"
                          HPOS="1063"
                          CONTENT="vis"/>
                  <SP HEIGHT="62" WIDTH="17" VPOS="1346" HPOS="1180"/>
                  <String HEIGHT="62"
                          WIDTH="116"
                          VPOS="1346"
                          HPOS="1130"
                          CONTENT="sit"/>
                  <SP HEIGHT="62" WIDTH="17" VPOS="1346" HPOS="1246"/>
                  <String HEIGHT="62"
                          WIDTH="100"
                          VPOS="1346"
                          HPOS="1196"
                          CONTENT="ei"/>
                  <SP HEIGHT="62" WIDTH="17" VPOS="1346" HPOS="1296"/>
                  <String HEIGHT="62"
                          WIDTH="149"
                          VPOS="1346"
                          HPOS="1246"
                          CONTENT="facta"/>
                  <SP HEIGHT="62" WIDTH="17" VPOS="1346" HPOS="1396"/>
                  <String HEIGHT="62"
                          WIDTH="100"
                          VPOS="1346"
                          HPOS="1346"
                          CONTENT="an"/>
                  <SP HEIGHT="62" WIDTH="17" VPOS="1346" HPOS="1445"/>
                  <String HEIGHT="62"
                          WIDTH="266"
                          VPOS="1346"
                          HPOS="1396"
                          CONTENT="ignorantiam."/>
                  <SP HEIGHT="62" WIDTH="17" VPOS="1346" HPOS="1661"/>
                  <String HEIGHT="62" WIDTH="83" VPOS="1346" HPOS="1612" CONTENT="&amp;"/>
                  <SP HEIGHT="62" WIDTH="17" VPOS="1346" HPOS="1695"/>
                  <String HEIGHT="62"
                          WIDTH="133"
                          VPOS="1346"
                          HPOS="1645"
                          CONTENT="ideo"/>
                  <SP HEIGHT="62" WIDTH="17" VPOS="1346" HPOS="1778"/>
                  <String HEIGHT="62"
                          WIDTH="199"
                          VPOS="1346"
                          HPOS="1728"
                          CONTENT="peccatum"/>
                  <SP HEIGHT="62" WIDTH="17" VPOS="1346" HPOS="1927"/>
                  <String HEIGHT="62"
                          WIDTH="149"
                          VPOS="1346"
                          HPOS="1877"
                          CONTENT="illud"/>
                  <SP HEIGHT="62" WIDTH="17" VPOS="1346" HPOS="2027"/>
                  <String HEIGHT="62"
                          WIDTH="116"
                          VPOS="1346"
                          HPOS="1977"
                          CONTENT="non"/>
                  <SP HEIGHT="62" WIDTH="17" VPOS="1346" HPOS="2093"/>
                  <String HEIGHT="62"
                          WIDTH="100"
                          VPOS="1346"
                          HPOS="2043"
                          CONTENT="ex"/>
                  <SP HEIGHT="62" WIDTH="17" VPOS="1346" HPOS="2143"/>
                  <String HEIGHT="62"
                          WIDTH="149"
                          VPOS="1346"
                          HPOS="2077"
                          CONTENT="ignoram"/>
               </TextLine>
               <TextLine ID="r2l23"
                         BASELINE="1471"
                         HEIGHT="64"
                         WIDTH="1777"
                         VPOS="1407"
                         HPOS="447">
                  <String HEIGHT="64"
                          WIDTH="125"
                          VPOS="1407"
                          HPOS="431"
                          CONTENT="tia:"/>
                  <SP HEIGHT="64" WIDTH="16" VPOS="1407" HPOS="556"/>
                  <String HEIGHT="64"
                          WIDTH="140"
                          VPOS="1407"
                          HPOS="509"
                          CONTENT="neque"/>
                  <SP HEIGHT="64" WIDTH="16" VPOS="1407" HPOS="650"/>
                  <String HEIGHT="64" WIDTH="94" VPOS="1407" HPOS="603" CONTENT="ex"/>
                  <SP HEIGHT="64" WIDTH="16" VPOS="1407" HPOS="696"/>
                  <String HEIGHT="64"
                          WIDTH="218"
                          VPOS="1407"
                          HPOS="650"
                          CONTENT="electione:"/>
                  <SP HEIGHT="64" WIDTH="16" VPOS="1407" HPOS="868"/>
                  <String HEIGHT="64"
                          WIDTH="109"
                          VPOS="1407"
                          HPOS="821"
                          CONTENT="sed"/>
                  <SP HEIGHT="64" WIDTH="16" VPOS="1407" HPOS="930"/>
                  <String HEIGHT="64" WIDTH="94" VPOS="1407" HPOS="883" CONTENT="ex"/>
                  <SP HEIGHT="64" WIDTH="16" VPOS="1407" HPOS="977"/>
                  <String HEIGHT="64"
                          WIDTH="187"
                          VPOS="1407"
                          HPOS="930"
                          CONTENT="passione"/>
                  <SP HEIGHT="64" WIDTH="16" VPOS="1407" HPOS="1117"/>
                  <String HEIGHT="64"
                          WIDTH="171"
                          VPOS="1407"
                          HPOS="1071"
                          CONTENT="proprie"/>
                  <SP HEIGHT="64" WIDTH="16" VPOS="1407" HPOS="1242"/>
                  <String HEIGHT="64"
                          WIDTH="171"
                          VPOS="1407"
                          HPOS="1195"
                          CONTENT="dicitur"/>
                  <SP HEIGHT="64" WIDTH="16" VPOS="1407" HPOS="1367"/>
                  <String HEIGHT="64"
                          WIDTH="171"
                          VPOS="1407"
                          HPOS="1320"
                          CONTENT="factum:"/>
                  <SP HEIGHT="64" WIDTH="16" VPOS="1407" HPOS="1491"/>
                  <String HEIGHT="64" WIDTH="78" VPOS="1407" HPOS="1445" CONTENT="&amp;"/>
                  <SP HEIGHT="64" WIDTH="16" VPOS="1407" HPOS="1523"/>
                  <String HEIGHT="64"
                          WIDTH="109"
                          VPOS="1407"
                          HPOS="1476"
                          CONTENT="quo"/>
                  <SP HEIGHT="64" WIDTH="16" VPOS="1407" HPOS="1585"/>
                  <String HEIGHT="64" WIDTH="94" VPOS="1407" HPOS="1538" CONTENT="ad"/>
                  <SP HEIGHT="64" WIDTH="16" VPOS="1407" HPOS="1632"/>
                  <String HEIGHT="64"
                          WIDTH="109"
                          VPOS="1407"
                          HPOS="1585"
                          CONTENT="hoc"/>
                  <SP HEIGHT="64" WIDTH="16" VPOS="1407" HPOS="1694"/>
                  <String HEIGHT="64"
                          WIDTH="203"
                          VPOS="1407"
                          HPOS="1647"
                          CONTENT="peccatum,"/>
                  <SP HEIGHT="64" WIDTH="16" VPOS="1407" HPOS="1850"/>
                  <String HEIGHT="64"
                          WIDTH="171"
                          VPOS="1407"
                          HPOS="1803"
                          CONTENT="peccans"/>
                  <SP HEIGHT="64" WIDTH="16" VPOS="1407" HPOS="1975"/>
                  <String HEIGHT="64"
                          WIDTH="109"
                          VPOS="1407"
                          HPOS="1928"
                          CONTENT="est"/>
                  <SP HEIGHT="64" WIDTH="16" VPOS="1407" HPOS="2037"/>
                  <String HEIGHT="64"
                          WIDTH="187"
                          VPOS="1407"
                          HPOS="1990"
                          CONTENT="ignorans"/>
                  <SP HEIGHT="64" WIDTH="16" VPOS="1407" HPOS="2177"/>
                  <String HEIGHT="64"
                          WIDTH="125"
                          VPOS="1407"
                          HPOS="2130"
                          CONTENT="igno"/>
                  <SP HEIGHT="64" WIDTH="16" VPOS="1407" HPOS="2255"/>
                  <String HEIGHT="64" WIDTH="31" VPOS="1407" HPOS="2193" CONTENT=""/>
               </TextLine>
               <TextLine ID="r2l24"
                         BASELINE="1521"
                         HEIGHT="66"
                         WIDTH="1782"
                         VPOS="1455"
                         HPOS="446">
                  <String HEIGHT="66"
                          WIDTH="156"
                          VPOS="1455"
                          HPOS="430"
                          CONTENT="rantia"/>
                  <SP HEIGHT="66" WIDTH="16" VPOS="1455" HPOS="587"/>
                  <String HEIGHT="66"
                          WIDTH="250"
                          VPOS="1455"
                          HPOS="540"
                          CONTENT="concomitante"/>
                  <SP HEIGHT="66" WIDTH="16" VPOS="1455" HPOS="790"/>
                  <String HEIGHT="66"
                          WIDTH="188"
                          VPOS="1455"
                          HPOS="743"
                          CONTENT="peccatum"/>
                  <SP HEIGHT="66" WIDTH="16" VPOS="1455" HPOS="931"/>
                  <String HEIGHT="66"
                          WIDTH="172"
                          VPOS="1455"
                          HPOS="884"
                          CONTENT="tanquam"/>
                  <SP HEIGHT="66" WIDTH="16" VPOS="1455" HPOS="1056"/>
                  <String HEIGHT="66"
                          WIDTH="141"
                          VPOS="1455"
                          HPOS="1009"
                          CONTENT="poena"/>
                  <SP HEIGHT="66" WIDTH="16" VPOS="1455" HPOS="1149"/>
                  <String HEIGHT="66"
                          WIDTH="188"
                          VPOS="1455"
                          HPOS="1103"
                          CONTENT="peccati."/>
                  <SP HEIGHT="66" WIDTH="16" VPOS="1455" HPOS="1290"/>
                  <String HEIGHT="66"
                          WIDTH="109"
                          VPOS="1455"
                          HPOS="1243"
                          CONTENT="sed"/>
                  <SP HEIGHT="66" WIDTH="16" VPOS="1455" HPOS="1353"/>
                  <String HEIGHT="66"
                          WIDTH="188"
                          VPOS="1455"
                          HPOS="1306"
                          CONTENT="postquam"/>
                  <SP HEIGHT="66" WIDTH="16" VPOS="1455" HPOS="1493"/>
                  <String HEIGHT="66"
                          WIDTH="188"
                          VPOS="1455"
                          HPOS="1446"
                          CONTENT="intrauit"/>
                  <SP HEIGHT="66" WIDTH="16" VPOS="1455" HPOS="1634"/>
                  <String HEIGHT="66"
                          WIDTH="219"
                          VPOS="1455"
                          HPOS="1587"
                          CONTENT="ignorantia"/>
                  <SP HEIGHT="66" WIDTH="16" VPOS="1455" HPOS="1806"/>
                  <String HEIGHT="66"
                          WIDTH="125"
                          VPOS="1455"
                          HPOS="1759"
                          CONTENT="tunc"/>
                  <SP HEIGHT="66" WIDTH="16" VPOS="1455" HPOS="1884"/>
                  <String HEIGHT="66"
                          WIDTH="203"
                          VPOS="1455"
                          HPOS="1837"
                          CONTENT="persuasum"/>
                  <SP HEIGHT="66" WIDTH="16" VPOS="1455" HPOS="2040"/>
                  <String HEIGHT="66"
                          WIDTH="109"
                          VPOS="1455"
                          HPOS="1994"
                          CONTENT="est"/>
                  <SP HEIGHT="66" WIDTH="16" VPOS="1455" HPOS="2103"/>
                  <String HEIGHT="66" WIDTH="94" VPOS="1455" HPOS="2056" CONTENT="ei"/>
                  <SP HEIGHT="66" WIDTH="16" VPOS="1455" HPOS="2150"/>
                  <String HEIGHT="66"
                          WIDTH="141"
                          VPOS="1455"
                          HPOS="2087"
                          CONTENT="ratione"/>
               </TextLine>
               <TextLine ID="r2l25"
                         BASELINE="1583"
                         HEIGHT="75"
                         WIDTH="1770"
                         VPOS="1508"
                         HPOS="444">
                  <String HEIGHT="75"
                          WIDTH="184"
                          VPOS="1508"
                          HPOS="427"
                          CONTENT="erronea"/>
                  <SP HEIGHT="75" WIDTH="17" VPOS="1508" HPOS="611"/>
                  <String HEIGHT="75"
                          WIDTH="134"
                          VPOS="1508"
                          HPOS="561"
                          CONTENT="quia"/>
                  <SP HEIGHT="75" WIDTH="17" VPOS="1508" HPOS="694"/>
                  <String HEIGHT="75"
                          WIDTH="200"
                          VPOS="1508"
                          HPOS="644"
                          CONTENT="moechari"/>
                  <SP HEIGHT="75" WIDTH="17" VPOS="1508" HPOS="845"/>
                  <String HEIGHT="75"
                          WIDTH="150"
                          VPOS="1508"
                          HPOS="795"
                          CONTENT="bonum"/>
                  <SP HEIGHT="75" WIDTH="17" VPOS="1508" HPOS="945"/>
                  <String HEIGHT="75"
                          WIDTH="134"
                          VPOS="1508"
                          HPOS="895"
                          CONTENT="est:"/>
                  <SP HEIGHT="75" WIDTH="17" VPOS="1508" HPOS="1028"/>
                  <String HEIGHT="75" WIDTH="83" VPOS="1508" HPOS="978" CONTENT="&amp;"/>
                  <SP HEIGHT="75" WIDTH="17" VPOS="1508" HPOS="1062"/>
                  <String HEIGHT="75"
                          WIDTH="134"
                          VPOS="1508"
                          HPOS="1012"
                          CONTENT="tunc"/>
                  <SP HEIGHT="75" WIDTH="17" VPOS="1508" HPOS="1145"/>
                  <String HEIGHT="75"
                          WIDTH="184"
                          VPOS="1508"
                          HPOS="1095"
                          CONTENT="propter"/>
                  <SP HEIGHT="75" WIDTH="17" VPOS="1508" HPOS="1279"/>
                  <String HEIGHT="75"
                          WIDTH="250"
                          VPOS="1508"
                          HPOS="1229"
                          CONTENT="ignorantiam"/>
                  <SP HEIGHT="75" WIDTH="17" VPOS="1508" HPOS="1479"/>
                  <String HEIGHT="75"
                          WIDTH="184"
                          VPOS="1508"
                          HPOS="1429"
                          CONTENT="peccat:"/>
                  <SP HEIGHT="75" WIDTH="17" VPOS="1508" HPOS="1613"/>
                  <String HEIGHT="75" WIDTH="83" VPOS="1508" HPOS="1563" CONTENT="&amp;"/>
                  <SP HEIGHT="75" WIDTH="17" VPOS="1508" HPOS="1646"/>
                  <String HEIGHT="75"
                          WIDTH="267"
                          VPOS="1508"
                          HPOS="1596"
                          CONTENT="eligibiliter"/>
                  <SP HEIGHT="75" WIDTH="17" VPOS="1508" HPOS="1863"/>
                  <String HEIGHT="75"
                          WIDTH="167"
                          VPOS="1508"
                          HPOS="1813"
                          CONTENT="peccat"/>
                  <SP HEIGHT="75" WIDTH="17" VPOS="1508" HPOS="1980"/>
                  <String HEIGHT="75"
                          WIDTH="184"
                          VPOS="1508"
                          HPOS="1930"
                          CONTENT="peccato"/>
                  <SP HEIGHT="75" WIDTH="17" VPOS="1508" HPOS="2114"/>
                  <String HEIGHT="75"
                          WIDTH="167"
                          VPOS="1508"
                          HPOS="2047"
                          CONTENT="volunta"
                          SUBS_TYPE="HypPart1"
                          SUBS_CONTENT="voluntario:"/>
                  <HYP CONTENT="-"/>
               </TextLine>
               <TextLine ID="r2l26"
                         BASELINE="1631"
                         HEIGHT="64"
                         WIDTH="1759"
                         VPOS="1567"
                         HPOS="459">
                  <String HEIGHT="64"
                          WIDTH="126"
                          VPOS="1567"
                          HPOS="443"
                          CONTENT="rio:"
                          SUBS_TYPE="HypPart2"
                          SUBS_CONTENT="voluntario:"/>
                  <SP HEIGHT="64" WIDTH="16" VPOS="1567" HPOS="569"/>
                  <String HEIGHT="64" WIDTH="94" VPOS="1567" HPOS="522" CONTENT="ad"/>
                  <SP HEIGHT="64" WIDTH="16" VPOS="1567" HPOS="616"/>
                  <String HEIGHT="64"
                          WIDTH="126"
                          VPOS="1567"
                          HPOS="569"
                          CONTENT="quod"/>
                  <SP HEIGHT="64" WIDTH="16" VPOS="1567" HPOS="695"/>
                  <String HEIGHT="64"
                          WIDTH="173"
                          VPOS="1567"
                          HPOS="647"
                          CONTENT="agendum"/>
                  <SP HEIGHT="64" WIDTH="16" VPOS="1567" HPOS="820"/>
                  <String HEIGHT="64"
                          WIDTH="126"
                          VPOS="1567"
                          HPOS="773"
                          CONTENT="sibi"/>
                  <SP HEIGHT="64" WIDTH="16" VPOS="1567" HPOS="899"/>
                  <String HEIGHT="64"
                          WIDTH="220"
                          VPOS="1567"
                          HPOS="852"
                          CONTENT="necessario"/>
                  <SP HEIGHT="64" WIDTH="16" VPOS="1567" HPOS="1072"/>
                  <String HEIGHT="64"
                          WIDTH="204"
                          VPOS="1567"
                          HPOS="1024"
                          CONTENT="conclusum"/>
                  <SP HEIGHT="64" WIDTH="16" VPOS="1567" HPOS="1229"/>
                  <String HEIGHT="64"
                          WIDTH="110"
                          VPOS="1567"
                          HPOS="1181"
                          CONTENT="est"/>
                  <SP HEIGHT="64" WIDTH="16" VPOS="1567" HPOS="1291"/>
                  <String HEIGHT="64" WIDTH="94" VPOS="1567" HPOS="1244" CONTENT="vt"/>
                  <SP HEIGHT="64" WIDTH="16" VPOS="1567" HPOS="1339"/>
                  <String HEIGHT="64"
                          WIDTH="157"
                          VPOS="1567"
                          HPOS="1291"
                          CONTENT="dictum"/>
                  <SP HEIGHT="64" WIDTH="16" VPOS="1567" HPOS="1448"/>
                  <String HEIGHT="64"
                          WIDTH="110"
                          VPOS="1567"
                          HPOS="1401"
                          CONTENT="est"/>
                  <SP HEIGHT="64" WIDTH="16" VPOS="1567" HPOS="1511"/>
                  <String HEIGHT="64"
                          WIDTH="157"
                          VPOS="1567"
                          HPOS="1464"
                          CONTENT="prius."/>
                  <SP HEIGHT="64" WIDTH="16" VPOS="1567" HPOS="1621"/>
                  <String HEIGHT="64" WIDTH="79" VPOS="1567" HPOS="1574" CONTENT="&amp;"/>
                  <SP HEIGHT="64" WIDTH="16" VPOS="1567" HPOS="1653"/>
                  <String HEIGHT="64"
                          WIDTH="141"
                          VPOS="1567"
                          HPOS="1605"
                          CONTENT="omnis"/>
                  <SP HEIGHT="64" WIDTH="16" VPOS="1567" HPOS="1747"/>
                  <String HEIGHT="64"
                          WIDTH="110"
                          VPOS="1567"
                          HPOS="1700"
                          CONTENT="sic"/>
                  <SP HEIGHT="64" WIDTH="16" VPOS="1567" HPOS="1810"/>
                  <String HEIGHT="64"
                          WIDTH="173"
                          VPOS="1567"
                          HPOS="1763"
                          CONTENT="peccans"/>
                  <SP HEIGHT="64" WIDTH="16" VPOS="1567" HPOS="1935"/>
                  <String HEIGHT="64"
                          WIDTH="110"
                          VPOS="1567"
                          HPOS="1888"
                          CONTENT="est"/>
                  <SP HEIGHT="64" WIDTH="16" VPOS="1567" HPOS="1998"/>
                  <String HEIGHT="64"
                          WIDTH="188"
                          VPOS="1567"
                          HPOS="1951"
                          CONTENT="ignorans"/>
                  <SP HEIGHT="64" WIDTH="16" VPOS="1567" HPOS="2139"/>
                  <String HEIGHT="64"
                          WIDTH="141"
                          VPOS="1567"
                          HPOS="2077"
                          CONTENT="ignoram"/>
               </TextLine>
               <TextLine ID="r2l27"
                         BASELINE="1684"
                         HEIGHT="61"
                         WIDTH="1761"
                         VPOS="1623"
                         HPOS="454">
                  <String HEIGHT="61" WIDTH="96" VPOS="1623" HPOS="440" CONTENT="tia"/>
                  <SP HEIGHT="61" WIDTH="14" VPOS="1623" HPOS="537"/>
                  <String HEIGHT="61"
                          WIDTH="110"
                          VPOS="1623"
                          HPOS="495"
                          CONTENT="quae"/>
                  <SP HEIGHT="61" WIDTH="14" VPOS="1623" HPOS="605"/>
                  <String HEIGHT="61"
                          WIDTH="179"
                          VPOS="1623"
                          HPOS="564"
                          CONTENT="praecedit"/>
                  <SP HEIGHT="61" WIDTH="14" VPOS="1623" HPOS="743"/>
                  <String HEIGHT="61" WIDTH="69" VPOS="1623" HPOS="702" CONTENT="&amp;"/>
                  <SP HEIGHT="61" WIDTH="14" VPOS="1623" HPOS="770"/>
                  <String HEIGHT="61" WIDTH="96" VPOS="1623" HPOS="729" CONTENT="est"/>
                  <SP HEIGHT="61" WIDTH="14" VPOS="1623" HPOS="825"/>
                  <String HEIGHT="61"
                          WIDTH="124"
                          VPOS="1623"
                          HPOS="784"
                          CONTENT="cauam"/>
                  <SP HEIGHT="61" WIDTH="14" VPOS="1623" HPOS="908"/>
                  <String HEIGHT="61"
                          WIDTH="151"
                          VPOS="1623"
                          HPOS="867"
                          CONTENT="peccati"/>
                  <SP HEIGHT="61" WIDTH="14" VPOS="1623" HPOS="1018"/>
                  <String HEIGHT="61"
                          WIDTH="193"
                          VPOS="1623"
                          HPOS="977"
                          CONTENT="sequentis:"/>
                  <SP HEIGHT="61" WIDTH="14" VPOS="1623" HPOS="1169"/>
                  <String HEIGHT="61"
                          WIDTH="110"
                          VPOS="1623"
                          HPOS="1128"
                          CONTENT="ipsa"/>
                  <SP HEIGHT="61" WIDTH="14" VPOS="1623" HPOS="1238"/>
                  <String HEIGHT="61"
                          WIDTH="124"
                          VPOS="1623"
                          HPOS="1197"
                          CONTENT="tamen"/>
                  <SP HEIGHT="61" WIDTH="14" VPOS="1623" HPOS="1321"/>
                  <String HEIGHT="61"
                          WIDTH="165"
                          VPOS="1623"
                          HPOS="1279"
                          CONTENT="sequitur"/>
                  <SP HEIGHT="61" WIDTH="14" VPOS="1623" HPOS="1445"/>
                  <String HEIGHT="61" WIDTH="83" VPOS="1623" HPOS="1403" CONTENT="ad"/>
                  <SP HEIGHT="61" WIDTH="14" VPOS="1623" HPOS="1486"/>
                  <String HEIGHT="61"
                          WIDTH="165"
                          VPOS="1623"
                          HPOS="1445"
                          CONTENT="peccatum"/>
                  <SP HEIGHT="61" WIDTH="14" VPOS="1623" HPOS="1610"/>
                  <String HEIGHT="61"
                          WIDTH="138"
                          VPOS="1623"
                          HPOS="1568"
                          CONTENT="primae"/>
                  <SP HEIGHT="61" WIDTH="14" VPOS="1623" HPOS="1706"/>
                  <String HEIGHT="61"
                          WIDTH="193"
                          VPOS="1623"
                          HPOS="1665"
                          CONTENT="voluntatis"/>
                  <SP HEIGHT="61" WIDTH="14" VPOS="1623" HPOS="1857"/>
                  <String HEIGHT="61"
                          WIDTH="138"
                          VPOS="1623"
                          HPOS="1816"
                          CONTENT="malae."/>
                  <SP HEIGHT="61" WIDTH="14" VPOS="1623" HPOS="1954"/>
                  <String HEIGHT="61" WIDTH="83" VPOS="1623" HPOS="1912" CONTENT="ET"/>
                  <SP HEIGHT="61" WIDTH="14" VPOS="1623" HPOS="1995"/>
                  <String HEIGHT="61"
                          WIDTH="96"
                          VPOS="1623"
                          HPOS="1954"
                          CONTENT="ita"/>
                  <SP HEIGHT="61" WIDTH="14" VPOS="1623" HPOS="2050"/>
                  <String HEIGHT="61"
                          WIDTH="165"
                          VPOS="1623"
                          HPOS="2009"
                          CONTENT="secundum"/>
                  <SP HEIGHT="61" WIDTH="14" VPOS="1623" HPOS="2174"/>
                  <String HEIGHT="61"
                          WIDTH="96"
                          VPOS="1623"
                          HPOS="2119"
                          CONTENT="istum"/>
               </TextLine>
               <TextLine ID="r2l28"
                         BASELINE="1730"
                         HEIGHT="58"
                         WIDTH="1773"
                         VPOS="1672"
                         HPOS="450">
                  <String HEIGHT="58"
                          WIDTH="146"
                          VPOS="1672"
                          HPOS="434"
                          CONTENT="modum"/>
                  <SP HEIGHT="58" WIDTH="16" VPOS="1672" HPOS="580"/>
                  <String HEIGHT="58"
                          WIDTH="179"
                          VPOS="1672"
                          HPOS="531"
                          CONTENT="nostrum"/>
                  <SP HEIGHT="58" WIDTH="16" VPOS="1672" HPOS="710"/>
                  <String HEIGHT="58"
                          WIDTH="179"
                          VPOS="1672"
                          HPOS="661"
                          CONTENT="ponendi"/>
                  <SP HEIGHT="58" WIDTH="16" VPOS="1672" HPOS="840"/>
                  <String HEIGHT="58"
                          WIDTH="179"
                          VPOS="1672"
                          HPOS="792"
                          CONTENT="dicimus"/>
                  <SP HEIGHT="58" WIDTH="16" VPOS="1672" HPOS="971"/>
                  <String HEIGHT="58"
                          WIDTH="130"
                          VPOS="1672"
                          HPOS="922"
                          CONTENT="quod"/>
                  <SP HEIGHT="58" WIDTH="16" VPOS="1672" HPOS="1052"/>
                  <String HEIGHT="58"
                          WIDTH="293"
                          VPOS="1672"
                          HPOS="1003"
                          CONTENT="concupiscentia"/>
                  <SP HEIGHT="58" WIDTH="16" VPOS="1672" HPOS="1296"/>
                  <String HEIGHT="58"
                          WIDTH="114"
                          VPOS="1672"
                          HPOS="1247"
                          CONTENT="non"/>
                  <SP HEIGHT="58" WIDTH="16" VPOS="1672" HPOS="1361"/>
                  <String HEIGHT="58"
                          WIDTH="211"
                          VPOS="1672"
                          HPOS="1312"
                          CONTENT="deordinat"/>
                  <SP HEIGHT="58" WIDTH="16" VPOS="1672" HPOS="1524"/>
                  <String HEIGHT="58"
                          WIDTH="195"
                          VPOS="1672"
                          HPOS="1475"
                          CONTENT="iudicium"/>
                  <SP HEIGHT="58" WIDTH="16" VPOS="1672" HPOS="1670"/>
                  <String HEIGHT="58"
                          WIDTH="195"
                          VPOS="1672"
                          HPOS="1621"
                          CONTENT="rationis"/>
                  <SP HEIGHT="58" WIDTH="16" VPOS="1672" HPOS="1816"/>
                  <String HEIGHT="58"
                          WIDTH="130"
                          VPOS="1672"
                          HPOS="1768"
                          CONTENT="nisi"/>
                  <SP HEIGHT="58" WIDTH="16" VPOS="1672" HPOS="1898"/>
                  <String HEIGHT="58"
                          WIDTH="195"
                          VPOS="1672"
                          HPOS="1849"
                          CONTENT="mediante"/>
                  <SP HEIGHT="58" WIDTH="16" VPOS="1672" HPOS="2044"/>
                  <String HEIGHT="58"
                          WIDTH="260"
                          VPOS="1672"
                          HPOS="1995"
                          CONTENT="deordinatio-"/>
                  <SP HEIGHT="58" WIDTH="16" VPOS="1672" HPOS="2256"/>
                  <String HEIGHT="58" WIDTH="33" VPOS="1672" HPOS="2190" CONTENT=""/>
               </TextLine>
               <TextLine ID="r2l29"
                         BASELINE="1795"
                         HEIGHT="71"
                         WIDTH="1768"
                         VPOS="1724"
                         HPOS="449">
                  <String HEIGHT="71" WIDTH="92" VPOS="1724" HPOS="434" CONTENT="ne"/>
                  <SP HEIGHT="71" WIDTH="15" VPOS="1724" HPOS="526"/>
                  <String HEIGHT="71"
                          WIDTH="231"
                          VPOS="1724"
                          HPOS="480"
                          CONTENT="voluntatis."/>
                  <SP HEIGHT="71" WIDTH="15" VPOS="1724" HPOS="710"/>
                  <String HEIGHT="71"
                          WIDTH="108"
                          VPOS="1724"
                          HPOS="664"
                          CONTENT="ita"/>
                  <SP HEIGHT="71" WIDTH="15" VPOS="1724" HPOS="772"/>
                  <String HEIGHT="71"
                          WIDTH="123"
                          VPOS="1724"
                          HPOS="726"
                          CONTENT="quod"/>
                  <SP HEIGHT="71" WIDTH="15" VPOS="1724" HPOS="849"/>
                  <String HEIGHT="71" WIDTH="92" VPOS="1724" HPOS="803" CONTENT="vt"/>
                  <SP HEIGHT="71" WIDTH="15" VPOS="1724" HPOS="895"/>
                  <String HEIGHT="71"
                          WIDTH="123"
                          VPOS="1724"
                          HPOS="849"
                          CONTENT="diei"/>
                  <SP HEIGHT="71" WIDTH="15" VPOS="1724" HPOS="972"/>
                  <String HEIGHT="71"
                          WIDTH="169"
                          VPOS="1724"
                          HPOS="926"
                          CONTENT="septimo"/>
                  <SP HEIGHT="71" WIDTH="15" VPOS="1724" HPOS="1095"/>
                  <String HEIGHT="71"
                          WIDTH="169"
                          VPOS="1724"
                          HPOS="1049"
                          CONTENT="Ethico."/>
                  <SP HEIGHT="71" WIDTH="15" VPOS="1724" HPOS="1218"/>
                  <String HEIGHT="71"
                          WIDTH="108"
                          VPOS="1724"
                          HPOS="1172"
                          CONTENT="ca."/>
                  <SP HEIGHT="71" WIDTH="15" VPOS="1724" HPOS="1279"/>
                  <String HEIGHT="71"
                          WIDTH="138"
                          VPOS="1724"
                          HPOS="1233"
                          CONTENT="xvii."/>
                  <SP HEIGHT="71" WIDTH="15" VPOS="1724" HPOS="1371"/>
                  <String HEIGHT="71"
                          WIDTH="169"
                          VPOS="1724"
                          HPOS="1325"
                          CONTENT="prudens"/>
                  <SP HEIGHT="71" WIDTH="15" VPOS="1724" HPOS="1494"/>
                  <String HEIGHT="71" WIDTH="77" VPOS="1724" HPOS="1448" CONTENT="&amp;"/>
                  <SP HEIGHT="71" WIDTH="15" VPOS="1724" HPOS="1525"/>
                  <String HEIGHT="71"
                          WIDTH="200"
                          VPOS="1724"
                          HPOS="1479"
                          CONTENT="studiosus"/>
                  <SP HEIGHT="71" WIDTH="15" VPOS="1724" HPOS="1679"/>
                  <String HEIGHT="71"
                          WIDTH="184"
                          VPOS="1724"
                          HPOS="1633"
                          CONTENT="secundum"/>
                  <SP HEIGHT="71" WIDTH="15" VPOS="1724" HPOS="1817"/>
                  <String HEIGHT="71"
                          WIDTH="138"
                          VPOS="1724"
                          HPOS="1771"
                          CONTENT="morem"/>
                  <SP HEIGHT="71" WIDTH="15" VPOS="1724" HPOS="1910"/>
                  <String HEIGHT="71"
                          WIDTH="108"
                          VPOS="1724"
                          HPOS="1863"
                          CONTENT="non"/>
                  <SP HEIGHT="71" WIDTH="15" VPOS="1724" HPOS="1971"/>
                  <String HEIGHT="71" WIDTH="92" VPOS="1724" HPOS="1925" CONTENT="in"/>
                  <SP HEIGHT="71" WIDTH="15" VPOS="1724" HPOS="2017"/>
                  <String HEIGHT="71"
                          WIDTH="138"
                          VPOS="1724"
                          HPOS="1971"
                          CONTENT="scire"/>
                  <SP HEIGHT="71" WIDTH="15" VPOS="1724" HPOS="2109"/>
                  <String HEIGHT="71"
                          WIDTH="138"
                          VPOS="1724"
                          HPOS="2063"
                          CONTENT="solum"/>
                  <SP HEIGHT="71" WIDTH="15" VPOS="1724" HPOS="2202"/>
                  <String HEIGHT="71"
                          WIDTH="77"
                          VPOS="1724"
                          HPOS="2140"
                          CONTENT="est"/>
               </TextLine>
               <TextLine ID="r2l30"
                         BASELINE="1841"
                         HEIGHT="62"
                         WIDTH="1773"
                         VPOS="1779"
                         HPOS="454">
                  <String HEIGHT="62"
                          WIDTH="156"
                          VPOS="1779"
                          HPOS="440"
                          CONTENT="prudens"/>
                  <SP HEIGHT="62" WIDTH="14" VPOS="1779" HPOS="596"/>
                  <String HEIGHT="62"
                          WIDTH="113"
                          VPOS="1779"
                          HPOS="553"
                          CONTENT="quod"/>
                  <SP HEIGHT="62" WIDTH="14" VPOS="1779" HPOS="667"/>
                  <String HEIGHT="62"
                          WIDTH="170"
                          VPOS="1779"
                          HPOS="624"
                          CONTENT="pertinet"/>
                  <SP HEIGHT="62" WIDTH="14" VPOS="1779" HPOS="794"/>
                  <String HEIGHT="62" WIDTH="85" VPOS="1779" HPOS="752" CONTENT="ad"/>
                  <SP HEIGHT="62" WIDTH="14" VPOS="1779" HPOS="837"/>
                  <String HEIGHT="62"
                          WIDTH="184"
                          VPOS="1779"
                          HPOS="794"
                          CONTENT="rationem:"/>
                  <SP HEIGHT="62" WIDTH="14" VPOS="1779" HPOS="979"/>
                  <String HEIGHT="62" WIDTH="99" VPOS="1779" HPOS="936" CONTENT="sed"/>
                  <SP HEIGHT="62" WIDTH="14" VPOS="1779" HPOS="1036"/>
                  <String HEIGHT="62"
                          WIDTH="128"
                          VPOS="1779"
                          HPOS="993"
                          CONTENT="etiam"/>
                  <SP HEIGHT="62" WIDTH="14" VPOS="1779" HPOS="1121"/>
                  <String HEIGHT="62" WIDTH="85" VPOS="1779" HPOS="1078" CONTENT="in"/>
                  <SP HEIGHT="62" WIDTH="14" VPOS="1779" HPOS="1163"/>
                  <String HEIGHT="62" WIDTH="85" VPOS="1779" HPOS="1121" CONTENT="eo"/>
                  <SP HEIGHT="62" WIDTH="14" VPOS="1779" HPOS="1206"/>
                  <String HEIGHT="62"
                          WIDTH="113"
                          VPOS="1779"
                          HPOS="1163"
                          CONTENT="quid"/>
                  <SP HEIGHT="62" WIDTH="14" VPOS="1779" HPOS="1277"/>
                  <String HEIGHT="62"
                          WIDTH="99"
                          VPOS="1779"
                          HPOS="1234"
                          CONTENT="est"/>
                  <SP HEIGHT="62" WIDTH="14" VPOS="1779" HPOS="1333"/>
                  <String HEIGHT="62"
                          WIDTH="184"
                          VPOS="1779"
                          HPOS="1291"
                          CONTENT="practicum"/>
                  <SP HEIGHT="62" WIDTH="14" VPOS="1779" HPOS="1475"/>
                  <String HEIGHT="62"
                          WIDTH="128"
                          VPOS="1779"
                          HPOS="1433"
                          CONTENT="esse:"/>
                  <SP HEIGHT="62" WIDTH="14" VPOS="1779" HPOS="1560"/>
                  <String HEIGHT="62"
                          WIDTH="113"
                          VPOS="1779"
                          HPOS="1518"
                          CONTENT="quod"/>
                  <SP HEIGHT="62" WIDTH="14" VPOS="1779" HPOS="1631"/>
                  <String HEIGHT="62"
                          WIDTH="170"
                          VPOS="1779"
                          HPOS="1589"
                          CONTENT="pertinet"/>
                  <SP HEIGHT="62" WIDTH="14" VPOS="1779" HPOS="1759"/>
                  <String HEIGHT="62" WIDTH="85" VPOS="1779" HPOS="1716" CONTENT="ad"/>
                  <SP HEIGHT="62" WIDTH="14" VPOS="1779" HPOS="1801"/>
                  <String HEIGHT="62"
                          WIDTH="213"
                          VPOS="1779"
                          HPOS="1759"
                          CONTENT="voluntatem."/>
                  <SP HEIGHT="62" WIDTH="14" VPOS="1779" HPOS="1972"/>
                  <String HEIGHT="62"
                          WIDTH="213"
                          VPOS="1779"
                          HPOS="1929"
                          CONTENT="Incontinens"/>
                  <SP HEIGHT="62" WIDTH="14" VPOS="1779" HPOS="2142"/>
                  <String HEIGHT="62"
                          WIDTH="128"
                          VPOS="1779"
                          HPOS="2099"
                          CONTENT="autem"/>
                  <SP HEIGHT="62" WIDTH="14" VPOS="1779" HPOS="2227"/>
                  <String HEIGHT="62" WIDTH="57" VPOS="1779" HPOS="2170" CONTENT="de"/>
               </TextLine>
               <TextLine ID="r2l31"
                         BASELINE="1902"
                         HEIGHT="64"
                         WIDTH="1777"
                         VPOS="1838"
                         HPOS="445">
                  <String HEIGHT="64"
                          WIDTH="140"
                          VPOS="1838"
                          HPOS="429"
                          CONTENT="ficit"/>
                  <SP HEIGHT="64" WIDTH="16" VPOS="1838" HPOS="570"/>
                  <String HEIGHT="64"
                          WIDTH="140"
                          VPOS="1838"
                          HPOS="523"
                          CONTENT="primo"/>
                  <SP HEIGHT="64" WIDTH="16" VPOS="1838" HPOS="663"/>
                  <String HEIGHT="64" WIDTH="78" VPOS="1838" HPOS="616" CONTENT="&amp;"/>
                  <SP HEIGHT="64" WIDTH="16" VPOS="1838" HPOS="694"/>
                  <String HEIGHT="64"
                          WIDTH="265"
                          VPOS="1838"
                          HPOS="648"
                          CONTENT="principaliter"/>
                  <SP HEIGHT="64" WIDTH="16" VPOS="1838" HPOS="913"/>
                  <String HEIGHT="64" WIDTH="94" VPOS="1838" HPOS="866" CONTENT="ab"/>
                  <SP HEIGHT="64" WIDTH="16" VPOS="1838" HPOS="959"/>
                  <String HEIGHT="64" WIDTH="94" VPOS="1838" HPOS="913" CONTENT="eo"/>
                  <SP HEIGHT="64" WIDTH="16" VPOS="1838" HPOS="1006"/>
                  <String HEIGHT="64"
                          WIDTH="125"
                          VPOS="1838"
                          HPOS="959"
                          CONTENT="quid"/>
                  <SP HEIGHT="64" WIDTH="16" VPOS="1838" HPOS="1084"/>
                  <String HEIGHT="64"
                          WIDTH="109"
                          VPOS="1838"
                          HPOS="1037"
                          CONTENT="est"/>
                  <SP HEIGHT="64" WIDTH="16" VPOS="1838" HPOS="1146"/>
                  <String HEIGHT="64"
                          WIDTH="203"
                          VPOS="1838"
                          HPOS="1100"
                          CONTENT="practicum"/>
                  <SP HEIGHT="64" WIDTH="16" VPOS="1838" HPOS="1302"/>
                  <String HEIGHT="64"
                          WIDTH="140"
                          VPOS="1838"
                          HPOS="1256"
                          CONTENT="esse:"/>
                  <SP HEIGHT="64" WIDTH="16" VPOS="1838" HPOS="1396"/>
                  <String HEIGHT="64" WIDTH="78" VPOS="1838" HPOS="1349" CONTENT="&amp;"/>
                  <SP HEIGHT="64" WIDTH="16" VPOS="1838" HPOS="1427"/>
                  <String HEIGHT="64"
                          WIDTH="156"
                          VPOS="1838"
                          HPOS="1380"
                          CONTENT="deinde"/>
                  <SP HEIGHT="64" WIDTH="16" VPOS="1838" HPOS="1536"/>
                  <String HEIGHT="64" WIDTH="94" VPOS="1838" HPOS="1489" CONTENT="ab"/>
                  <SP HEIGHT="64" WIDTH="16" VPOS="1838" HPOS="1583"/>
                  <String HEIGHT="64" WIDTH="94" VPOS="1838" HPOS="1536" CONTENT="eo"/>
                  <SP HEIGHT="64" WIDTH="16" VPOS="1838" HPOS="1630"/>
                  <String HEIGHT="64"
                          WIDTH="125"
                          VPOS="1838"
                          HPOS="1583"
                          CONTENT="quod"/>
                  <SP HEIGHT="64" WIDTH="16" VPOS="1838" HPOS="1708"/>
                  <String HEIGHT="64"
                          WIDTH="109"
                          VPOS="1838"
                          HPOS="1661"
                          CONTENT="est"/>
                  <SP HEIGHT="64" WIDTH="16" VPOS="1838" HPOS="1770"/>
                  <String HEIGHT="64"
                          WIDTH="156"
                          VPOS="1838"
                          HPOS="1723"
                          CONTENT="scire."/>
                  <SP HEIGHT="64" WIDTH="16" VPOS="1838" HPOS="1879"/>
                  <String HEIGHT="64"
                          WIDTH="171"
                          VPOS="1838"
                          HPOS="1832"
                          CONTENT="Propter"/>
                  <SP HEIGHT="64" WIDTH="16" VPOS="1838" HPOS="2004"/>
                  <String HEIGHT="64"
                          WIDTH="125"
                          VPOS="1838"
                          HPOS="1957"
                          CONTENT="quid"/>
                  <SP HEIGHT="64" WIDTH="16" VPOS="1838" HPOS="2082"/>
                  <String HEIGHT="64"
                          WIDTH="203"
                          VPOS="1838"
                          HPOS="2019"
                          CONTENT="philosophus"/>
               </TextLine>
               <TextLine ID="r2l32"
                         BASELINE="1941"
                         HEIGHT="55"
                         WIDTH="1777"
                         VPOS="1886"
                         HPOS="450">
                  <String HEIGHT="55"
                          WIDTH="116"
                          VPOS="1886"
                          HPOS="433"
                          CONTENT="ibi"/>
                  <SP HEIGHT="55" WIDTH="17" VPOS="1886" HPOS="550"/>
                  <String HEIGHT="55"
                          WIDTH="233"
                          VPOS="1886"
                          HPOS="500"
                          CONTENT="distinguit"/>
                  <SP HEIGHT="55" WIDTH="17" VPOS="1886" HPOS="732"/>
                  <String HEIGHT="55"
                          WIDTH="282"
                          VPOS="1886"
                          HPOS="683"
                          CONTENT="incontinentem"/>
                  <SP HEIGHT="55" WIDTH="17" VPOS="1886" HPOS="965"/>
                  <String HEIGHT="55" WIDTH="83" VPOS="1886" HPOS="915" CONTENT="a"/>
                  <SP HEIGHT="55" WIDTH="17" VPOS="1886" HPOS="998"/>
                  <String HEIGHT="55"
                          WIDTH="199"
                          VPOS="1886"
                          HPOS="948"
                          CONTENT="prudente"/>
                  <SP HEIGHT="55" WIDTH="17" VPOS="1886" HPOS="1148"/>
                  <String HEIGHT="55"
                          WIDTH="166"
                          VPOS="1886"
                          HPOS="1098"
                          CONTENT="potius"/>
                  <SP HEIGHT="55" WIDTH="17" VPOS="1886" HPOS="1264"/>
                  <String HEIGHT="55"
                          WIDTH="149"
                          VPOS="1886"
                          HPOS="1214"
                          CONTENT="penes"/>
                  <SP HEIGHT="55" WIDTH="17" VPOS="1886" HPOS="1363"/>
                  <String HEIGHT="55"
                          WIDTH="116"
                          VPOS="1886"
                          HPOS="1314"
                          CONTENT="hoc"/>
                  <SP HEIGHT="55" WIDTH="17" VPOS="1886" HPOS="1430"/>
                  <String HEIGHT="55"
                          WIDTH="133"
                          VPOS="1886"
                          HPOS="1380"
                          CONTENT="quod"/>
                  <SP HEIGHT="55" WIDTH="17" VPOS="1886" HPOS="1513"/>
                  <String HEIGHT="55"
                          WIDTH="116"
                          VPOS="1886"
                          HPOS="1463"
                          CONTENT="non"/>
                  <SP HEIGHT="55" WIDTH="17" VPOS="1886" HPOS="1579"/>
                  <String HEIGHT="55"
                          WIDTH="116"
                          VPOS="1886"
                          HPOS="1529"
                          CONTENT="est"/>
                  <SP HEIGHT="55" WIDTH="17" VPOS="1886" HPOS="1646"/>
                  <String HEIGHT="55"
                          WIDTH="216"
                          VPOS="1886"
                          HPOS="1596"
                          CONTENT="practicus"/>
                  <SP HEIGHT="55" WIDTH="17" VPOS="1886" HPOS="1812"/>
                  <String HEIGHT="55"
                          WIDTH="133"
                          VPOS="1886"
                          HPOS="1762"
                          CONTENT="quam"/>
                  <SP HEIGHT="55" WIDTH="17" VPOS="1886" HPOS="1895"/>
                  <String HEIGHT="55"
                          WIDTH="149"
                          VPOS="1886"
                          HPOS="1845"
                          CONTENT="penes"/>
                  <SP HEIGHT="55" WIDTH="17" VPOS="1886" HPOS="1994"/>
                  <String HEIGHT="55"
                          WIDTH="116"
                          VPOS="1886"
                          HPOS="1945"
                          CONTENT="hoc"/>
                  <SP HEIGHT="55" WIDTH="17" VPOS="1886" HPOS="2061"/>
                  <String HEIGHT="55"
                          WIDTH="133"
                          VPOS="1886"
                          HPOS="2011"
                          CONTENT="quod"/>
                  <SP HEIGHT="55" WIDTH="17" VPOS="1886" HPOS="2144"/>
                  <String HEIGHT="55"
                          WIDTH="116"
                          VPOS="1886"
                          HPOS="2094"
                          CONTENT="non"/>
                  <SP HEIGHT="55" WIDTH="17" VPOS="1886" HPOS="2210"/>
                  <String HEIGHT="55"
                          WIDTH="83"
                          VPOS="1886"
                          HPOS="2144"
                          CONTENT="est"/>
               </TextLine>
               <TextLine ID="r2l33"
                         BASELINE="1994"
                         HEIGHT="53"
                         WIDTH="1763"
                         VPOS="1941"
                         HPOS="455">
                  <String HEIGHT="53"
                          WIDTH="178"
                          VPOS="1941"
                          HPOS="439"
                          CONTENT="sciens."/>
                  <SP HEIGHT="53" WIDTH="16" VPOS="1941" HPOS="617"/>
                  <String HEIGHT="53"
                          WIDTH="129"
                          VPOS="1941"
                          HPOS="568"
                          CONTENT="Quia"/>
                  <SP HEIGHT="53" WIDTH="16" VPOS="1941" HPOS="698"/>
                  <String HEIGHT="53"
                          WIDTH="146"
                          VPOS="1941"
                          HPOS="649"
                          CONTENT="autem"/>
                  <SP HEIGHT="53" WIDTH="16" VPOS="1941" HPOS="795"/>
                  <String HEIGHT="53" WIDTH="97" VPOS="1941" HPOS="746" CONTENT="ex"/>
                  <SP HEIGHT="53" WIDTH="16" VPOS="1941" HPOS="843"/>
                  <String HEIGHT="53"
                          WIDTH="146"
                          VPOS="1941"
                          HPOS="795"
                          CONTENT="parte"/>
                  <SP HEIGHT="53" WIDTH="16" VPOS="1941" HPOS="940"/>
                  <String HEIGHT="53"
                          WIDTH="226"
                          VPOS="1941"
                          HPOS="892"
                          CONTENT="voluntatis"/>
                  <SP HEIGHT="53" WIDTH="16" VPOS="1941" HPOS="1118"/>
                  <String HEIGHT="53"
                          WIDTH="113"
                          VPOS="1941"
                          HPOS="1070"
                          CONTENT="qua"/>
                  <SP HEIGHT="53" WIDTH="16" VPOS="1941" HPOS="1183"/>
                  <String HEIGHT="53"
                          WIDTH="146"
                          VPOS="1941"
                          HPOS="1134"
                          CONTENT="debet"/>
                  <SP HEIGHT="53" WIDTH="16" VPOS="1941" HPOS="1280"/>
                  <String HEIGHT="53"
                          WIDTH="129"
                          VPOS="1941"
                          HPOS="1231"
                          CONTENT="homo"/>
                  <SP HEIGHT="53" WIDTH="16" VPOS="1941" HPOS="1361"/>
                  <String HEIGHT="53"
                          WIDTH="129"
                          VPOS="1941"
                          HPOS="1312"
                          CONTENT="esse"/>
                  <SP HEIGHT="53" WIDTH="16" VPOS="1941" HPOS="1442"/>
                  <String HEIGHT="53"
                          WIDTH="226"
                          VPOS="1941"
                          HPOS="1393"
                          CONTENT="practicus,"/>
                  <SP HEIGHT="53" WIDTH="16" VPOS="1941" HPOS="1620"/>
                  <String HEIGHT="53"
                          WIDTH="146"
                          VPOS="1941"
                          HPOS="1571"
                          CONTENT="prius"/>
                  <SP HEIGHT="53" WIDTH="16" VPOS="1941" HPOS="1717"/>
                  <String HEIGHT="53"
                          WIDTH="243"
                          VPOS="1941"
                          HPOS="1668"
                          CONTENT="deordinetur"/>
                  <SP HEIGHT="53" WIDTH="16" VPOS="1941" HPOS="1911"/>
                  <String HEIGHT="53"
                          WIDTH="243"
                          VPOS="1941"
                          HPOS="1862"
                          CONTENT="incontinens"/>
                  <SP HEIGHT="53" WIDTH="16" VPOS="1941" HPOS="2105"/>
                  <String HEIGHT="53"
                          WIDTH="162"
                          VPOS="1941"
                          HPOS="2056"
                          CONTENT="(Prius"/>
                  <SP HEIGHT="53" WIDTH="16" VPOS="1941" HPOS="2218"/>
                  <String HEIGHT="53" WIDTH="65" VPOS="1941" HPOS="2153" CONTENT="di"/>
               </TextLine>
               <TextLine ID="r2l34"
                         BASELINE="2047"
                         HEIGHT="53"
                         WIDTH="1776"
                         VPOS="1994"
                         HPOS="456">
                  <String HEIGHT="53" WIDTH="93" VPOS="1994" HPOS="441" CONTENT="co"/>
                  <SP HEIGHT="53" WIDTH="15" VPOS="1994" HPOS="533"/>
                  <String HEIGHT="53"
                          WIDTH="108"
                          VPOS="1994"
                          HPOS="487"
                          CONTENT="non"/>
                  <SP HEIGHT="53" WIDTH="15" VPOS="1994" HPOS="595"/>
                  <String HEIGHT="53"
                          WIDTH="201"
                          VPOS="1994"
                          HPOS="549"
                          CONTENT="duratione"/>
                  <SP HEIGHT="53" WIDTH="15" VPOS="1994" HPOS="749"/>
                  <String HEIGHT="53"
                          WIDTH="108"
                          VPOS="1994"
                          HPOS="703"
                          CONTENT="sed"/>
                  <SP HEIGHT="53" WIDTH="15" VPOS="1994" HPOS="811"/>
                  <String HEIGHT="53"
                          WIDTH="247"
                          VPOS="1994"
                          HPOS="765"
                          CONTENT="causalitate."/>
                  <SP HEIGHT="53" WIDTH="15" VPOS="1994" HPOS="1012"/>
                  <String HEIGHT="53"
                          WIDTH="139"
                          VPOS="1994"
                          HPOS="966"
                          CONTENT="Simul"/>
                  <SP HEIGHT="53" WIDTH="15" VPOS="1994" HPOS="1105"/>
                  <String HEIGHT="53"
                          WIDTH="124"
                          VPOS="1994"
                          HPOS="1058"
                          CONTENT="enim"/>
                  <SP HEIGHT="53" WIDTH="15" VPOS="1994" HPOS="1182"/>
                  <String HEIGHT="53"
                          WIDTH="139"
                          VPOS="1994"
                          HPOS="1136"
                          CONTENT="fiunt"/>
                  <SP HEIGHT="53" WIDTH="15" VPOS="1994" HPOS="1275"/>
                  <String HEIGHT="53"
                          WIDTH="139"
                          VPOS="1994"
                          HPOS="1228"
                          CONTENT="error"/>
                  <SP HEIGHT="53" WIDTH="15" VPOS="1994" HPOS="1367"/>
                  <String HEIGHT="53"
                          WIDTH="201"
                          VPOS="1994"
                          HPOS="1321"
                          CONTENT="rationis:"/>
                  <SP HEIGHT="53" WIDTH="15" VPOS="1994" HPOS="1522"/>
                  <String HEIGHT="53" WIDTH="77" VPOS="1994" HPOS="1475" CONTENT="&amp;"/>
                  <SP HEIGHT="53" WIDTH="15" VPOS="1994" HPOS="1552"/>
                  <String HEIGHT="53"
                          WIDTH="232"
                          VPOS="1994"
                          HPOS="1506"
                          CONTENT="deordinatio"/>
                  <SP HEIGHT="53" WIDTH="15" VPOS="1994" HPOS="1738"/>
                  <String HEIGHT="53"
                          WIDTH="232"
                          VPOS="1994"
                          HPOS="1691"
                          CONTENT="voluntatis)"/>
                  <SP HEIGHT="53" WIDTH="15" VPOS="1994" HPOS="1923"/>
                  <String HEIGHT="53"
                          WIDTH="124"
                          VPOS="1994"
                          HPOS="1877"
                          CONTENT="quam"/>
                  <SP HEIGHT="53" WIDTH="15" VPOS="1994" HPOS="2000"/>
                  <String HEIGHT="53" WIDTH="93" VPOS="1994" HPOS="1954" CONTENT="ex"/>
                  <SP HEIGHT="53" WIDTH="15" VPOS="1994" HPOS="2047"/>
                  <String HEIGHT="53"
                          WIDTH="139"
                          VPOS="1994"
                          HPOS="2000"
                          CONTENT="parte"/>
                  <SP HEIGHT="53" WIDTH="15" VPOS="1994" HPOS="2139"/>
                  <String HEIGHT="53"
                          WIDTH="154"
                          VPOS="1994"
                          HPOS="2078"
                          CONTENT="rationis"/>
               </TextLine>
               <TextLine ID="r2l35"
                         BASELINE="2115"
                         HEIGHT="72"
                         WIDTH="1781"
                         VPOS="2043"
                         HPOS="455">
                  <String HEIGHT="72"
                          WIDTH="123"
                          VPOS="2043"
                          HPOS="440"
                          CONTENT="quae"/>
                  <SP HEIGHT="72" WIDTH="15" VPOS="2043" HPOS="562"/>
                  <String HEIGHT="72"
                          WIDTH="138"
                          VPOS="2043"
                          HPOS="516"
                          CONTENT="debet"/>
                  <SP HEIGHT="72" WIDTH="15" VPOS="2043" HPOS="655"/>
                  <String HEIGHT="72"
                          WIDTH="123"
                          VPOS="2043"
                          HPOS="609"
                          CONTENT="homo"/>
                  <SP HEIGHT="72" WIDTH="15" VPOS="2043" HPOS="731"/>
                  <String HEIGHT="72"
                          WIDTH="123"
                          VPOS="2043"
                          HPOS="685"
                          CONTENT="esse"/>
                  <SP HEIGHT="72" WIDTH="15" VPOS="2043" HPOS="808"/>
                  <String HEIGHT="72"
                          WIDTH="169"
                          VPOS="2043"
                          HPOS="762"
                          CONTENT="sciens:"/>
                  <SP HEIGHT="72" WIDTH="15" VPOS="2043" HPOS="931"/>
                  <String HEIGHT="72"
                          WIDTH="154"
                          VPOS="2043"
                          HPOS="885"
                          CONTENT="aperte"/>
                  <SP HEIGHT="72" WIDTH="15" VPOS="2043" HPOS="1038"/>
                  <String HEIGHT="72"
                          WIDTH="138"
                          VPOS="2043"
                          HPOS="992"
                          CONTENT="patet"/>
                  <SP HEIGHT="72" WIDTH="15" VPOS="2043" HPOS="1131"/>
                  <String HEIGHT="72" WIDTH="92" VPOS="2043" HPOS="1084" CONTENT="ex"/>
                  <SP HEIGHT="72" WIDTH="15" VPOS="2043" HPOS="1177"/>
                  <String HEIGHT="72"
                          WIDTH="276"
                          VPOS="2043"
                          HPOS="1131"
                          CONTENT="determinatione"/>
                  <SP HEIGHT="72" WIDTH="15" VPOS="2043" HPOS="1407"/>
                  <String HEIGHT="72"
                          WIDTH="215"
                          VPOS="2043"
                          HPOS="1361"
                          CONTENT="philosophi"/>
                  <SP HEIGHT="72" WIDTH="15" VPOS="2043" HPOS="1576"/>
                  <String HEIGHT="72"
                          WIDTH="138"
                          VPOS="2043"
                          HPOS="1530"
                          CONTENT="circa"/>
                  <SP HEIGHT="72" WIDTH="15" VPOS="2043" HPOS="1668"/>
                  <String HEIGHT="72"
                          WIDTH="276"
                          VPOS="2043"
                          HPOS="1622"
                          CONTENT="deordinationem"/>
                  <SP HEIGHT="72" WIDTH="15" VPOS="2043" HPOS="1898"/>
                  <String HEIGHT="72"
                          WIDTH="184"
                          VPOS="2043"
                          HPOS="1852"
                          CONTENT="rationis"/>
                  <SP HEIGHT="72" WIDTH="15" VPOS="2043" HPOS="2036"/>
                  <String HEIGHT="72" WIDTH="92" VPOS="2043" HPOS="1990" CONTENT="ex"/>
                  <SP HEIGHT="72" WIDTH="15" VPOS="2043" HPOS="2082"/>
                  <String HEIGHT="72"
                          WIDTH="200"
                          VPOS="2043"
                          HPOS="2036"
                          CONTENT="passione."/>
                  <SP HEIGHT="72" WIDTH="15" VPOS="2043" HPOS="2236"/>
                  <String HEIGHT="72" WIDTH="61" VPOS="2043" HPOS="2175" CONTENT="Di"/>
               </TextLine>
               <TextLine ID="r2l36"
                         BASELINE="2161"
                         HEIGHT="58"
                         WIDTH="1763"
                         VPOS="2103"
                         HPOS="463">
                  <String HEIGHT="58"
                          WIDTH="100"
                          VPOS="2103"
                          HPOS="449"
                          CONTENT="cit"/>
                  <SP HEIGHT="58" WIDTH="14" VPOS="2103" HPOS="549"/>
                  <String HEIGHT="58"
                          WIDTH="115"
                          VPOS="2103"
                          HPOS="506"
                          CONTENT="enim"/>
                  <SP HEIGHT="58" WIDTH="14" VPOS="2103" HPOS="621"/>
                  <String HEIGHT="58"
                          WIDTH="115"
                          VPOS="2103"
                          HPOS="578"
                          CONTENT="quod"/>
                  <SP HEIGHT="58" WIDTH="14" VPOS="2103" HPOS="692"/>
                  <String HEIGHT="58"
                          WIDTH="143"
                          VPOS="2103"
                          HPOS="649"
                          CONTENT="quando"/>
                  <SP HEIGHT="58" WIDTH="14" VPOS="2103" HPOS="793"/>
                  <String HEIGHT="58"
                          WIDTH="100"
                          VPOS="2103"
                          HPOS="750"
                          CONTENT="est"/>
                  <SP HEIGHT="58" WIDTH="14" VPOS="2103" HPOS="850"/>
                  <String HEIGHT="58"
                          WIDTH="215"
                          VPOS="2103"
                          HPOS="807"
                          CONTENT="vniuersalis"/>
                  <SP HEIGHT="58" WIDTH="14" VPOS="2103" HPOS="1022"/>
                  <String HEIGHT="58"
                          WIDTH="143"
                          VPOS="2103"
                          HPOS="979"
                          CONTENT="opinio"/>
                  <SP HEIGHT="58" WIDTH="14" VPOS="2103" HPOS="1122"/>
                  <String HEIGHT="58"
                          WIDTH="186"
                          VPOS="2103"
                          HPOS="1079"
                          CONTENT="scientiae"/>
                  <SP HEIGHT="58" WIDTH="14" VPOS="2103" HPOS="1266"/>
                  <String HEIGHT="58"
                          WIDTH="186"
                          VPOS="2103"
                          HPOS="1223"
                          CONTENT="prohibens"/>
                  <SP HEIGHT="58" WIDTH="14" VPOS="2103" HPOS="1409"/>
                  <String HEIGHT="58"
                          WIDTH="100"
                          VPOS="2103"
                          HPOS="1366"
                          CONTENT="non"/>
                  <SP HEIGHT="58" WIDTH="14" VPOS="2103" HPOS="1466"/>
                  <String HEIGHT="58"
                          WIDTH="158"
                          VPOS="2103"
                          HPOS="1423"
                          CONTENT="gustare"/>
                  <SP HEIGHT="58" WIDTH="14" VPOS="2103" HPOS="1581"/>
                  <String HEIGHT="58"
                          WIDTH="129"
                          VPOS="2103"
                          HPOS="1538"
                          CONTENT="dulce"/>
                  <SP HEIGHT="58" WIDTH="14" VPOS="2103" HPOS="1667"/>
                  <String HEIGHT="58"
                          WIDTH="229"
                          VPOS="2103"
                          HPOS="1624"
                          CONTENT="delectabile:"/>
                  <SP HEIGHT="58" WIDTH="14" VPOS="2103" HPOS="1853"/>
                  <String HEIGHT="58" WIDTH="86" VPOS="2103" HPOS="1810" CONTENT="vt"/>
                  <SP HEIGHT="58" WIDTH="14" VPOS="2103" HPOS="1896"/>
                  <String HEIGHT="58"
                          WIDTH="100"
                          VPOS="2103"
                          HPOS="1853"
                          CONTENT="est"/>
                  <SP HEIGHT="58" WIDTH="14" VPOS="2103" HPOS="1954"/>
                  <String HEIGHT="58"
                          WIDTH="115"
                          VPOS="2103"
                          HPOS="1911"
                          CONTENT="illa"/>
                  <SP HEIGHT="58" WIDTH="14" VPOS="2103" HPOS="2025"/>
                  <String HEIGHT="58"
                          WIDTH="115"
                          VPOS="2103"
                          HPOS="1982"
                          CONTENT="quod"/>
                  <SP HEIGHT="58" WIDTH="14" VPOS="2103" HPOS="2097"/>
                  <String HEIGHT="58"
                          WIDTH="143"
                          VPOS="2103"
                          HPOS="2054"
                          CONTENT="nullum"/>
                  <SP HEIGHT="58" WIDTH="14" VPOS="2103" HPOS="2197"/>
                  <String HEIGHT="58"
                          WIDTH="100"
                          VPOS="2103"
                          HPOS="2154"
                          CONTENT="dul"/>
                  <SP HEIGHT="58" WIDTH="14" VPOS="2103" HPOS="2255"/>
                  <String HEIGHT="58" WIDTH="29" VPOS="2103" HPOS="2197" CONTENT=""/>
               </TextLine>
               <TextLine ID="r2l37"
                         BASELINE="2221"
                         HEIGHT="67"
                         WIDTH="1758"
                         VPOS="2154"
                         HPOS="463">
                  <String HEIGHT="67" WIDTH="84" VPOS="2154" HPOS="449" CONTENT="ce"/>
                  <SP HEIGHT="67" WIDTH="14" VPOS="2154" HPOS="533"/>
                  <String HEIGHT="67"
                          WIDTH="209"
                          VPOS="2154"
                          HPOS="491"
                          CONTENT="delectabile"/>
                  <SP HEIGHT="67" WIDTH="14" VPOS="2154" HPOS="700"/>
                  <String HEIGHT="67" WIDTH="98" VPOS="2154" HPOS="658" CONTENT="est"/>
                  <SP HEIGHT="67" WIDTH="14" VPOS="2154" HPOS="756"/>
                  <String HEIGHT="67"
                          WIDTH="195"
                          VPOS="2154"
                          HPOS="714"
                          CONTENT="gustandum:"/>
                  <SP HEIGHT="67" WIDTH="14" VPOS="2154" HPOS="909"/>
                  <String HEIGHT="67" WIDTH="98" VPOS="2154" HPOS="868" CONTENT="cui"/>
                  <SP HEIGHT="67" WIDTH="14" VPOS="2154" HPOS="965"/>
                  <String HEIGHT="67"
                          WIDTH="181"
                          VPOS="2154"
                          HPOS="923"
                          CONTENT="contraria"/>
                  <SP HEIGHT="67" WIDTH="14" VPOS="2154" HPOS="1105"/>
                  <String HEIGHT="67"
                          WIDTH="98"
                          VPOS="2154"
                          HPOS="1063"
                          CONTENT="est"/>
                  <SP HEIGHT="67" WIDTH="14" VPOS="2154" HPOS="1161"/>
                  <String HEIGHT="67"
                          WIDTH="140"
                          VPOS="2154"
                          HPOS="1119"
                          CONTENT="opinio"/>
                  <SP HEIGHT="67" WIDTH="14" VPOS="2154" HPOS="1258"/>
                  <String HEIGHT="67" WIDTH="70" VPOS="2154" HPOS="1216" CONTENT="a"/>
                  <SP HEIGHT="67" WIDTH="14" VPOS="2154" HPOS="1286"/>
                  <String HEIGHT="67"
                          WIDTH="98"
                          VPOS="2154"
                          HPOS="1244"
                          CONTENT="lia"/>
                  <SP HEIGHT="67" WIDTH="14" VPOS="2154" HPOS="1342"/>
                  <String HEIGHT="67"
                          WIDTH="209"
                          VPOS="2154"
                          HPOS="1300"
                          CONTENT="vniversalis"/>
                  <SP HEIGHT="67" WIDTH="14" VPOS="2154" HPOS="1509"/>
                  <String HEIGHT="67"
                          WIDTH="153"
                          VPOS="2154"
                          HPOS="1468"
                          CONTENT="erronea"/>
                  <SP HEIGHT="67" WIDTH="14" VPOS="2154" HPOS="1621"/>
                  <String HEIGHT="67"
                          WIDTH="112"
                          VPOS="2154"
                          HPOS="1579"
                          CONTENT="quae"/>
                  <SP HEIGHT="67" WIDTH="14" VPOS="2154" HPOS="1691"/>
                  <String HEIGHT="67"
                          WIDTH="126"
                          VPOS="2154"
                          HPOS="1649"
                          CONTENT="dicit"/>
                  <SP HEIGHT="67" WIDTH="14" VPOS="2154" HPOS="1775"/>
                  <String HEIGHT="67"
                          WIDTH="153"
                          VPOS="2154"
                          HPOS="1733"
                          CONTENT="quoniam"/>
                  <SP HEIGHT="67" WIDTH="14" VPOS="2154" HPOS="1886"/>
                  <String HEIGHT="67"
                          WIDTH="112"
                          VPOS="2154"
                          HPOS="1844"
                          CONTENT="omne"/>
                  <SP HEIGHT="67" WIDTH="14" VPOS="2154" HPOS="1956"/>
                  <String HEIGHT="67"
                          WIDTH="126"
                          VPOS="2154"
                          HPOS="1914"
                          CONTENT="dulce"/>
                  <SP HEIGHT="67" WIDTH="14" VPOS="2154" HPOS="2040"/>
                  <String HEIGHT="67"
                          WIDTH="209"
                          VPOS="2154"
                          HPOS="1998"
                          CONTENT="delectabile"/>
                  <SP HEIGHT="67" WIDTH="14" VPOS="2154" HPOS="2207"/>
                  <String HEIGHT="67"
                          WIDTH="70"
                          VPOS="2154"
                          HPOS="2151"
                          CONTENT="est"/>
               </TextLine>
               <TextLine ID="r2l38"
                         BASELINE="2272"
                         HEIGHT="60"
                         WIDTH="1761"
                         VPOS="2212"
                         HPOS="460">
                  <String HEIGHT="60"
                          WIDTH="209"
                          VPOS="2212"
                          HPOS="445"
                          CONTENT="gustandum."/>
                  <SP HEIGHT="60" WIDTH="15" VPOS="2212" HPOS="654"/>
                  <String HEIGHT="60" WIDTH="90" VPOS="2212" HPOS="609" CONTENT="Et"/>
                  <SP HEIGHT="60" WIDTH="15" VPOS="2212" HPOS="699"/>
                  <String HEIGHT="60"
                          WIDTH="104"
                          VPOS="2212"
                          HPOS="654"
                          CONTENT="est"/>
                  <SP HEIGHT="60" WIDTH="15" VPOS="2212" HPOS="758"/>
                  <String HEIGHT="60"
                          WIDTH="119"
                          VPOS="2212"
                          HPOS="714"
                          CONTENT="alia"/>
                  <SP HEIGHT="60" WIDTH="15" VPOS="2212" HPOS="833"/>
                  <String HEIGHT="60"
                          WIDTH="149"
                          VPOS="2212"
                          HPOS="788"
                          CONTENT="opinio"/>
                  <SP HEIGHT="60" WIDTH="15" VPOS="2212" HPOS="938"/>
                  <String HEIGHT="60"
                          WIDTH="239"
                          VPOS="2212"
                          HPOS="893"
                          CONTENT="particularis"/>
                  <SP HEIGHT="60" WIDTH="15" VPOS="2212" HPOS="1132"/>
                  <String HEIGHT="60" WIDTH="90" VPOS="2212" HPOS="1087" CONTENT="ex"/>
                  <SP HEIGHT="60" WIDTH="15" VPOS="2212" HPOS="1176"/>
                  <String HEIGHT="60"
                          WIDTH="149"
                          VPOS="2212"
                          HPOS="1132"
                          CONTENT="sensu."/>
                  <SP HEIGHT="60" WIDTH="15" VPOS="2212" HPOS="1281"/>
                  <String HEIGHT="60"
                          WIDTH="164"
                          VPOS="2212"
                          HPOS="1236"
                          CONTENT="quoniam"/>
                  <SP HEIGHT="60" WIDTH="15" VPOS="2212" HPOS="1400"/>
                  <String HEIGHT="60"
                          WIDTH="104"
                          VPOS="2212"
                          HPOS="1355"
                          CONTENT="hoc"/>
                  <SP HEIGHT="60" WIDTH="15" VPOS="2212" HPOS="1460"/>
                  <String HEIGHT="60"
                          WIDTH="104"
                          VPOS="2212"
                          HPOS="1415"
                          CONTENT="est"/>
                  <SP HEIGHT="60" WIDTH="15" VPOS="2212" HPOS="1520"/>
                  <String HEIGHT="60"
                          WIDTH="149"
                          VPOS="2212"
                          HPOS="1475"
                          CONTENT="dulce:"/>
                  <SP HEIGHT="60" WIDTH="15" VPOS="2212" HPOS="1624"/>
                  <String HEIGHT="60"
                          WIDTH="104"
                          VPOS="2212"
                          HPOS="1579"
                          CONTENT="hoc"/>
                  <SP HEIGHT="60" WIDTH="15" VPOS="2212" HPOS="1684"/>
                  <String HEIGHT="60"
                          WIDTH="194"
                          VPOS="2212"
                          HPOS="1639"
                          CONTENT="operatur:"/>
                  <SP HEIGHT="60" WIDTH="15" VPOS="2212" HPOS="1833"/>
                  <String HEIGHT="60"
                          WIDTH="104"
                          VPOS="2212"
                          HPOS="1788"
                          CONTENT="hoc"/>
                  <SP HEIGHT="60" WIDTH="15" VPOS="2212" HPOS="1893"/>
                  <String HEIGHT="60"
                          WIDTH="104"
                          VPOS="2212"
                          HPOS="1848"
                          CONTENT="est"/>
                  <SP HEIGHT="60" WIDTH="15" VPOS="2212" HPOS="1952"/>
                  <String HEIGHT="60"
                          WIDTH="149"
                          VPOS="2212"
                          HPOS="1908"
                          CONTENT="gustat"/>
                  <SP HEIGHT="60" WIDTH="15" VPOS="2212" HPOS="2057"/>
                  <String HEIGHT="60"
                          WIDTH="149"
                          VPOS="2212"
                          HPOS="2012"
                          CONTENT="dulce:"/>
                  <SP HEIGHT="60" WIDTH="15" VPOS="2212" HPOS="2161"/>
                  <String HEIGHT="60" WIDTH="90" VPOS="2212" HPOS="2117" CONTENT="si"/>
                  <SP HEIGHT="60" WIDTH="15" VPOS="2212" HPOS="2206"/>
                  <String HEIGHT="60"
                          WIDTH="75"
                          VPOS="2212"
                          HPOS="2146"
                          CONTENT="for"/>
               </TextLine>
               <TextLine ID="r2l39"
                         BASELINE="2317"
                         HEIGHT="55"
                         WIDTH="1772"
                         VPOS="2262"
                         HPOS="463">
                  <String HEIGHT="55" WIDTH="89" VPOS="2262" HPOS="448" CONTENT="te"/>
                  <SP HEIGHT="55" WIDTH="15" VPOS="2262" HPOS="537"/>
                  <String HEIGHT="55"
                          WIDTH="134"
                          VPOS="2262"
                          HPOS="493"
                          CONTENT="insit"/>
                  <SP HEIGHT="55" WIDTH="15" VPOS="2262" HPOS="627"/>
                  <String HEIGHT="55"
                          WIDTH="283"
                          VPOS="2262"
                          HPOS="582"
                          CONTENT="concupiscentia:"/>
                  <SP HEIGHT="55" WIDTH="15" VPOS="2262" HPOS="865"/>
                  <String HEIGHT="55"
                          WIDTH="119"
                          VPOS="2262"
                          HPOS="820"
                          CONTENT="tunc"/>
                  <SP HEIGHT="55" WIDTH="15" VPOS="2262" HPOS="940"/>
                  <String HEIGHT="55"
                          WIDTH="119"
                          VPOS="2262"
                          HPOS="895"
                          CONTENT="enim"/>
                  <SP HEIGHT="55" WIDTH="15" VPOS="2262" HPOS="1014"/>
                  <String HEIGHT="55"
                          WIDTH="119"
                          VPOS="2262"
                          HPOS="969"
                          CONTENT="illa"/>
                  <SP HEIGHT="55" WIDTH="15" VPOS="2262" HPOS="1088"/>
                  <String HEIGHT="55"
                          WIDTH="149"
                          VPOS="2262"
                          HPOS="1044"
                          CONTENT="opinio"/>
                  <SP HEIGHT="55" WIDTH="15" VPOS="2262" HPOS="1193"/>
                  <String HEIGHT="55"
                          WIDTH="223"
                          VPOS="2262"
                          HPOS="1148"
                          CONTENT="vniversalis"/>
                  <SP HEIGHT="55" WIDTH="15" VPOS="2262" HPOS="1371"/>
                  <String HEIGHT="55"
                          WIDTH="134"
                          VPOS="2262"
                          HPOS="1327"
                          CONTENT="recta"/>
                  <SP HEIGHT="55" WIDTH="15" VPOS="2262" HPOS="1461"/>
                  <String HEIGHT="55"
                          WIDTH="164"
                          VPOS="2262"
                          HPOS="1416"
                          CONTENT="dicitur"/>
                  <SP HEIGHT="55" WIDTH="15" VPOS="2262" HPOS="1580"/>
                  <String HEIGHT="55"
                          WIDTH="164"
                          VPOS="2262"
                          HPOS="1535"
                          CONTENT="fugere."/>
                  <SP HEIGHT="55" WIDTH="15" VPOS="2262" HPOS="1699"/>
                  <String HEIGHT="55"
                          WIDTH="119"
                          VPOS="2262"
                          HPOS="1654"
                          CONTENT="Haec"/>
                  <SP HEIGHT="55" WIDTH="15" VPOS="2262" HPOS="1773"/>
                  <String HEIGHT="55"
                          WIDTH="134"
                          VPOS="2262"
                          HPOS="1729"
                          CONTENT="autem"/>
                  <SP HEIGHT="55" WIDTH="15" VPOS="2262" HPOS="1863"/>
                  <String HEIGHT="55"
                          WIDTH="268"
                          VPOS="2262"
                          HPOS="1818"
                          CONTENT="concupiscentia"/>
                  <SP HEIGHT="55" WIDTH="15" VPOS="2262" HPOS="2086"/>
                  <String HEIGHT="55"
                          WIDTH="149"
                          VPOS="2262"
                          HPOS="2041"
                          CONTENT="trahit"/>
                  <SP HEIGHT="55" WIDTH="15" VPOS="2262" HPOS="2190"/>
                  <String HEIGHT="55" WIDTH="89" VPOS="2262" HPOS="2146" CONTENT="ad"/>
                  <SP HEIGHT="55" WIDTH="15" VPOS="2262" HPOS="2235"/>
                  <String HEIGHT="55" WIDTH="60" VPOS="2262" HPOS="2175" CONTENT="gu"/>
               </TextLine>
               <TextLine ID="r2l40"
                         BASELINE="2370"
                         HEIGHT="55"
                         WIDTH="1761"
                         VPOS="2315"
                         HPOS="469">
                  <String HEIGHT="55"
                          WIDTH="181"
                          VPOS="2315"
                          HPOS="454"
                          CONTENT="standum."/>
                  <SP HEIGHT="55" WIDTH="15" VPOS="2315" HPOS="635"/>
                  <String HEIGHT="55"
                          WIDTH="151"
                          VPOS="2315"
                          HPOS="589"
                          CONTENT="Trahit"/>
                  <SP HEIGHT="55" WIDTH="15" VPOS="2315" HPOS="740"/>
                  <String HEIGHT="55"
                          WIDTH="135"
                          VPOS="2315"
                          HPOS="695"
                          CONTENT="autem"/>
                  <SP HEIGHT="55" WIDTH="15" VPOS="2315" HPOS="830"/>
                  <String HEIGHT="55" WIDTH="90" VPOS="2315" HPOS="785" CONTENT="vt"/>
                  <SP HEIGHT="55" WIDTH="15" VPOS="2315" HPOS="875"/>
                  <String HEIGHT="55"
                          WIDTH="135"
                          VPOS="2315"
                          HPOS="830"
                          CONTENT="dicit"/>
                  <SP HEIGHT="55" WIDTH="15" VPOS="2315" HPOS="966"/>
                  <String HEIGHT="55"
                          WIDTH="226"
                          VPOS="2315"
                          HPOS="921"
                          CONTENT="Commentator"/>
                  <SP HEIGHT="55" WIDTH="15" VPOS="2315" HPOS="1146"/>
                  <String HEIGHT="55"
                          WIDTH="151"
                          VPOS="2315"
                          HPOS="1101"
                          CONTENT="ibidem"/>
                  <SP HEIGHT="55" WIDTH="15" VPOS="2315" HPOS="1252"/>
                  <String HEIGHT="55"
                          WIDTH="105"
                          VPOS="2315"
                          HPOS="1207"
                          CONTENT="non"/>
                  <SP HEIGHT="55" WIDTH="15" VPOS="2315" HPOS="1312"/>
                  <String HEIGHT="55"
                          WIDTH="135"
                          VPOS="2315"
                          HPOS="1267"
                          CONTENT="circa"/>
                  <SP HEIGHT="55" WIDTH="15" VPOS="2315" HPOS="1402"/>
                  <String HEIGHT="55"
                          WIDTH="120"
                          VPOS="2315"
                          HPOS="1357"
                          CONTENT="velm"/>
                  <SP HEIGHT="55" WIDTH="15" VPOS="2315" HPOS="1477"/>
                  <String HEIGHT="55"
                          WIDTH="211"
                          VPOS="2315"
                          HPOS="1432"
                          CONTENT="opinionem:"/>
                  <SP HEIGHT="55" WIDTH="15" VPOS="2315" HPOS="1643"/>
                  <String HEIGHT="55"
                          WIDTH="105"
                          VPOS="2315"
                          HPOS="1598"
                          CONTENT="sed"/>
                  <SP HEIGHT="55" WIDTH="15" VPOS="2315" HPOS="1703"/>
                  <String HEIGHT="55"
                          WIDTH="135"
                          VPOS="2315"
                          HPOS="1658"
                          CONTENT="circa"/>
                  <SP HEIGHT="55" WIDTH="15" VPOS="2315" HPOS="1794"/>
                  <String HEIGHT="55"
                          WIDTH="256"
                          VPOS="2315"
                          HPOS="1748"
                          CONTENT="particularem."/>
                  <SP HEIGHT="55" WIDTH="15" VPOS="2315" HPOS="2004"/>
                  <String HEIGHT="55"
                          WIDTH="181"
                          VPOS="2315"
                          HPOS="1959"
                          CONTENT="vVnieris"/>
                  <SP HEIGHT="55" WIDTH="15" VPOS="2315" HPOS="2140"/>
                  <String HEIGHT="55"
                          WIDTH="120"
                          VPOS="2315"
                          HPOS="2095"
                          CONTENT="enim"/>
                  <SP HEIGHT="55" WIDTH="15" VPOS="2315" HPOS="2215"/>
                  <String HEIGHT="55"
                          WIDTH="75"
                          VPOS="2315"
                          HPOS="2155"
                          CONTENT="non"/>
               </TextLine>
               <TextLine ID="r2l41"
                         BASELINE="2426"
                         HEIGHT="57"
                         WIDTH="1779"
                         VPOS="2369"
                         HPOS="457">
                  <String HEIGHT="57"
                          WIDTH="171"
                          VPOS="2369"
                          HPOS="443"
                          CONTENT="trahitur"/>
                  <SP HEIGHT="57" WIDTH="14" VPOS="2369" HPOS="614"/>
                  <String HEIGHT="57"
                          WIDTH="157"
                          VPOS="2369"
                          HPOS="571"
                          CONTENT="propter"/>
                  <SP HEIGHT="57" WIDTH="14" VPOS="2369" HPOS="727"/>
                  <String HEIGHT="57"
                          WIDTH="199"
                          VPOS="2369"
                          HPOS="685"
                          CONTENT="passionem:"/>
                  <SP HEIGHT="57" WIDTH="14" VPOS="2369" HPOS="884"/>
                  <String HEIGHT="57"
                          WIDTH="100"
                          VPOS="2369"
                          HPOS="841"
                          CONTENT="sed"/>
                  <SP HEIGHT="57" WIDTH="14" VPOS="2369" HPOS="941"/>
                  <String HEIGHT="57"
                          WIDTH="213"
                          VPOS="2369"
                          HPOS="898"
                          CONTENT="sensibilis:"/>
                  <SP HEIGHT="57" WIDTH="14" VPOS="2369" HPOS="1112"/>
                  <String HEIGHT="57" WIDTH="71" VPOS="2369" HPOS="1069" CONTENT="&amp;"/>
                  <SP HEIGHT="57" WIDTH="14" VPOS="2369" HPOS="1140"/>
                  <String HEIGHT="57"
                          WIDTH="157"
                          VPOS="2369"
                          HPOS="1097"
                          CONTENT="propter"/>
                  <SP HEIGHT="57" WIDTH="14" VPOS="2369" HPOS="1254"/>
                  <String HEIGHT="57"
                          WIDTH="157"
                          VPOS="2369"
                          HPOS="1211"
                          CONTENT="tractum"/>
                  <SP HEIGHT="57" WIDTH="14" VPOS="2369" HPOS="1368"/>
                  <String HEIGHT="57" WIDTH="71" VPOS="2369" HPOS="1325" CONTENT="a"/>
                  <SP HEIGHT="57" WIDTH="14" VPOS="2369" HPOS="1396"/>
                  <String HEIGHT="57"
                          WIDTH="256"
                          VPOS="2369"
                          HPOS="1354"
                          CONTENT="concupiscentia"/>
                  <SP HEIGHT="57" WIDTH="14" VPOS="2369" HPOS="1610"/>
                  <String HEIGHT="57"
                          WIDTH="128"
                          VPOS="2369"
                          HPOS="1567"
                          CONTENT="circa"/>
                  <SP HEIGHT="57" WIDTH="14" VPOS="2369" HPOS="1695"/>
                  <String HEIGHT="57"
                          WIDTH="128"
                          VPOS="2369"
                          HPOS="1652"
                          CONTENT="illam"/>
                  <SP HEIGHT="57" WIDTH="14" VPOS="2369" HPOS="1781"/>
                  <String HEIGHT="57"
                          WIDTH="157"
                          VPOS="2369"
                          HPOS="1738"
                          CONTENT="accidit"/>
                  <SP HEIGHT="57" WIDTH="14" VPOS="2369" HPOS="1894"/>
                  <String HEIGHT="57" WIDTH="71" VPOS="2369" HPOS="1852" CONTENT="a"/>
                  <SP HEIGHT="57" WIDTH="14" VPOS="2369" HPOS="1923"/>
                  <String HEIGHT="57"
                          WIDTH="157"
                          VPOS="2369"
                          HPOS="1880"
                          CONTENT="ratione"/>
                  <SP HEIGHT="57" WIDTH="14" VPOS="2369" HPOS="2037"/>
                  <String HEIGHT="57"
                          WIDTH="199"
                          VPOS="2369"
                          HPOS="1994"
                          CONTENT="vniverlsal"/>
                  <SP HEIGHT="57" WIDTH="14" VPOS="2369" HPOS="2193"/>
                  <String HEIGHT="57" WIDTH="71" VPOS="2369" HPOS="2151" CONTENT="&amp;"/>
                  <SP HEIGHT="57" WIDTH="14" VPOS="2369" HPOS="2222"/>
                  <String HEIGHT="57"
                          WIDTH="71"
                          VPOS="2369"
                          HPOS="2165"
                          CONTENT="opi"/>
               </TextLine>
               <TextLine ID="r2l42"
                         BASELINE="2489"
                         HEIGHT="65"
                         WIDTH="1779"
                         VPOS="2424"
                         HPOS="451">
                  <String HEIGHT="65"
                          WIDTH="147"
                          VPOS="2424"
                          HPOS="435"
                          CONTENT="nione"/>
                  <SP HEIGHT="65" WIDTH="16" VPOS="2424" HPOS="582"/>
                  <String HEIGHT="65"
                          WIDTH="245"
                          VPOS="2424"
                          HPOS="533"
                          CONTENT="particulari"/>
                  <SP HEIGHT="65" WIDTH="16" VPOS="2424" HPOS="777"/>
                  <String HEIGHT="65"
                          WIDTH="245"
                          VPOS="2424"
                          HPOS="728"
                          CONTENT="aliqualiter"/>
                  <SP HEIGHT="65" WIDTH="16" VPOS="2424" HPOS="973"/>
                  <String HEIGHT="65"
                          WIDTH="277"
                          VPOS="2424"
                          HPOS="924"
                          CONTENT="incontinenter"/>
                  <SP HEIGHT="65" WIDTH="16" VPOS="2424" HPOS="1202"/>
                  <String HEIGHT="65"
                          WIDTH="163"
                          VPOS="2424"
                          HPOS="1153"
                          CONTENT="agere."/>
                  <SP HEIGHT="65" WIDTH="16" VPOS="2424" HPOS="1316"/>
                  <String HEIGHT="65" WIDTH="98" VPOS="2424" HPOS="1267" CONTENT="Et"/>
                  <SP HEIGHT="65" WIDTH="16" VPOS="2424" HPOS="1365"/>
                  <String HEIGHT="65"
                          WIDTH="147"
                          VPOS="2424"
                          HPOS="1316"
                          CONTENT="dicit"/>
                  <SP HEIGHT="65" WIDTH="16" VPOS="2424" HPOS="1463"/>
                  <String HEIGHT="65"
                          WIDTH="196"
                          VPOS="2424"
                          HPOS="1414"
                          CONTENT="secundum"/>
                  <SP HEIGHT="65" WIDTH="16" VPOS="2424" HPOS="1610"/>
                  <String HEIGHT="65"
                          WIDTH="212"
                          VPOS="2424"
                          HPOS="1561"
                          CONTENT="Commenta,"/>
                  <SP HEIGHT="65" WIDTH="16" VPOS="2424" HPOS="1773"/>
                  <String HEIGHT="65"
                          WIDTH="131"
                          VPOS="2424"
                          HPOS="1724"
                          CONTENT="quod"/>
                  <SP HEIGHT="65" WIDTH="16" VPOS="2424" HPOS="1855"/>
                  <String HEIGHT="65"
                          WIDTH="245"
                          VPOS="2424"
                          HPOS="1806"
                          CONTENT="incontinens"/>
                  <SP HEIGHT="65" WIDTH="16" VPOS="2424" HPOS="2050"/>
                  <String HEIGHT="65"
                          WIDTH="114"
                          VPOS="2424"
                          HPOS="2002"
                          CONTENT="non"/>
                  <SP HEIGHT="65" WIDTH="16" VPOS="2424" HPOS="2116"/>
                  <String HEIGHT="65"
                          WIDTH="196"
                          VPOS="2424"
                          HPOS="2067"
                          CONTENT="immedia-"/>
                  <SP HEIGHT="65" WIDTH="16" VPOS="2424" HPOS="2263"/>
                  <String HEIGHT="65" WIDTH="33" VPOS="2424" HPOS="2197" CONTENT=""/>
               </TextLine>
               <TextLine ID="r2l43"
                         BASELINE="2528"
                         HEIGHT="51"
                         WIDTH="1779"
                         VPOS="2477"
                         HPOS="453">
                  <String HEIGHT="51" WIDTH="86" VPOS="2477" HPOS="439" CONTENT="te"/>
                  <SP HEIGHT="51" WIDTH="14" VPOS="2477" HPOS="525"/>
                  <String HEIGHT="51"
                          WIDTH="129"
                          VPOS="2477"
                          HPOS="482"
                          CONTENT="cadit"/>
                  <SP HEIGHT="51" WIDTH="14" VPOS="2477" HPOS="611"/>
                  <String HEIGHT="51" WIDTH="72" VPOS="2477" HPOS="568" CONTENT="a"/>
                  <SP HEIGHT="51" WIDTH="14" VPOS="2477" HPOS="640"/>
                  <String HEIGHT="51"
                          WIDTH="129"
                          VPOS="2477"
                          HPOS="596"
                          CONTENT="recta"/>
                  <SP HEIGHT="51" WIDTH="14" VPOS="2477" HPOS="726"/>
                  <String HEIGHT="51"
                          WIDTH="158"
                          VPOS="2477"
                          HPOS="683"
                          CONTENT="ratione"/>
                  <SP HEIGHT="51" WIDTH="14" VPOS="2477" HPOS="840"/>
                  <String HEIGHT="51"
                          WIDTH="115"
                          VPOS="2477"
                          HPOS="797"
                          CONTENT="veli"/>
                  <SP HEIGHT="51" WIDTH="14" VPOS="2477" HPOS="912"/>
                  <String HEIGHT="51" WIDTH="72" VPOS="2477" HPOS="869" CONTENT="&amp;"/>
                  <SP HEIGHT="51" WIDTH="14" VPOS="2477" HPOS="941"/>
                  <String HEIGHT="51"
                          WIDTH="230"
                          VPOS="2477"
                          HPOS="898"
                          CONTENT="particulari:"/>
                  <SP HEIGHT="51" WIDTH="14" VPOS="2477" HPOS="1127"/>
                  <String HEIGHT="51"
                          WIDTH="100"
                          VPOS="2477"
                          HPOS="1084"
                          CONTENT="sed"/>
                  <SP HEIGHT="51" WIDTH="14" VPOS="2477" HPOS="1185"/>
                  <String HEIGHT="51"
                          WIDTH="172"
                          VPOS="2477"
                          HPOS="1142"
                          CONTENT="mediante"/>
                  <SP HEIGHT="51" WIDTH="14" VPOS="2477" HPOS="1314"/>
                  <String HEIGHT="51"
                          WIDTH="258"
                          VPOS="2477"
                          HPOS="1271"
                          CONTENT="concupiscentia"/>
                  <SP HEIGHT="51" WIDTH="14" VPOS="2477" HPOS="1529"/>
                  <String HEIGHT="51"
                          WIDTH="115"
                          VPOS="2477"
                          HPOS="1486"
                          CONTENT="quae"/>
                  <SP HEIGHT="51" WIDTH="14" VPOS="2477" HPOS="1601"/>
                  <String HEIGHT="51"
                          WIDTH="158"
                          VPOS="2477"
                          HPOS="1558"
                          CONTENT="trahit."/>
                  <SP HEIGHT="51" WIDTH="14" VPOS="2477" HPOS="1716"/>
                  <String HEIGHT="51"
                          WIDTH="158"
                          VPOS="2477"
                          HPOS="1672"
                          CONTENT="Sedquid"/>
                  <SP HEIGHT="51" WIDTH="14" VPOS="2477" HPOS="1830"/>
                  <String HEIGHT="51"
                          WIDTH="100"
                          VPOS="2477"
                          HPOS="1787"
                          CONTENT="est"/>
                  <SP HEIGHT="51" WIDTH="14" VPOS="2477" HPOS="1888"/>
                  <String HEIGHT="51"
                          WIDTH="115"
                          VPOS="2477"
                          HPOS="1845"
                          CONTENT="quod"/>
                  <SP HEIGHT="51" WIDTH="14" VPOS="2477" HPOS="1959"/>
                  <String HEIGHT="51"
                          WIDTH="172"
                          VPOS="2477"
                          HPOS="1916"
                          CONTENT="trahitur"/>
                  <SP HEIGHT="51" WIDTH="14" VPOS="2477" HPOS="2089"/>
                  <String HEIGHT="51"
                          WIDTH="100"
                          VPOS="2477"
                          HPOS="2045"
                          CONTENT="per"/>
                  <SP HEIGHT="51" WIDTH="14" VPOS="2477" HPOS="2146"/>
                  <String HEIGHT="51" WIDTH="86" VPOS="2477" HPOS="2103" CONTENT="se"/>
                  <SP HEIGHT="51" WIDTH="14" VPOS="2477" HPOS="2189"/>
                  <String HEIGHT="51" WIDTH="72" VPOS="2477" HPOS="2146" CONTENT="a"/>
                  <SP HEIGHT="51" WIDTH="14" VPOS="2477" HPOS="2218"/>
                  <String HEIGHT="51"
                          WIDTH="72"
                          VPOS="2477"
                          HPOS="2160"
                          CONTENT="con"/>
               </TextLine>
               <TextLine ID="r2l44"
                         BASELINE="2595"
                         HEIGHT="62"
                         WIDTH="1766"
                         VPOS="2533"
                         HPOS="461">
                  <String HEIGHT="62"
                          WIDTH="250"
                          VPOS="2533"
                          HPOS="444"
                          CONTENT="cupiscentia"/>
                  <SP HEIGHT="62" WIDTH="17" VPOS="2533" HPOS="694"/>
                  <String HEIGHT="62" WIDTH="83" VPOS="2533" HPOS="644" CONTENT="&amp;"/>
                  <SP HEIGHT="62" WIDTH="17" VPOS="2533" HPOS="728"/>
                  <String HEIGHT="62"
                          WIDTH="200"
                          VPOS="2533"
                          HPOS="678"
                          CONTENT="ducitur:"/>
                  <SP HEIGHT="62" WIDTH="17" VPOS="2533" HPOS="878"/>
                  <String HEIGHT="62"
                          WIDTH="183"
                          VPOS="2533"
                          HPOS="828"
                          CONTENT="Constat"/>
                  <SP HEIGHT="62" WIDTH="17" VPOS="2533" HPOS="1011"/>
                  <String HEIGHT="62"
                          WIDTH="133"
                          VPOS="2533"
                          HPOS="961"
                          CONTENT="quod"/>
                  <SP HEIGHT="62" WIDTH="17" VPOS="2533" HPOS="1094"/>
                  <String HEIGHT="62"
                          WIDTH="117"
                          VPOS="2533"
                          HPOS="1044"
                          CONTENT="hoc"/>
                  <SP HEIGHT="62" WIDTH="17" VPOS="2533" HPOS="1161"/>
                  <String HEIGHT="62"
                          WIDTH="117"
                          VPOS="2533"
                          HPOS="1111"
                          CONTENT="non"/>
                  <SP HEIGHT="62" WIDTH="17" VPOS="2533" HPOS="1227"/>
                  <String HEIGHT="62"
                          WIDTH="117"
                          VPOS="2533"
                          HPOS="1177"
                          CONTENT="est"/>
                  <SP HEIGHT="62" WIDTH="17" VPOS="2533" HPOS="1294"/>
                  <String HEIGHT="62"
                          WIDTH="133"
                          VPOS="2533"
                          HPOS="1244"
                          CONTENT="nisi"/>
                  <SP HEIGHT="62" WIDTH="17" VPOS="2533" HPOS="1377"/>
                  <String HEIGHT="62"
                          WIDTH="200"
                          VPOS="2533"
                          HPOS="1327"
                          CONTENT="voluntas"/>
                  <SP HEIGHT="62" WIDTH="17" VPOS="2533" HPOS="1527"/>
                  <String HEIGHT="62" WIDTH="83" VPOS="2533" HPOS="1477" CONTENT="&amp;"/>
                  <SP HEIGHT="62" WIDTH="17" VPOS="2533" HPOS="1561"/>
                  <String HEIGHT="62"
                          WIDTH="217"
                          VPOS="2533"
                          HPOS="1511"
                          CONTENT="appetitus"/>
                  <SP HEIGHT="62" WIDTH="17" VPOS="2533" HPOS="1727"/>
                  <String HEIGHT="62"
                          WIDTH="233"
                          VPOS="2533"
                          HPOS="1677"
                          CONTENT="rationalis"/>
                  <SP HEIGHT="62" WIDTH="17" VPOS="2533" HPOS="1910"/>
                  <String HEIGHT="62"
                          WIDTH="100"
                          VPOS="2533"
                          HPOS="1860"
                          CONTENT="ab"/>
                  <SP HEIGHT="62" WIDTH="17" VPOS="2533" HPOS="1960"/>
                  <String HEIGHT="62"
                          WIDTH="200"
                          VPOS="2533"
                          HPOS="1910"
                          CONTENT="appetitu"/>
                  <SP HEIGHT="62" WIDTH="17" VPOS="2533" HPOS="2110"/>
                  <String HEIGHT="62"
                          WIDTH="183"
                          VPOS="2533"
                          HPOS="2044"
                          CONTENT="sensibili"/>
               </TextLine>
               <TextLine ID="r2l45"
                         BASELINE="2650"
                         HEIGHT="62"
                         WIDTH="1768"
                         VPOS="2588"
                         HPOS="456">
                  <String HEIGHT="62"
                          WIDTH="160"
                          VPOS="2588"
                          HPOS="443"
                          CONTENT="secundum"/>
                  <SP HEIGHT="62" WIDTH="13" VPOS="2588" HPOS="602"/>
                  <String HEIGHT="62"
                          WIDTH="106"
                          VPOS="2588"
                          HPOS="562"
                          CONTENT="quod"/>
                  <SP HEIGHT="62" WIDTH="13" VPOS="2588" HPOS="669"/>
                  <String HEIGHT="62"
                          WIDTH="120"
                          VPOS="2588"
                          HPOS="629"
                          CONTENT="dicit"/>
                  <SP HEIGHT="62" WIDTH="13" VPOS="2588" HPOS="748"/>
                  <String HEIGHT="62"
                          WIDTH="199"
                          VPOS="2588"
                          HPOS="709"
                          CONTENT="philosophus"/>
                  <SP HEIGHT="62" WIDTH="13" VPOS="2588" HPOS="908"/>
                  <String HEIGHT="62" WIDTH="80" VPOS="2588" HPOS="868" CONTENT="in"/>
                  <SP HEIGHT="62" WIDTH="13" VPOS="2588" HPOS="948"/>
                  <String HEIGHT="62"
                          WIDTH="120"
                          VPOS="2588"
                          HPOS="908"
                          CONTENT="libro"/>
                  <SP HEIGHT="62" WIDTH="13" VPOS="2588" HPOS="1028"/>
                  <String HEIGHT="62"
                          WIDTH="106"
                          VPOS="2588"
                          HPOS="988"
                          CONTENT="iii."/>
                  <SP HEIGHT="62" WIDTH="13" VPOS="2588" HPOS="1094"/>
                  <String HEIGHT="62" WIDTH="80" VPOS="2588" HPOS="1054" CONTENT="de"/>
                  <SP HEIGHT="62" WIDTH="13" VPOS="2588" HPOS="1134"/>
                  <String HEIGHT="62"
                          WIDTH="133"
                          VPOS="2588"
                          HPOS="1094"
                          CONTENT="anima."/>
                  <SP HEIGHT="62" WIDTH="13" VPOS="2588" HPOS="1227"/>
                  <String HEIGHT="62"
                          WIDTH="133"
                          VPOS="2588"
                          HPOS="1187"
                          CONTENT="Vincit"/>
                  <SP HEIGHT="62" WIDTH="13" VPOS="2588" HPOS="1320"/>
                  <String HEIGHT="62"
                          WIDTH="120"
                          VPOS="2588"
                          HPOS="1280"
                          CONTENT="autem"/>
                  <SP HEIGHT="62" WIDTH="13" VPOS="2588" HPOS="1400"/>
                  <String HEIGHT="62" WIDTH="66" VPOS="2588" HPOS="1360" CONTENT="&amp;"/>
                  <SP HEIGHT="62" WIDTH="13" VPOS="2588" HPOS="1426"/>
                  <String HEIGHT="62"
                          WIDTH="120"
                          VPOS="2588"
                          HPOS="1387"
                          CONTENT="mouet"/>
                  <SP HEIGHT="62" WIDTH="13" VPOS="2588" HPOS="1506"/>
                  <String HEIGHT="62"
                          WIDTH="173"
                          VPOS="2588"
                          HPOS="1466"
                          CONTENT="aliquando"/>
                  <SP HEIGHT="62" WIDTH="13" VPOS="2588" HPOS="1639"/>
                  <String HEIGHT="62"
                          WIDTH="173"
                          VPOS="2588"
                          HPOS="1599"
                          CONTENT="phantasia"/>
                  <SP HEIGHT="62" WIDTH="13" VPOS="2588" HPOS="1772"/>
                  <String HEIGHT="62"
                          WIDTH="253"
                          VPOS="2588"
                          HPOS="1732"
                          CONTENT="deliberationem:"/>
                  <SP HEIGHT="62" WIDTH="13" VPOS="2588" HPOS="1985"/>
                  <String HEIGHT="62"
                          WIDTH="173"
                          VPOS="2588"
                          HPOS="1945"
                          CONTENT="aliquando"/>
                  <SP HEIGHT="62" WIDTH="13" VPOS="2588" HPOS="2118"/>
                  <String HEIGHT="62"
                          WIDTH="106"
                          VPOS="2588"
                          HPOS="2078"
                          CONTENT="haec"/>
                  <SP HEIGHT="62" WIDTH="13" VPOS="2588" HPOS="2184"/>
                  <String HEIGHT="62"
                          WIDTH="93"
                          VPOS="2588"
                          HPOS="2131"
                          CONTENT="illam"/>
               </TextLine>
               <TextLine ID="r2l46"
                         BASELINE="2699"
                         HEIGHT="62"
                         WIDTH="1757"
                         VPOS="2637"
                         HPOS="467">
                  <String HEIGHT="62"
                          WIDTH="138"
                          VPOS="2637"
                          HPOS="452"
                          CONTENT="sicut"/>
                  <SP HEIGHT="62" WIDTH="15" VPOS="2637" HPOS="589"/>
                  <String HEIGHT="62"
                          WIDTH="183"
                          VPOS="2637"
                          HPOS="543"
                          CONTENT="sphaera,"/>
                  <SP HEIGHT="62" WIDTH="15" VPOS="2637" HPOS="727"/>
                  <String HEIGHT="62"
                          WIDTH="199"
                          VPOS="2637"
                          HPOS="681"
                          CONTENT="appetitus"/>
                  <SP HEIGHT="62" WIDTH="15" VPOS="2637" HPOS="880"/>
                  <String HEIGHT="62"
                          WIDTH="214"
                          VPOS="2637"
                          HPOS="834"
                          CONTENT="appetitum,"/>
                  <SP HEIGHT="62" WIDTH="15" VPOS="2637" HPOS="1048"/>
                  <String HEIGHT="62"
                          WIDTH="107"
                          VPOS="2637"
                          HPOS="1002"
                          CONTENT="cum"/>
                  <SP HEIGHT="62" WIDTH="15" VPOS="2637" HPOS="1109"/>
                  <String HEIGHT="62"
                          WIDTH="244"
                          VPOS="2637"
                          HPOS="1063"
                          CONTENT="linabstinens"/>
                  <SP HEIGHT="62" WIDTH="15" VPOS="2637" HPOS="1307"/>
                  <String HEIGHT="62"
                          WIDTH="138"
                          VPOS="2637"
                          HPOS="1261"
                          CONTENT="fiat:"/>
                  <SP HEIGHT="62" WIDTH="15" VPOS="2637" HPOS="1399"/>
                  <String HEIGHT="62"
                          WIDTH="107"
                          VPOS="2637"
                          HPOS="1353"
                          CONTENT="sed"/>
                  <SP HEIGHT="62" WIDTH="15" VPOS="2637" HPOS="1460"/>
                  <String HEIGHT="62"
                          WIDTH="168"
                          VPOS="2637"
                          HPOS="1414"
                          CONTENT="scibile"/>
                  <SP HEIGHT="62" WIDTH="15" VPOS="2637" HPOS="1582"/>
                  <String HEIGHT="62"
                          WIDTH="107"
                          VPOS="2637"
                          HPOS="1536"
                          CONTENT="non"/>
                  <SP HEIGHT="62" WIDTH="15" VPOS="2637" HPOS="1643"/>
                  <String HEIGHT="62"
                          WIDTH="183"
                          VPOS="2637"
                          HPOS="1598"
                          CONTENT="mouetur."/>
                  <SP HEIGHT="62" WIDTH="15" VPOS="2637" HPOS="1781"/>
                  <String HEIGHT="62"
                          WIDTH="138"
                          VPOS="2637"
                          HPOS="1735"
                          CONTENT="lllud"/>
                  <SP HEIGHT="62" WIDTH="15" VPOS="2637" HPOS="1873"/>
                  <String HEIGHT="62"
                          WIDTH="138"
                          VPOS="2637"
                          HPOS="1827"
                          CONTENT="autem"/>
                  <SP HEIGHT="62" WIDTH="15" VPOS="2637" HPOS="1964"/>
                  <String HEIGHT="62"
                          WIDTH="122"
                          VPOS="2637"
                          HPOS="1918"
                          CONTENT="quod"/>
                  <SP HEIGHT="62" WIDTH="15" VPOS="2637" HPOS="2041"/>
                  <String HEIGHT="62"
                          WIDTH="138"
                          VPOS="2637"
                          HPOS="1995"
                          CONTENT="primo"/>
                  <SP HEIGHT="62" WIDTH="15" VPOS="2637" HPOS="2132"/>
                  <String HEIGHT="62" WIDTH="76" VPOS="2637" HPOS="2086" CONTENT="&amp;"/>
                  <SP HEIGHT="62" WIDTH="15" VPOS="2637" HPOS="2163"/>
                  <String HEIGHT="62"
                          WIDTH="107"
                          VPOS="2637"
                          HPOS="2117"
                          CONTENT="per"/>
                  <SP HEIGHT="62" WIDTH="15" VPOS="2637" HPOS="2224"/>
                  <String HEIGHT="62" WIDTH="61" VPOS="2637" HPOS="2163" CONTENT="se"/>
               </TextLine>
               <TextLine ID="r2l47"
                         BASELINE="2752"
                         HEIGHT="55"
                         WIDTH="1757"
                         VPOS="2697"
                         HPOS="469">
                  <String HEIGHT="55"
                          WIDTH="187"
                          VPOS="2697"
                          HPOS="455"
                          CONTENT="trahitur,"/>
                  <SP HEIGHT="55" WIDTH="14" VPOS="2697" HPOS="642"/>
                  <String HEIGHT="55"
                          WIDTH="130"
                          VPOS="2697"
                          HPOS="599"
                          CONTENT="circa"/>
                  <SP HEIGHT="55" WIDTH="14" VPOS="2697" HPOS="728"/>
                  <String HEIGHT="55"
                          WIDTH="230"
                          VPOS="2697"
                          HPOS="685"
                          CONTENT="particularem"/>
                  <SP HEIGHT="55" WIDTH="14" VPOS="2697" HPOS="915"/>
                  <String HEIGHT="55"
                          WIDTH="187"
                          VPOS="2697"
                          HPOS="872"
                          CONTENT="opinionem"/>
                  <SP HEIGHT="55" WIDTH="14" VPOS="2697" HPOS="1059"/>
                  <String HEIGHT="55"
                          WIDTH="130"
                          VPOS="2697"
                          HPOS="1016"
                          CONTENT="primo"/>
                  <SP HEIGHT="55" WIDTH="14" VPOS="2697" HPOS="1146"/>
                  <String HEIGHT="55"
                          WIDTH="187"
                          VPOS="2697"
                          HPOS="1103"
                          CONTENT="fallitur:"/>
                  <SP HEIGHT="55" WIDTH="14" VPOS="2697" HPOS="1290"/>
                  <String HEIGHT="55" WIDTH="72" VPOS="2697" HPOS="1247" CONTENT="&amp;"/>
                  <SP HEIGHT="55" WIDTH="14" VPOS="2697" HPOS="1319"/>
                  <String HEIGHT="55"
                          WIDTH="130"
                          VPOS="2697"
                          HPOS="1275"
                          CONTENT="illud"/>
                  <SP HEIGHT="55" WIDTH="14" VPOS="2697" HPOS="1405"/>
                  <String HEIGHT="55"
                          WIDTH="115"
                          VPOS="2697"
                          HPOS="1362"
                          CONTENT="quod"/>
                  <SP HEIGHT="55" WIDTH="14" VPOS="2697" HPOS="1477"/>
                  <String HEIGHT="55"
                          WIDTH="173"
                          VPOS="2697"
                          HPOS="1434"
                          CONTENT="secundum"/>
                  <SP HEIGHT="55" WIDTH="14" VPOS="2697" HPOS="1607"/>
                  <String HEIGHT="55"
                          WIDTH="187"
                          VPOS="2697"
                          HPOS="1564"
                          CONTENT="accidens,"/>
                  <SP HEIGHT="55" WIDTH="14" VPOS="2697" HPOS="1751"/>
                  <String HEIGHT="55"
                          WIDTH="216"
                          VPOS="2697"
                          HPOS="1708"
                          CONTENT="secundario,"/>
                  <SP HEIGHT="55" WIDTH="14" VPOS="2697" HPOS="1924"/>
                  <String HEIGHT="55"
                          WIDTH="130"
                          VPOS="2697"
                          HPOS="1880"
                          CONTENT="quare"/>
                  <SP HEIGHT="55" WIDTH="14" VPOS="2697" HPOS="2010"/>
                  <String HEIGHT="55"
                          WIDTH="101"
                          VPOS="2697"
                          HPOS="1967"
                          CONTENT="cum"/>
                  <SP HEIGHT="55" WIDTH="14" VPOS="2697" HPOS="2068"/>
                  <String HEIGHT="55"
                          WIDTH="173"
                          VPOS="2697"
                          HPOS="2024"
                          CONTENT="voluntas"/>
                  <SP HEIGHT="55" WIDTH="14" VPOS="2697" HPOS="2197"/>
                  <String HEIGHT="55"
                          WIDTH="101"
                          VPOS="2697"
                          HPOS="2154"
                          CONTENT="per"/>
                  <SP HEIGHT="55" WIDTH="14" VPOS="2697" HPOS="2255"/>
                  <String HEIGHT="55" WIDTH="29" VPOS="2697" HPOS="2197" CONTENT=""/>
               </TextLine>
               <TextLine ID="r2l48"
                         BASELINE="2803"
                         HEIGHT="53"
                         WIDTH="1768"
                         VPOS="2750"
                         HPOS="468">
                  <String HEIGHT="53" WIDTH="90" VPOS="2750" HPOS="453" CONTENT="se"/>
                  <SP HEIGHT="53" WIDTH="15" VPOS="2750" HPOS="543"/>
                  <String HEIGHT="53"
                          WIDTH="180"
                          VPOS="2750"
                          HPOS="498"
                          CONTENT="trahitur"/>
                  <SP HEIGHT="53" WIDTH="15" VPOS="2750" HPOS="678"/>
                  <String HEIGHT="53" WIDTH="75" VPOS="2750" HPOS="633" CONTENT="a"/>
                  <SP HEIGHT="53" WIDTH="15" VPOS="2750" HPOS="708"/>
                  <String HEIGHT="53"
                          WIDTH="270"
                          VPOS="2750"
                          HPOS="663"
                          CONTENT="concupiscentia"/>
                  <SP HEIGHT="53" WIDTH="15" VPOS="2750" HPOS="932"/>
                  <String HEIGHT="53"
                          WIDTH="105"
                          VPOS="2750"
                          HPOS="888"
                          CONTENT="non"/>
                  <SP HEIGHT="53" WIDTH="15" VPOS="2750" HPOS="992"/>
                  <String HEIGHT="53"
                          WIDTH="150"
                          VPOS="2750"
                          HPOS="947"
                          CONTENT="ratio:"/>
                  <SP HEIGHT="53" WIDTH="15" VPOS="2750" HPOS="1097"/>
                  <String HEIGHT="53"
                          WIDTH="120"
                          VPOS="2750"
                          HPOS="1052"
                          CONTENT="quia"/>
                  <SP HEIGHT="53" WIDTH="15" VPOS="2750" HPOS="1172"/>
                  <String HEIGHT="53"
                          WIDTH="120"
                          VPOS="2750"
                          HPOS="1127"
                          CONTENT="ipsa"/>
                  <SP HEIGHT="53" WIDTH="15" VPOS="2750" HPOS="1247"/>
                  <String HEIGHT="53" WIDTH="90" VPOS="2750" HPOS="1202" CONTENT="vt"/>
                  <SP HEIGHT="53" WIDTH="15" VPOS="2750" HPOS="1292"/>
                  <String HEIGHT="53"
                          WIDTH="225"
                          VPOS="2750"
                          HPOS="1247"
                          CONTENT="scientialis"/>
                  <SP HEIGHT="53" WIDTH="15" VPOS="2750" HPOS="1472"/>
                  <String HEIGHT="53"
                          WIDTH="105"
                          VPOS="2750"
                          HPOS="1427"
                          CONTENT="est"/>
                  <SP HEIGHT="53" WIDTH="15" VPOS="2750" HPOS="1532"/>
                  <String HEIGHT="53"
                          WIDTH="135"
                          VPOS="2750"
                          HPOS="1487"
                          CONTENT="nihil"/>
                  <SP HEIGHT="53" WIDTH="15" VPOS="2750" HPOS="1622"/>
                  <String HEIGHT="53"
                          WIDTH="180"
                          VPOS="2750"
                          HPOS="1577"
                          CONTENT="appetit:"/>
                  <SP HEIGHT="53" WIDTH="15" VPOS="2750" HPOS="1757"/>
                  <String HEIGHT="53" WIDTH="75" VPOS="2750" HPOS="1712" CONTENT="&amp;"/>
                  <SP HEIGHT="53" WIDTH="15" VPOS="2750" HPOS="1787"/>
                  <String HEIGHT="53"
                          WIDTH="105"
                          VPOS="2750"
                          HPOS="1742"
                          CONTENT="per"/>
                  <SP HEIGHT="53" WIDTH="15" VPOS="2750" HPOS="1846"/>
                  <String HEIGHT="53"
                          WIDTH="135"
                          VPOS="2750"
                          HPOS="1801"
                          CONTENT="huius"/>
                  <SP HEIGHT="53" WIDTH="15" VPOS="2750" HPOS="1936"/>
                  <String HEIGHT="53"
                          WIDTH="165"
                          VPOS="2750"
                          HPOS="1891"
                          CONTENT="tractum"/>
                  <SP HEIGHT="53" WIDTH="15" VPOS="2750" HPOS="2056"/>
                  <String HEIGHT="53"
                          WIDTH="180"
                          VPOS="2750"
                          HPOS="2011"
                          CONTENT="secundum"/>
                  <SP HEIGHT="53" WIDTH="15" VPOS="2750" HPOS="2191"/>
                  <String HEIGHT="53"
                          WIDTH="120"
                          VPOS="2750"
                          HPOS="2146"
                          CONTENT="acci"/>
                  <SP HEIGHT="53" WIDTH="15" VPOS="2750" HPOS="2266"/>
                  <String HEIGHT="53" WIDTH="30" VPOS="2750" HPOS="2206" CONTENT=""/>
               </TextLine>
               <TextLine ID="r2l49"
                         BASELINE="2860"
                         HEIGHT="61"
                         WIDTH="1750"
                         VPOS="2799"
                         HPOS="476">
                  <String HEIGHT="61"
                          WIDTH="121"
                          VPOS="2799"
                          HPOS="461"
                          CONTENT="dens"/>
                  <SP HEIGHT="61" WIDTH="15" VPOS="2799" HPOS="582"/>
                  <String HEIGHT="61"
                          WIDTH="136"
                          VPOS="2799"
                          HPOS="536"
                          CONTENT="cadit"/>
                  <SP HEIGHT="61" WIDTH="15" VPOS="2799" HPOS="672"/>
                  <String HEIGHT="61"
                          WIDTH="136"
                          VPOS="2799"
                          HPOS="627"
                          CONTENT="ratio"/>
                  <SP HEIGHT="61" WIDTH="15" VPOS="2799" HPOS="763"/>
                  <String HEIGHT="61" WIDTH="75" VPOS="2799" HPOS="717" CONTENT="a"/>
                  <SP HEIGHT="61" WIDTH="15" VPOS="2799" HPOS="793"/>
                  <String HEIGHT="61"
                          WIDTH="106"
                          VPOS="2799"
                          HPOS="748"
                          CONTENT="sua"/>
                  <SP HEIGHT="61" WIDTH="15" VPOS="2799" HPOS="853"/>
                  <String HEIGHT="61"
                          WIDTH="136"
                          VPOS="2799"
                          HPOS="808"
                          CONTENT="recta"/>
                  <SP HEIGHT="61" WIDTH="15" VPOS="2799" HPOS="944"/>
                  <String HEIGHT="61"
                          WIDTH="181"
                          VPOS="2799"
                          HPOS="898"
                          CONTENT="opinione"/>
                  <SP HEIGHT="61" WIDTH="15" VPOS="2799" HPOS="1079"/>
                  <String HEIGHT="61" WIDTH="91" VPOS="2799" HPOS="1034" CONTENT="vt"/>
                  <SP HEIGHT="61" WIDTH="15" VPOS="2799" HPOS="1125"/>
                  <String HEIGHT="61"
                          WIDTH="151"
                          VPOS="2799"
                          HPOS="1079"
                          CONTENT="dicit:"/>
                  <SP HEIGHT="61" WIDTH="15" VPOS="2799" HPOS="1230"/>
                  <String HEIGHT="61"
                          WIDTH="166"
                          VPOS="2799"
                          HPOS="1185"
                          CONTENT="ratione"/>
                  <SP HEIGHT="61" WIDTH="15" VPOS="2799" HPOS="1351"/>
                  <String HEIGHT="61"
                          WIDTH="166"
                          VPOS="2799"
                          HPOS="1306"
                          CONTENT="indiget"/>
                  <SP HEIGHT="61" WIDTH="15" VPOS="2799" HPOS="1472"/>
                  <String HEIGHT="61"
                          WIDTH="106"
                          VPOS="2799"
                          HPOS="1426"
                          CONTENT="qui"/>
                  <SP HEIGHT="61" WIDTH="15" VPOS="2799" HPOS="1532"/>
                  <String HEIGHT="61"
                          WIDTH="106"
                          VPOS="2799"
                          HPOS="1487"
                          CONTENT="non"/>
                  <SP HEIGHT="61" WIDTH="15" VPOS="2799" HPOS="1592"/>
                  <String HEIGHT="61"
                          WIDTH="136"
                          VPOS="2799"
                          HPOS="1547"
                          CONTENT="videt"/>
                  <SP HEIGHT="61" WIDTH="15" VPOS="2799" HPOS="1683"/>
                  <String HEIGHT="61"
                          WIDTH="121"
                          VPOS="2799"
                          HPOS="1638"
                          CONTENT="quod"/>
                  <SP HEIGHT="61" WIDTH="15" VPOS="2799" HPOS="1758"/>
                  <String HEIGHT="61"
                          WIDTH="121"
                          VPOS="2799"
                          HPOS="1713"
                          CONTENT="eius"/>
                  <SP HEIGHT="61" WIDTH="15" VPOS="2799" HPOS="1834"/>
                  <String HEIGHT="61"
                          WIDTH="226"
                          VPOS="2799"
                          HPOS="1789"
                          CONTENT="intentionis"/>
                  <SP HEIGHT="61" WIDTH="15" VPOS="2799" HPOS="2015"/>
                  <String HEIGHT="61"
                          WIDTH="121"
                          VPOS="2799"
                          HPOS="1970"
                          CONTENT="est."/>
                  <SP HEIGHT="61" WIDTH="15" VPOS="2799" HPOS="2090"/>
                  <String HEIGHT="61"
                          WIDTH="121"
                          VPOS="2799"
                          HPOS="2045"
                          CONTENT="quia"/>
                  <SP HEIGHT="61" WIDTH="15" VPOS="2799" HPOS="2166"/>
                  <String HEIGHT="61"
                          WIDTH="121"
                          VPOS="2799"
                          HPOS="2105"
                          CONTENT="volum"
                          SUBS_TYPE="HypPart1"
                          SUBS_CONTENT="volumtas"/>
                  <HYP CONTENT="-"/>
               </TextLine>
               <TextLine ID="r2l50"
                         BASELINE="2918"
                         HEIGHT="62"
                         WIDTH="1761"
                         VPOS="2856"
                         HPOS="467">
                  <String HEIGHT="62"
                          WIDTH="115"
                          VPOS="2856"
                          HPOS="451"
                          CONTENT="tas"
                          SUBS_TYPE="HypPart2"
                          SUBS_CONTENT="volumtas"/>
                  <SP HEIGHT="62" WIDTH="16" VPOS="2856" HPOS="566"/>
                  <String HEIGHT="62"
                          WIDTH="165"
                          VPOS="2856"
                          HPOS="516"
                          CONTENT="tracta"/>
                  <SP HEIGHT="62" WIDTH="16" VPOS="2856" HPOS="681"/>
                  <String HEIGHT="62" WIDTH="82" VPOS="2856" HPOS="632" CONTENT="a"/>
                  <SP HEIGHT="62" WIDTH="16" VPOS="2856" HPOS="714"/>
                  <String HEIGHT="62"
                          WIDTH="296"
                          VPOS="2856"
                          HPOS="664"
                          CONTENT="concupiscentia"/>
                  <SP HEIGHT="62" WIDTH="16" VPOS="2856" HPOS="961"/>
                  <String HEIGHT="62"
                          WIDTH="148"
                          VPOS="2856"
                          HPOS="911"
                          CONTENT="prius"/>
                  <SP HEIGHT="62" WIDTH="16" VPOS="2856" HPOS="1059"/>
                  <String HEIGHT="62"
                          WIDTH="247"
                          VPOS="2856"
                          HPOS="1010"
                          CONTENT="deordinatur"/>
                  <SP HEIGHT="62" WIDTH="16" VPOS="2856" HPOS="1257"/>
                  <String HEIGHT="62" WIDTH="99" VPOS="2856" HPOS="1208" CONTENT="in"/>
                  <SP HEIGHT="62" WIDTH="16" VPOS="2856" HPOS="1306"/>
                  <String HEIGHT="62"
                          WIDTH="132"
                          VPOS="2856"
                          HPOS="1257"
                          CONTENT="male"/>
                  <SP HEIGHT="62" WIDTH="16" VPOS="2856" HPOS="1389"/>
                  <String HEIGHT="62"
                          WIDTH="214"
                          VPOS="2856"
                          HPOS="1339"
                          CONTENT="appetendo"/>
                  <SP HEIGHT="62" WIDTH="16" VPOS="2856" HPOS="1553"/>
                  <String HEIGHT="62"
                          WIDTH="132"
                          VPOS="2856"
                          HPOS="1504"
                          CONTENT="quam"/>
                  <SP HEIGHT="62" WIDTH="16" VPOS="2856" HPOS="1636"/>
                  <String HEIGHT="62"
                          WIDTH="148"
                          VPOS="2856"
                          HPOS="1586"
                          CONTENT="ratio"/>
                  <SP HEIGHT="62" WIDTH="16" VPOS="2856" HPOS="1734"/>
                  <String HEIGHT="62" WIDTH="99" VPOS="2856" HPOS="1685" CONTENT="in"/>
                  <SP HEIGHT="62" WIDTH="16" VPOS="2856" HPOS="1784"/>
                  <String HEIGHT="62"
                          WIDTH="132"
                          VPOS="2856"
                          HPOS="1734"
                          CONTENT="male"/>
                  <SP HEIGHT="62" WIDTH="16" VPOS="2856" HPOS="1866"/>
                  <String HEIGHT="62"
                          WIDTH="230"
                          VPOS="2856"
                          HPOS="1817"
                          CONTENT="iudicando."/>
                  <SP HEIGHT="62" WIDTH="16" VPOS="2856" HPOS="2047"/>
                  <String HEIGHT="62" WIDTH="99" VPOS="2856" HPOS="1998" CONTENT="Et"/>
                  <SP HEIGHT="62" WIDTH="16" VPOS="2856" HPOS="2096"/>
                  <String HEIGHT="62"
                          WIDTH="115"
                          VPOS="2856"
                          HPOS="2047"
                          CONTENT="per"/>
                  <SP HEIGHT="62" WIDTH="16" VPOS="2856" HPOS="2162"/>
                  <String HEIGHT="62"
                          WIDTH="115"
                          VPOS="2856"
                          HPOS="2113"
                          CONTENT="hoc"/>
                  <SP HEIGHT="62" WIDTH="16" VPOS="2856" HPOS="2228"/>
                  <String HEIGHT="62" WIDTH="66" VPOS="2856" HPOS="2162" CONTENT="vt"/>
               </TextLine>
               <TextLine ID="r2l51"
                         BASELINE="2969"
                         HEIGHT="64"
                         WIDTH="1764"
                         VPOS="2905"
                         HPOS="466">
                  <String HEIGHT="64"
                          WIDTH="129"
                          VPOS="2905"
                          HPOS="452"
                          CONTENT="dicit"/>
                  <SP HEIGHT="64" WIDTH="14" VPOS="2905" HPOS="581"/>
                  <String HEIGHT="64"
                          WIDTH="158"
                          VPOS="2905"
                          HPOS="538"
                          CONTENT="videtur"/>
                  <SP HEIGHT="64" WIDTH="14" VPOS="2905" HPOS="695"/>
                  <String HEIGHT="64"
                          WIDTH="172"
                          VPOS="2905"
                          HPOS="652"
                          CONTENT="accidere"/>
                  <SP HEIGHT="64" WIDTH="14" VPOS="2905" HPOS="825"/>
                  <String HEIGHT="64"
                          WIDTH="115"
                          VPOS="2905"
                          HPOS="782"
                          CONTENT="quid"/>
                  <SP HEIGHT="64" WIDTH="14" VPOS="2905" HPOS="896"/>
                  <String HEIGHT="64"
                          WIDTH="186"
                          VPOS="2905"
                          HPOS="853"
                          CONTENT="quaerebat"/>
                  <SP HEIGHT="64" WIDTH="14" VPOS="2905" HPOS="1040"/>
                  <String HEIGHT="64"
                          WIDTH="186"
                          VPOS="2905"
                          HPOS="997"
                          CONTENT="Socrates:"/>
                  <SP HEIGHT="64" WIDTH="14" VPOS="2905" HPOS="1183"/>
                  <String HEIGHT="64"
                          WIDTH="115"
                          VPOS="2905"
                          HPOS="1140"
                          CONTENT="quod"/>
                  <SP HEIGHT="64" WIDTH="14" VPOS="2905" HPOS="1255"/>
                  <String HEIGHT="64"
                          WIDTH="215"
                          VPOS="2905"
                          HPOS="1212"
                          CONTENT="impossibile"/>
                  <SP HEIGHT="64" WIDTH="14" VPOS="2905" HPOS="1427"/>
                  <String HEIGHT="64"
                          WIDTH="115"
                          VPOS="2905"
                          HPOS="1384"
                          CONTENT="erat"/>
                  <SP HEIGHT="64" WIDTH="14" VPOS="2905" HPOS="1499"/>
                  <String HEIGHT="64"
                          WIDTH="158"
                          VPOS="2905"
                          HPOS="1456"
                          CONTENT="hominem"/>
                  <SP HEIGHT="64" WIDTH="14" VPOS="2905" HPOS="1613"/>
                  <String HEIGHT="64"
                          WIDTH="143"
                          VPOS="2905"
                          HPOS="1570"
                          CONTENT="decipi"/>
                  <SP HEIGHT="64" WIDTH="14" VPOS="2905" HPOS="1714"/>
                  <String HEIGHT="64"
                          WIDTH="172"
                          VPOS="2905"
                          HPOS="1671"
                          CONTENT="secundum"/>
                  <SP HEIGHT="64" WIDTH="14" VPOS="2905" HPOS="1843"/>
                  <String HEIGHT="64"
                          WIDTH="186"
                          VPOS="2905"
                          HPOS="1800"
                          CONTENT="scientiam"/>
                  <SP HEIGHT="64" WIDTH="14" VPOS="2905" HPOS="1986"/>
                  <String HEIGHT="64"
                          WIDTH="115"
                          VPOS="2905"
                          HPOS="1943"
                          CONTENT="quam"/>
                  <SP HEIGHT="64" WIDTH="14" VPOS="2905" HPOS="2058"/>
                  <String HEIGHT="64"
                          WIDTH="172"
                          VPOS="2905"
                          HPOS="2015"
                          CONTENT="habebat,"/>
                  <SP HEIGHT="64" WIDTH="14" VPOS="2905" HPOS="2187"/>
                  <String HEIGHT="64"
                          WIDTH="115"
                          VPOS="2905"
                          HPOS="2144"
                          CONTENT="quid"/>
                  <SP HEIGHT="64" WIDTH="14" VPOS="2905" HPOS="2259"/>
                  <String HEIGHT="64" WIDTH="29" VPOS="2905" HPOS="2201" CONTENT=""/>
               </TextLine>
               <TextLine ID="r2l52"
                         BASELINE="3021"
                         HEIGHT="60"
                         WIDTH="1757"
                         VPOS="2961"
                         HPOS="474">
                  <String HEIGHT="60"
                          WIDTH="134"
                          VPOS="2961"
                          HPOS="459"
                          CONTENT="verum"/>
                  <SP HEIGHT="60" WIDTH="15" VPOS="2961" HPOS="593"/>
                  <String HEIGHT="60"
                          WIDTH="104"
                          VPOS="2961"
                          HPOS="548"
                          CONTENT="est"/>
                  <SP HEIGHT="60" WIDTH="15" VPOS="2961" HPOS="653"/>
                  <String HEIGHT="60" WIDTH="89" VPOS="2961" HPOS="608" CONTENT="vt"/>
                  <SP HEIGHT="60" WIDTH="15" VPOS="2961" HPOS="697"/>
                  <String HEIGHT="60" WIDTH="89" VPOS="2961" HPOS="653" CONTENT="in"/>
                  <SP HEIGHT="60" WIDTH="15" VPOS="2961" HPOS="742"/>
                  <String HEIGHT="60"
                          WIDTH="104"
                          VPOS="2961"
                          HPOS="697"
                          CONTENT="hoc"/>
                  <SP HEIGHT="60" WIDTH="15" VPOS="2961" HPOS="802"/>
                  <String HEIGHT="60" WIDTH="89" VPOS="2961" HPOS="757" CONTENT="ei"/>
                  <SP HEIGHT="60" WIDTH="15" VPOS="2961" HPOS="846"/>
                  <String HEIGHT="60"
                          WIDTH="194"
                          VPOS="2961"
                          HPOS="802"
                          CONTENT="consentit"/>
                  <SP HEIGHT="60" WIDTH="15" VPOS="2961" HPOS="995"/>
                  <String HEIGHT="60"
                          WIDTH="238"
                          VPOS="2961"
                          HPOS="950"
                          CONTENT="philosophus,"/>
                  <SP HEIGHT="60" WIDTH="15" VPOS="2961" HPOS="1189"/>
                  <String HEIGHT="60"
                          WIDTH="134"
                          VPOS="2961"
                          HPOS="1144"
                          CONTENT="primo"/>
                  <SP HEIGHT="60" WIDTH="15" VPOS="2961" HPOS="1278"/>
                  <String HEIGHT="60" WIDTH="74" VPOS="2961" HPOS="1233" CONTENT="&amp;"/>
                  <SP HEIGHT="60" WIDTH="15" VPOS="2961" HPOS="1308"/>
                  <String HEIGHT="60"
                          WIDTH="104"
                          VPOS="2961"
                          HPOS="1263"
                          CONTENT="per"/>
                  <SP HEIGHT="60" WIDTH="15" VPOS="2961" HPOS="1367"/>
                  <String HEIGHT="60"
                          WIDTH="104"
                          VPOS="2961"
                          HPOS="1323"
                          CONTENT="se:"/>
                  <SP HEIGHT="60" WIDTH="15" VPOS="2961" HPOS="1427"/>
                  <String HEIGHT="60"
                          WIDTH="104"
                          VPOS="2961"
                          HPOS="1382"
                          CONTENT="per"/>
                  <SP HEIGHT="60" WIDTH="15" VPOS="2961" HPOS="1487"/>
                  <String HEIGHT="60"
                          WIDTH="179"
                          VPOS="2961"
                          HPOS="1442"
                          CONTENT="accidens"/>
                  <SP HEIGHT="60" WIDTH="15" VPOS="2961" HPOS="1621"/>
                  <String HEIGHT="60"
                          WIDTH="134"
                          VPOS="2961"
                          HPOS="1576"
                          CONTENT="autem"/>
                  <SP HEIGHT="60" WIDTH="15" VPOS="2961" HPOS="1710"/>
                  <String HEIGHT="60" WIDTH="74" VPOS="2961" HPOS="1665" CONTENT="&amp;"/>
                  <SP HEIGHT="60" WIDTH="15" VPOS="2961" HPOS="1740"/>
                  <String HEIGHT="60"
                          WIDTH="208"
                          VPOS="2961"
                          HPOS="1695"
                          CONTENT="secundario"/>
                  <SP HEIGHT="60" WIDTH="15" VPOS="2961" HPOS="1903"/>
                  <String HEIGHT="60"
                          WIDTH="104"
                          VPOS="2961"
                          HPOS="1859"
                          CONTENT="non"/>
                  <SP HEIGHT="60" WIDTH="15" VPOS="2961" HPOS="1963"/>
                  <String HEIGHT="60"
                          WIDTH="104"
                          VPOS="2961"
                          HPOS="1918"
                          CONTENT="est"/>
                  <SP HEIGHT="60" WIDTH="15" VPOS="2961" HPOS="2023"/>
                  <String HEIGHT="60"
                          WIDTH="238"
                          VPOS="2961"
                          HPOS="1978"
                          CONTENT="inconveniens"/>
                  <SP HEIGHT="60" WIDTH="15" VPOS="2961" HPOS="2216"/>
                  <String HEIGHT="60"
                          WIDTH="74"
                          VPOS="2961"
                          HPOS="2157"
                          CONTENT="eum"/>
               </TextLine>
               <TextLine ID="r2l53"
                         BASELINE="3076"
                         HEIGHT="62"
                         WIDTH="1783"
                         VPOS="3014"
                         HPOS="458">
                  <String HEIGHT="62"
                          WIDTH="150"
                          VPOS="3014"
                          HPOS="443"
                          CONTENT="decipi"/>
                  <SP HEIGHT="62" WIDTH="15" VPOS="3014" HPOS="593"/>
                  <String HEIGHT="62"
                          WIDTH="180"
                          VPOS="3014"
                          HPOS="548"
                          CONTENT="secundum"/>
                  <SP HEIGHT="62" WIDTH="15" VPOS="3014" HPOS="728"/>
                  <String HEIGHT="62"
                          WIDTH="195"
                          VPOS="3014"
                          HPOS="683"
                          CONTENT="scientiam"/>
                  <SP HEIGHT="62" WIDTH="15" VPOS="3014" HPOS="878"/>
                  <String HEIGHT="62" WIDTH="90" VPOS="3014" HPOS="833" CONTENT="vt"/>
                  <SP HEIGHT="62" WIDTH="15" VPOS="3014" HPOS="922"/>
                  <String HEIGHT="62"
                          WIDTH="210"
                          VPOS="3014"
                          HPOS="878"
                          CONTENT="contrarium"/>
                  <SP HEIGHT="62" WIDTH="15" VPOS="3014" HPOS="1087"/>
                  <String HEIGHT="62"
                          WIDTH="135"
                          VPOS="3014"
                          HPOS="1042"
                          CONTENT="recto"/>
                  <SP HEIGHT="62" WIDTH="15" VPOS="3014" HPOS="1177"/>
                  <String HEIGHT="62"
                          WIDTH="195"
                          VPOS="3014"
                          HPOS="1132"
                          CONTENT="opinetur:"/>
                  <SP HEIGHT="62" WIDTH="15" VPOS="3014" HPOS="1327"/>
                  <String HEIGHT="62"
                          WIDTH="135"
                          VPOS="3014"
                          HPOS="1282"
                          CONTENT="primo"/>
                  <SP HEIGHT="62" WIDTH="15" VPOS="3014" HPOS="1417"/>
                  <String HEIGHT="62"
                          WIDTH="135"
                          VPOS="3014"
                          HPOS="1372"
                          CONTENT="circa"/>
                  <SP HEIGHT="62" WIDTH="15" VPOS="3014" HPOS="1507"/>
                  <String HEIGHT="62"
                          WIDTH="195"
                          VPOS="3014"
                          HPOS="1462"
                          CONTENT="opinionem"/>
                  <SP HEIGHT="62" WIDTH="15" VPOS="3014" HPOS="1657"/>
                  <String HEIGHT="62"
                          WIDTH="240"
                          VPOS="3014"
                          HPOS="1612"
                          CONTENT="particularem"/>
                  <SP HEIGHT="62" WIDTH="15" VPOS="3014" HPOS="1851"/>
                  <String HEIGHT="62"
                          WIDTH="120"
                          VPOS="3014"
                          HPOS="1806"
                          CONTENT="quae"/>
                  <SP HEIGHT="62" WIDTH="15" VPOS="3014" HPOS="1926"/>
                  <String HEIGHT="62"
                          WIDTH="225"
                          VPOS="3014"
                          HPOS="1881"
                          CONTENT="scientialis"/>
                  <SP HEIGHT="62" WIDTH="15" VPOS="3014" HPOS="2106"/>
                  <String HEIGHT="62"
                          WIDTH="105"
                          VPOS="3014"
                          HPOS="2061"
                          CONTENT="non"/>
                  <SP HEIGHT="62" WIDTH="15" VPOS="3014" HPOS="2166"/>
                  <String HEIGHT="62"
                          WIDTH="120"
                          VPOS="3014"
                          HPOS="2121"
                          CONTENT="est:"/>
                  <SP HEIGHT="62" WIDTH="15" VPOS="3014" HPOS="2241"/>
                  <String HEIGHT="62" WIDTH="60" VPOS="3014" HPOS="2181" CONTENT="vl"/>
               </TextLine>
               <TextLine ID="r2l54"
                         BASELINE="3122"
                         HEIGHT="57"
                         WIDTH="1768"
                         VPOS="3065"
                         HPOS="470">
                  <String HEIGHT="57"
                          WIDTH="120"
                          VPOS="3065"
                          HPOS="455"
                          CONTENT="timo"/>
                  <SP HEIGHT="57" WIDTH="15" VPOS="3065" HPOS="575"/>
                  <String HEIGHT="57"
                          WIDTH="135"
                          VPOS="3065"
                          HPOS="530"
                          CONTENT="autem"/>
                  <SP HEIGHT="57" WIDTH="15" VPOS="3065" HPOS="665"/>
                  <String HEIGHT="57"
                          WIDTH="135"
                          VPOS="3065"
                          HPOS="620"
                          CONTENT="circa"/>
                  <SP HEIGHT="57" WIDTH="15" VPOS="3065" HPOS="755"/>
                  <String HEIGHT="57"
                          WIDTH="120"
                          VPOS="3065"
                          HPOS="710"
                          CONTENT="velm"/>
                  <SP HEIGHT="57" WIDTH="15" VPOS="3065" HPOS="830"/>
                  <String HEIGHT="57"
                          WIDTH="195"
                          VPOS="3065"
                          HPOS="785"
                          CONTENT="opinionem"/>
                  <SP HEIGHT="57" WIDTH="15" VPOS="3065" HPOS="979"/>
                  <String HEIGHT="57"
                          WIDTH="120"
                          VPOS="3065"
                          HPOS="934"
                          CONTENT="quae"/>
                  <SP HEIGHT="57" WIDTH="15" VPOS="3065" HPOS="1054"/>
                  <String HEIGHT="57"
                          WIDTH="225"
                          VPOS="3065"
                          HPOS="1009"
                          CONTENT="scientialis"/>
                  <SP HEIGHT="57" WIDTH="15" VPOS="3065" HPOS="1234"/>
                  <String HEIGHT="57"
                          WIDTH="120"
                          VPOS="3065"
                          HPOS="1189"
                          CONTENT="est,"/>
                  <SP HEIGHT="57" WIDTH="15" VPOS="3065" HPOS="1309"/>
                  <String HEIGHT="57" WIDTH="90" VPOS="3065" HPOS="1264" CONTENT="vt"/>
                  <SP HEIGHT="57" WIDTH="15" VPOS="3065" HPOS="1354"/>
                  <String HEIGHT="57"
                          WIDTH="135"
                          VPOS="3065"
                          HPOS="1309"
                          CONTENT="supra"/>
                  <SP HEIGHT="57" WIDTH="15" VPOS="3065" HPOS="1444"/>
                  <String HEIGHT="57"
                          WIDTH="195"
                          VPOS="3065"
                          HPOS="1399"
                          CONTENT="expositum"/>
                  <SP HEIGHT="57" WIDTH="15" VPOS="3065" HPOS="1594"/>
                  <String HEIGHT="57"
                          WIDTH="120"
                          VPOS="3065"
                          HPOS="1549"
                          CONTENT="est."/>
                  <SP HEIGHT="57" WIDTH="15" VPOS="3065" HPOS="1669"/>
                  <String HEIGHT="57" WIDTH="90" VPOS="3065" HPOS="1624" CONTENT="ET"/>
                  <SP HEIGHT="57" WIDTH="15" VPOS="3065" HPOS="1714"/>
                  <String HEIGHT="57"
                          WIDTH="120"
                          VPOS="3065"
                          HPOS="1669"
                          CONTENT="nota"/>
                  <SP HEIGHT="57" WIDTH="15" VPOS="3065" HPOS="1789"/>
                  <String HEIGHT="57"
                          WIDTH="120"
                          VPOS="3065"
                          HPOS="1744"
                          CONTENT="quod"/>
                  <SP HEIGHT="57" WIDTH="15" VPOS="3065" HPOS="1863"/>
                  <String HEIGHT="57"
                          WIDTH="150"
                          VPOS="3065"
                          HPOS="1818"
                          CONTENT="causam"/>
                  <SP HEIGHT="57" WIDTH="15" VPOS="3065" HPOS="1968"/>
                  <String HEIGHT="57"
                          WIDTH="165"
                          VPOS="3065"
                          HPOS="1923"
                          CONTENT="erroris"/>
                  <SP HEIGHT="57" WIDTH="15" VPOS="3065" HPOS="2088"/>
                  <String HEIGHT="57"
                          WIDTH="180"
                          VPOS="3065"
                          HPOS="2043"
                          CONTENT="hominium"/>
                  <SP HEIGHT="57" WIDTH="15" VPOS="3065" HPOS="2223"/>
                  <String HEIGHT="57"
                          WIDTH="75"
                          VPOS="3065"
                          HPOS="2163"
                          CONTENT="cir"/>
               </TextLine>
               <TextLine ID="r2l55"
                         BASELINE="3198"
                         HEIGHT="75"
                         WIDTH="1773"
                         VPOS="3123"
                         HPOS="462">
                  <String HEIGHT="75"
                          WIDTH="190"
                          VPOS="3123"
                          HPOS="446"
                          CONTENT="camentem"/>
                  <SP HEIGHT="75" WIDTH="16" VPOS="3123" HPOS="636"/>
                  <String HEIGHT="75"
                          WIDTH="222"
                          VPOS="3123"
                          HPOS="589"
                          CONTENT="philosophi"/>
                  <SP HEIGHT="75" WIDTH="16" VPOS="3123" HPOS="810"/>
                  <String HEIGHT="75" WIDTH="95" VPOS="3123" HPOS="763" CONTENT="ex"/>
                  <SP HEIGHT="75" WIDTH="16" VPOS="3123" HPOS="858"/>
                  <String HEIGHT="75"
                          WIDTH="111"
                          VPOS="3123"
                          HPOS="810"
                          CONTENT="hoc"/>
                  <SP HEIGHT="75" WIDTH="16" VPOS="3123" HPOS="921"/>
                  <String HEIGHT="75"
                          WIDTH="127"
                          VPOS="3123"
                          HPOS="874"
                          CONTENT="est:"/>
                  <SP HEIGHT="75" WIDTH="16" VPOS="3123" HPOS="1000"/>
                  <String HEIGHT="75"
                          WIDTH="127"
                          VPOS="3123"
                          HPOS="953"
                          CONTENT="quod"/>
                  <SP HEIGHT="75" WIDTH="16" VPOS="3123" HPOS="1079"/>
                  <String HEIGHT="75"
                          WIDTH="111"
                          VPOS="3123"
                          HPOS="1032"
                          CONTENT="non"/>
                  <SP HEIGHT="75" WIDTH="16" VPOS="3123" HPOS="1143"/>
                  <String HEIGHT="75"
                          WIDTH="222"
                          VPOS="3123"
                          HPOS="1095"
                          CONTENT="distinguit"/>
                  <SP HEIGHT="75" WIDTH="16" VPOS="3123" HPOS="1317"/>
                  <String HEIGHT="75"
                          WIDTH="190"
                          VPOS="3123"
                          HPOS="1269"
                          CONTENT="rationem"/>
                  <SP HEIGHT="75" WIDTH="16" VPOS="3123" HPOS="1459"/>
                  <String HEIGHT="75"
                          WIDTH="142"
                          VPOS="3123"
                          HPOS="1412"
                          CONTENT="penes"/>
                  <SP HEIGHT="75" WIDTH="16" VPOS="3123" HPOS="1554"/>
                  <String HEIGHT="75"
                          WIDTH="142"
                          VPOS="3123"
                          HPOS="1507"
                          CONTENT="illud"/>
                  <SP HEIGHT="75" WIDTH="16" VPOS="3123" HPOS="1649"/>
                  <String HEIGHT="75"
                          WIDTH="127"
                          VPOS="3123"
                          HPOS="1602"
                          CONTENT="quod"/>
                  <SP HEIGHT="75" WIDTH="16" VPOS="3123" HPOS="1728"/>
                  <String HEIGHT="75" WIDTH="95" VPOS="3123" HPOS="1681" CONTENT="in"/>
                  <SP HEIGHT="75" WIDTH="16" VPOS="3123" HPOS="1776"/>
                  <String HEIGHT="75" WIDTH="95" VPOS="3123" HPOS="1728" CONTENT="ea"/>
                  <SP HEIGHT="75" WIDTH="16" VPOS="3123" HPOS="1823"/>
                  <String HEIGHT="75"
                          WIDTH="222"
                          VPOS="3123"
                          HPOS="1776"
                          CONTENT="scientiale"/>
                  <SP HEIGHT="75" WIDTH="16" VPOS="3123" HPOS="1998"/>
                  <String HEIGHT="75"
                          WIDTH="111"
                          VPOS="3123"
                          HPOS="1950"
                          CONTENT="est"/>
                  <SP HEIGHT="75" WIDTH="16" VPOS="3123" HPOS="2061"/>
                  <String HEIGHT="75"
                          WIDTH="206"
                          VPOS="3123"
                          HPOS="2013"
                          CONTENT="pertinens"/>
                  <SP HEIGHT="75" WIDTH="16" VPOS="3123" HPOS="2219"/>
                  <String HEIGHT="75" WIDTH="95" VPOS="3123" HPOS="2172" CONTENT="ad"/>
                  <SP HEIGHT="75" WIDTH="16" VPOS="3123" HPOS="2267"/>
                  <String HEIGHT="75" WIDTH="32" VPOS="3123" HPOS="2203" CONTENT=""/>
               </TextLine>
            </TextBlock>
         </PrintSpace>
      </Page>
   </Layout>
</alto>
