2392 3715
147 279 173 99 diendo.
273 279 94 99 Si
320 279 126 99 vero
398 279 188 99 loquamur
540 279 94 99 de
587 279 267 99 illuminatione
806 279 173 99 secundo
932 279 126 99 modo
1010 279 235 99 principali,
1199 279 110 99 sic
1261 279 110 99 est
1324 279 188 99 dicendum
1465 279 126 99 quod
1544 279 157 99 angeli
1654 279 220 99 inferiores
1810 279 126 99 habent

140 369 83 60 a
173 369 264 60 superioribus
387 369 248 60 illuminari.
585 369 182 60 possunt
717 369 132 60 enim
799 369 182 60 aliquid
932 369 149 60 agere
1031 369 149 60 circa
1130 369 248 60 inferiores:
1328 369 116 60 quo
1394 369 149 60 facto
1493 369 149 60 lumen
1592 369 132 60 quod
1674 369 215 60 illuminat
1839 369 99 60 ad
1872 369 66 60 co

144 415 222 66 gnoscendum
319 415 127 66 alia
398 415 79 66 a
430 415 95 66 se
478 415 238 66 infundatur:
668 415 143 66 quid,
763 415 95 66 vt
811 415 111 66 iam
874 415 159 66 dictum
986 415 127 66 est,
1065 415 159 66 angeli
1176 415 111 66 non
1240 415 175 66 possunt
1367 415 222 66 infundere.
1541 415 95 66 Et
1589 415 111 66 sic
1652 415 143 66 licet
1748 415 111 66 non
1795 415 143 66 possint

141 477 137 62 illo
227 477 171 62 lumine
346 477 240 62 illuminare
535 477 154 62 ipsum
638 477 291 62 principaliter
878 477 257 62 infundendo:
1083 477 137 62 illo
1169 477 154 62 tamen
1272 477 240 62 illuminant
1460 477 188 62 aliquid
1597 477 223 62 operando,
1769 477 120 62 quo
1820 477 120 62 facto

143 525 145 75 lumen
240 525 145 75 illud
336 525 225 75 ifunditur.
513 525 129 75 Quod
594 525 225 75 dupliciter
771 525 145 75 fieri
867 525 177 75 potest:
996 525 113 75 vel
1061 525 129 75 mere
1141 525 225 75 contrarium
1318 525 209 75 impediens
1479 525 209 75 amouendo,
1640 525 113 75 vel
1705 525 113 75 cum
1769 525 113 75 hoc
1817 525 113 75 dispo

145 578 197 72 sitionem
293 578 247 72 necessariam
490 578 230 72 inducendo.
671 578 148 72 Primo
769 578 132 72 modo
852 578 115 72 qui
917 578 148 72 facit
1016 578 214 72 fenestrae
1181 578 197 72 aprturam
1329 578 99 72 in
1378 578 181 72 pariete
1509 578 197 72 amouendo
1657 578 230 72 obstaculum
1822 578 115 72 clau-

143 631 139 70 surae
235 631 232 70 impedientis
421 631 93 70 ne
467 631 185 70 scilicet
606 631 139 70 lumen
699 631 139 70 solis
792 631 155 70 possit
900 631 185 70 infundi:
1039 631 124 70 ille
1116 631 170 70 dicitur
1240 631 139 70 lumen
1332 631 201 70 infundere
1487 631 77 70 &
1518 631 139 70 domum
1611 631 232 70 illuminare.
1796 631 108 70 Per
1842 631 93 70 hunc

143 688 142 61 modum
238 688 127 61 dico
317 688 174 61 angelum
444 688 127 61 vnum
523 688 142 61 alium
618 688 237 61 illuminare.
808 688 127 61 Vnde
887 688 222 61 Augustinus
1061 688 142 61 super
1156 688 142 61 illud
1251 688 174 61 psalmi.
1378 688 174 61 cxviii.
1505 688 95 61 Da
1552 688 127 61 mihi
1631 688 253 61 intellectum,
1821 688 111 61 ostem

148 741 132 70 dens
231 741 198 70 qualiter
380 741 132 70 homo
462 741 248 70 illuminetur
660 741 99 70 ad
710 741 248 70 cognitionem
908 741 264 70 supnaturalem
1123 741 83 70 a
1156 741 116 70 deo
1222 741 198 70 mediante
1371 741 165 70 angelo
1486 741 264 70 illuminante:
1701 741 132 70 quod
1783 741 132 70 idem
1849 741 83 70 est

152 792 101 67 de
203 792 287 67 illuminatione
439 792 169 67 angeli
557 792 236 67 inferioris
742 792 84 67 a
776 792 236 67 superiori:
962 792 135 67 quia
1046 792 253 67 illuminatio
1248 792 118 67 non
1316 792 118 67 sit
1383 792 118 67 per
1451 792 101 67 se
1501 792 101 67 ad
1552 792 253 67 cognitionem
1737 792 186 67 naturalem

146 845 113 61 sed
210 845 306 61 supernaturalem:
468 845 96 61 eo
516 845 129 61 quod
596 845 145 61 talis
693 845 241 61 illuminatio
886 845 289 61 supernaturalis
1127 845 113 61 est
1191 845 80 61 &
1223 845 161 61 lumine
1336 845 289 61 supernaturali,
1577 845 96 61 vt
1625 845 113 61 iam
1690 845 161 61 dictum
1802 845 129 61 est,
1867 845 64 61 di

151 900 116 60 cit
218 900 133 60 sic.
301 900 116 60 Qui
367 900 149 60 dicit
467 900 116 60 deo
533 900 100 60 da
583 900 133 60 mihi
666 900 249 60 intellectum
865 900 100 60 vt
915 900 166 60 discam
1031 900 183 60 mandata
1164 900 133 60 tua,
1247 900 116 60 non
1314 900 166 60 omnino
1430 900 166 60 expers
1546 900 149 60 erat.
1646 900 249 60 Intellectum
1828 900 100 60 dari

158 956 123 63 petit
240 956 95 63 qui
295 956 95 63 iam
349 956 109 63 scit
417 956 218 63 intelligere.
594 956 95 63 Sed
649 956 82 63 si
690 956 136 63 potest
785 956 95 63 hoc
840 956 68 63 &
867 956 150 63 angelus
976 956 150 63 facere,
1085 956 109 63 quid
1153 956 95 63 est
1208 956 109 63 quod
1276 956 109 63 iste
1344 956 109 63 homo
1412 956 68 63 a
1439 956 95 63 deo
1494 956 109 63 sibi
1562 956 136 63 poscit
1657 956 82 63 vt
1698 956 123 63 fiat:
1780 956 68 63 &
1794 956 136 63 respeon-

161 1016 127 64 dens
241 1016 175 64 subdit,
368 1016 127 64 Deus
447 1016 159 64 itaque
559 1016 111 64 per
622 1016 191 64 seipsum,
765 1016 127 64 quia
845 1016 111 64 lux
908 1016 127 64 est,
988 1016 127 64 pias
1067 1016 159 64 mentes
1179 1016 223 64 illuminat,
1354 1016 95 64 vt
1401 1016 159 64 diuina
1513 1016 254 64 intelligant.
1719 1016 95 64 Et
1767 1016 95 64 si
1815 1016 95 64 ad
1847 1016 80 64 hoc

154 1056 200 71 ministerio
311 1056 143 71 vtitur
411 1056 200 71 angelorum,
568 1056 143 71 potest
668 1056 143 71 quidem
768 1056 157 71 aliquid
883 1056 129 71 agere
968 1056 157 71 angelus
1083 1056 86 71 in
1126 1056 143 71 mentem
1226 1056 172 71 hominis,
1354 1056 86 71 vt
1397 1056 143 71 capiat
1497 1056 129 71 lucem
1583 1056 114 71 dei:
1654 1056 71 71 &
1683 1056 100 71 per
1740 1056 114 71 hanc
1797 1056 129 71 intelli

164 1113 116 64 gat:
237 1113 102 64 sed
295 1113 102 64 ita
353 1113 160 64 dicitur
469 1113 218 64 intellectum
644 1113 116 64 dare
716 1113 131 64 homin
803 1113 73 64 &
832 1113 131 64 quasi
919 1113 102 64 (vt
977 1113 102 64 ita
1035 1113 145 64 dicam)
1137 1113 203 64 illuminare
1297 1113 174 64 hominem:
1427 1113 218 64 quemadmodum
1602 1113 160 64 quisque
1718 1113 160 64 dicitur
1819 1113 102 64 lumen

147 1173 131 66 dare
228 1173 147 66 domui
326 1173 114 66 vel
392 1173 229 66 illuminare
572 1173 147 66 domum
670 1173 114 66 cui
735 1173 229 66 fenestram:
915 1173 147 66 facit
1013 1173 114 66 cum
1078 1173 114 66 eam
1144 1173 114 66 non
1209 1173 114 66 sua
1274 1173 131 66 luce
1356 1173 196 66 penetret
1503 1173 82 66 &
1536 1173 229 66 illustret:
1716 1173 114 66 sed
1765 1173 163 66 tantummo

150 1217 161 70 aditum
263 1217 113 70 quo
327 1217 226 70 penetretur
505 1217 145 70 atque
601 1217 242 70 illustretur
795 1217 161 70 apiat.
908 1217 177 70 Secundo
1037 1217 129 70 modo
1118 1217 194 70 medicina
1263 1217 97 70 in
1311 1217 177 70 vitiato
1440 1217 145 70 oculo
1537 1217 177 70 amouens
1666 1217 258 70 aegritudinis
1859 1217 65 70 vi

143 1279 123 72 tium
219 1279 77 72 &
250 1279 200 72 sanitatem
404 1279 184 72 inducens
542 1279 230 72 necessariam
726 1279 92 72 ad
772 1279 107 72 hoc
833 1279 92 72 vt
879 1279 92 72 ab
925 1279 138 72 anima
1017 1279 107 72 vim
1079 1279 184 72 cernendi
1217 1279 200 72 recipiat,
1370 1279 123 72 quae
1447 1279 107 72 est
1509 1279 138 72 sicut
1601 1279 138 72 lumen
1693 1279 138 72 oculi
1770 1279 153 72 naturale

151 1327 114 66 dte
216 1327 163 66 oculum
330 1327 228 66 illuminare
508 1327 130 66 siue
590 1327 146 66 lumen
687 1327 98 66 ei
736 1327 228 66 infundere.
915 1327 114 66 Per
980 1327 130 66 hunc
1061 1327 114 66 est
1126 1327 146 66 modum
1224 1327 130 66 dico
1305 1327 179 66 angelum
1435 1327 130 66 vnum
1517 1327 146 66 alium
1614 1327 244 66 illuminare:
1809 1327 98 66 vt
1842 1327 81 66 non

146 1378 133 68 solum
235 1378 163 68 dicamus
353 1378 163 68 angelum
472 1378 133 68 agere
561 1378 163 68 aliquid
679 1378 89 68 in
724 1378 163 68 angelum
842 1378 118 68 quae
916 1378 133 68 facto
1005 1378 237 68 illuminetur:
1197 1378 74 68 &
1227 1378 104 68 hoc
1286 1378 192 68 remouendo
1434 1378 207 68 prohibens,
1597 1378 104 68 hoc
1656 1378 104 68 est
1701 1378 222 68 dispositionem

148 1439 235 58 contrariam
333 1439 184 58 luminis
467 1439 218 58 infusioni
634 1439 84 58 &
668 1439 235 58 receptioni
852 1439 101 58 in
903 1439 268 58 intellectum:
1120 1439 251 58 quemadmodum
1322 1439 201 58 remouens
1472 1439 101 58 ab
1523 1439 134 58 aere
1607 1439 151 58 fumum
1707 1439 101 58 ei
1741 1439 184 58 conmixtum

147 1486 150 72 facit
247 1486 100 72 vt
297 1486 183 72 clarius
430 1486 266 72 illuminetur:
646 1486 116 72 sed
713 1486 116 72 cum
779 1486 116 72 hoc
846 1486 183 72 dicamus
979 1486 183 72 angelum
1112 1486 133 72 vnum
1195 1486 100 72 in
1245 1486 150 72 alium
1345 1486 166 72 agere,
1461 1486 283 72 dispositionem
1694 1486 233 72 contrariam
1860 1486 67 72 lu

151 1548 152 62 minis
252 1548 101 62 ab
303 1548 236 62 intellectu
488 1548 169 62 angeli
606 1548 236 62 remouendo,
792 1548 84 62 &
826 1548 287 62 dispositionem
1062 1548 236 62 contrariam
1247 1548 253 62 congruentem
1450 1548 186 62 luminis
1585 1548 236 62 receptioni
1753 1548 169 62 inducen-

142 1593 118 64 do:
210 1593 118 64 qua
277 1593 219 64 adiuuatur
445 1593 202 64 quodammo
597 1593 101 64 vt
648 1593 152 64 lumen
749 1593 219 64 recipiat:
917 1593 84 64 &
951 1593 118 64 hoc
1018 1593 253 64 quemadmodum
1220 1593 135 64 ille
1305 1593 118 64 qui
1372 1593 152 64 aerem
1473 1593 168 64 densum
1591 1593 219 64 rarificat
1760 1593 101 64 ad
1793 1593 135 64 susce-

149 1655 188 65 ptionem
285 1655 188 65 luminis
422 1655 222 65 clarioris
592 1655 119 65 eum
660 1655 205 65 quodammo
814 1655 205 65 adiuuat.
967 1655 136 65 Vnde
1053 1655 239 65 Augustinus
1240 1655 136 65 post
1325 1655 153 65 verba
1428 1655 119 65 sua
1496 1655 222 65 praedicta
1666 1655 188 65 subdit.
1803 1655 136 65 Deus
1871 1655 51 65 &

154 1700 158 74 hominis
268 1700 143 74 mentem
369 1700 201 74 rationalem
526 1700 72 74 &
555 1700 258 74 intellectualem
770 1700 129 74 fecit
856 1700 115 74 quae
928 1700 143 74 posset
1028 1700 143 74 capere
1129 1700 129 74 lumen
1215 1700 129 74 eius:
1301 1700 72 74 &
1329 1700 158 74 angelum
1444 1700 129 74 talem
1530 1700 129 74 fecit
1616 1700 100 74 qui
1673 1700 158 74 operari
1788 1700 158 74 aliquid

153 1752 139 64 tale
239 1752 191 64 possit:
378 1752 139 64 vnde
465 1752 104 64 ad
517 1752 226 64 capiendum
691 1752 156 64 lumen
795 1752 121 64 dei
864 1752 139 64 mens
951 1752 260 64 adiuuaretur
1159 1752 191 64 humana:
1298 1752 87 64 &
1333 1752 174 64 eandem
1454 1752 121 64 sic
1524 1752 191 64 adiuuat
1663 1752 174 64 mentem
1784 1752 104 64 vt
1819 1752 104 64 ange

149 1805 136 78 licam
240 1805 181 78 recipiat
376 1805 242 78 operationem:
572 1805 76 78 &
602 1805 106 78 eam
663 1805 106 78 sic
723 1805 166 78 adiuuat
844 1805 91 78 de
890 1805 151 78 seipso
996 1805 91 78 vt
1041 1805 106 78 non
1101 1805 136 78 solum
1192 1805 121 78 quae
1268 1805 76 78 a
1298 1805 181 78 veritate
1434 1805 257 78 modostrantur:
1646 1805 106 78 sed
1706 1805 136 78 ipsam
1797 1805 151 78 quoque

151 1863 232 61 perficiendo
336 1863 217 61 prospiciat
507 1863 217 61 veritatem.
677 1863 93 61 Ad
724 1863 155 61 quorum
832 1863 201 61 ampliorem
987 1863 232 61 intellectum
1173 1863 201 61 sciendum:
1328 1863 108 61 cum
1390 1863 139 61 omnia
1483 1863 232 61 naturaliter
1669 1863 77 61 &
1700 1863 201 61 ordinatim
1855 1863 93 61 in

150 1919 139 57 uicem
242 1919 123 57 sint
319 1919 169 57 comnexa
442 1919 185 57 secundum
581 1919 123 57 quod
658 1919 154 57 tactum
765 1919 108 57 est
827 1919 92 57 ex
873 1919 154 57 dictis
981 1919 185 57 Dionysii
1119 1919 92 57 in
1166 1919 231 57 praecedenti
1350 1919 231 57 quaestione,
1535 1919 123 57 illa
1612 1919 185 57 connexio
1751 1919 108 57 non
1797 1919 123 57 tantum

141 1963 109 64 est
204 1963 250 64 intelligenda
407 1963 187 64 secundum
547 1963 156 64 gradum
656 1963 78 64 &
687 1963 172 64 ordinem
812 1963 218 64 naturarum,
984 1963 94 64 vt
1031 1963 109 64 vbi
1093 1963 172 64 deficit
1218 1963 78 64 &
1249 1963 234 64 consummatur
1436 1963 203 64 perfectio
1592 1963 218 64 inferiorum
1764 1963 109 64 ibi
1811 1963 109 64 inci-

157 2028 115 58 piat
229 2028 72 58 &
257 2028 173 58 procedat
387 2028 86 58 ad
430 2028 144 58 gradum
531 2028 173 58 altiorem
660 2028 187 58 perfectio
804 2028 216 58 superiorum:
977 2028 86 58 vt
1020 2028 101 58 ibi
1078 2028 86 58 in
1121 2028 130 58 parte
1207 2028 187 58 expositum
1351 2028 115 58 est:
1423 2028 101 58 sed
1481 2028 101 58 cum
1538 2028 101 58 hoc
1596 2028 230 58 intelligenda
1783 2028 101 58 est
1826 2028 101 58 prin-

144 2081 194 55 cipalius
289 2081 194 55 secundum
434 2081 145 55 gradu
531 2081 194 55 scilicet
677 2081 81 55 &
709 2081 274 55 influentiarum
935 2081 81 55 &
967 2081 258 55 operationum:
1177 2081 97 55 vt
1226 2081 161 55 semper
1339 2081 194 55 creatura
1484 2081 194 55 inferior
1629 2081 97 55 in
1678 2081 145 55 gradu
1775 2081 81 55 &
1791 2081 129 55 ordine

148 2135 165 62 naturae
268 2135 105 62 quo
328 2135 90 62 ad
373 2135 165 62 aliquid
494 2135 225 62 naturaliter
674 2135 105 62 est
734 2135 90 62 in
779 2135 180 62 potentia
914 2135 180 62 secundum
1050 2135 120 62 quod
1125 2135 180 62 superior
1260 2135 105 62 est
1320 2135 90 62 in
1365 2135 150 62 actum:
1470 2135 105 62 per
1530 2135 120 62 quam
1605 2135 180 62 inferior
1726 2135 195 62 reducibilis

153 2179 101 77 est
210 2179 216 77 naturaliter
383 2179 86 77 de
426 2179 173 77 potentia
556 2179 86 77 ad
599 2179 144 77 actum.
700 2179 86 77 Et
743 2179 115 77 haec
815 2179 101 77 est
873 2179 202 77 influentia
1032 2179 216 77 vniversalis
1205 2179 115 77 quae
1277 2179 159 77 incipit
1392 2179 72 77 a
1421 2179 187 77 principio
1565 2179 144 77 primo:
1666 2179 72 77 &
1694 2179 216 77 protenditur
1853 2179 72 77 gra

143 2234 141 62 datim
237 2234 110 62 per
300 2234 141 62 media
394 2234 141 62 vsque
489 2234 94 62 ad
536 2234 173 62 infimam
661 2234 204 62 creaturam
818 2234 126 62 quae
897 2234 110 62 est
960 2234 173 62 materia
1085 2234 157 62 prima:
1195 2234 126 62 quam
1273 2234 220 62 philosophi
1446 2234 267 62 appellauerunt
1666 2234 188 62 cathenam
1791 2234 126 62 auream

148 2291 107 66 qua
209 2291 184 66 vniuersa
347 2291 92 66 ad
393 2291 168 66 inuicem
515 2291 245 66 connectuntur
714 2291 92 66 ad
760 2291 260 66 constituendum
974 2291 184 66 vniuersi
1112 2291 199 66 vnitatem.
1265 2291 107 66 lta
1326 2291 122 66 quod
1403 2291 92 66 si
1449 2291 184 66 connexio
1586 2291 107 66 per
1648 2291 230 66 influentiam
1816 2291 107 66 talem

144 2346 118 53 non
212 2346 152 53 esset
313 2346 102 53 in
364 2346 220 53 vniuerso,
533 2346 220 53 vniuersum
703 2346 118 53 non
770 2346 152 53 esset
872 2346 135 53 vnum
956 2346 135 53 nisi
1041 2346 169 53 ordine
1159 2346 288 53 aggregatorum,
1396 2346 152 53 sicut
1498 2346 118 53 est
1566 2346 152 53 murus
1667 2346 135 53 vnus
1752 2346 118 53 vel
1803 2346 118 53 lapi-

146 2395 98 66 dum
202 2395 168 66 aceruus.
328 2395 112 66 Vnde
398 2395 126 66 dicit
482 2395 196 66 Augustinus
636 2395 98 66 ii.
692 2395 84 66 de
734 2395 182 66 trinitate
874 2395 168 66 capitulo
1000 2395 84 66 v.
1043 2395 168 66 Voluntas
1169 2395 98 66 dei
1225 2395 84 66 in
1267 2395 196 66 spiritibus
1421 2395 154 66 tamquam
1533 2395 84 66 in
1575 2395 154 66 excelsa
1687 2395 70 66 &
1715 2395 140 66 sancta
1813 2395 70 66 &
1827 2395 98 66 secre

150 2448 98 66 ta
199 2448 131 66 sede
281 2448 229 66 praesidens
461 2448 98 66 in
510 2448 131 66 domo
592 2448 82 66 &
625 2448 164 66 templo
739 2448 131 66 suo,
821 2448 131 66 inde
903 2448 98 66 se
952 2448 213 66 quibusdam
1116 2448 295 66 ordinatissimis
1362 2448 213 66 creaturae
1526 2448 180 66 motibus
1657 2448 147 66 primo
1739 2448 180 66 spiritali

144 2496 116 79 bus
211 2496 166 79 deinde
327 2496 266 79 corporalibus
544 2496 116 79 per
610 2496 166 79 cuncta
726 2496 233 79 diffundit.
909 2496 116 79 Sed
976 2496 249 79 quemadmodum
1176 2496 183 79 corpora
1309 2496 216 79 crassiora
1475 2496 83 79 &
1508 2496 216 79 inferiora
1675 2496 116 79 per
1724 2496 200 79 subtiliora

145 2551 75 73 &
175 2551 210 73 potentiora
340 2551 150 73 ordine
445 2551 150 73 quodam
551 2551 195 73 reguntur:
701 2551 105 73 ita
761 2551 135 73 omnia
851 2551 210 73 corporalia
1016 2551 105 73 per
1077 2551 180 73 spiritum
1212 2551 135 73 vitae
1302 2551 225 73 rationalem,
1482 2551 135 73 atque
1572 2551 180 73 vniuersa
1708 2551 180 73 creatura
1843 2551 105 73 per

154 2604 193 61 creatorem
302 2604 133 61 suum.
391 2604 119 61 HINC
465 2604 133 61 etiam
554 2604 133 61 dicit
643 2604 237 61 philosophus.
836 2604 119 61 xii.
910 2604 237 61 metaphysicae
1103 2604 133 61 Omnia
1192 2604 178 61 ordinata
1325 2604 119 61 sunt
1399 2604 163 61 insimul
1518 2604 148 61 aliquo
1622 2604 89 61 me
1666 2604 178 61 scilicet
1799 2604 104 61 per
1844 2604 74 61 mu-

147 2666 111 70 tuam
216 2666 221 70 dependentiam
396 2666 221 70 influentiae.
576 2666 111 70 Vnde
645 2666 111 70 quia
714 2666 125 70 istam
797 2666 208 70 influentiam
963 2666 97 70 non
1019 2666 166 70 ponebant
1143 2666 194 70 philosophi
1295 2666 111 70 nisi
1365 2666 97 70 per
1420 2666 125 70 motum
1503 2666 194 70 caelestium
1655 2666 180 70 corporum,
1793 2666 111 70 ideo
1849 2666 69 70 se-

145 2716 160 59 cundum
257 2716 177 59 numerum
386 2716 160 59 motuum
498 2716 193 59 ponebant
642 2716 177 59 numerum
771 2716 337 59 intelligentiarum.
1060 2716 96 59 Et
1108 2716 128 59 quod
1188 2716 96 59 si
1236 2716 112 59 qua
1300 2716 144 59 esset
1397 2716 128 59 quae
1477 2716 112 59 non
1541 2716 177 59 moueret
1669 2716 177 59 aliquid
1782 2716 128 59 corpus

143 2765 127 62 illa
222 2765 143 62 esset
318 2765 159 62 otiosa
429 2765 79 62 &
460 2765 190 62 frustra.
603 2765 190 62 secundum
746 2765 127 62 quod
825 2765 159 62 dicit.
936 2765 127 62 xii.
1015 2765 254 62 metaphysica.
1221 2765 254 62 Commentator.
1427 2765 174 62 Angelus
1554 2765 127 62 ergo
1634 2765 190 62 inferior
1776 2765 174 62 quodam-

141 2825 120 64 modo
216 2825 105 64 est
276 2825 90 64 in
321 2825 181 64 potentia
457 2825 75 64 &
487 2825 241 64 imperfectus,
682 2825 226 64 reducibilis
863 2825 90 64 ad
908 2825 135 64 actum
998 2825 105 64 per
1059 2825 196 64 naturalem
1209 2825 226 64 influentiam
1390 2825 211 64 superioris
1555 2825 90 64 in
1600 2825 150 64 ipsum,
1705 2825 105 64 qua
1766 2825 90 64 in
1796 2825 120 64 statum

140 2879 205 58 naturalis
298 2879 253 58 perfectionis
503 2879 190 58 vltimate
646 2879 268 58 constituatur.
867 2879 111 58 CVM
930 2879 158 58 igitur
1040 2879 205 58 perfectio
1198 2879 142 58 omnis
1293 2879 95 58 in
1340 2879 237 58 naturalibus
1530 2879 237 58 creaturarum
1719 2879 111 58 est
1767 2879 142 58 propter

147 2928 115 64 opus
218 2928 129 64 sibi,
305 2928 187 64 proprium:
448 2928 101 64 quo
506 2928 129 64 habet
592 2928 115 64 suam
664 2928 244 64 perfectionem:
865 2928 129 64 solus
951 2928 115 64 enim
1023 2928 115 64 deus
1095 2928 129 64 habet
1181 2928 115 64 suam
1253 2928 230 64 perfectionem
1440 2928 144 64 absque
1540 2928 201 64 operatione
1698 2928 115 64 alia
1770 2928 72 64 a
1785 2928 129 64 substan

146 2987 99 53 tia
202 2987 113 53 sua.
273 2987 170 53 secundum
400 2987 198 53 philosopum
556 2987 71 53 &
584 2987 255 53 Commentatorem.
797 2987 99 53 ii.
853 2987 127 53 caeli
938 2987 71 53 &
966 2987 141 53 mundi:
1065 2987 141 53 vltima
1164 2987 127 53 autem
1249 2987 184 53 perfectio
1391 2987 156 53 propter
1504 2987 113 53 opus
1575 2987 170 53 vltimum:
1702 2987 113 53 opus
1773 2987 127 53 autem
1857 2987 85 53 an

148 3031 123 74 geli
225 3031 201 74 inquantum
379 3031 108 74 est
441 3031 278 74 intellectualis
672 3031 170 74 natura,
796 3031 108 74 est
858 3031 247 74 intelligere:
1058 3031 77 74 &
1089 3031 170 74 vltimum
1212 3031 77 74 &
1243 3031 278 74 perfectissimum
1475 3031 123 74 opus
1552 3031 247 74 intelligendi
1753 3031 108 74 est
1799 3031 108 74 intel

139 3089 156 73 iigere
248 3089 109 73 per
311 3089 171 73 diuinam
435 3089 280 73 illustrationem
669 3089 78 73 &
700 3089 280 73 illuminationem
934 3089 140 73 super
1027 3089 140 73 omnem
1121 3089 156 73 cursum
1230 3089 249 73 intelligendi
1432 3089 156 73 lumine
1541 3089 234 73 intellectus
1728 3089 218 73 naturalis:

144 3140 98 78 per
200 3140 126 78 illam
284 3140 112 78 ergo
354 3140 266 78 influentiamquam
578 3140 154 78 angelus
690 3140 168 78 superior
816 3140 112 78 agit
886 3140 84 78 in
928 3140 196 78 inferiorem
1081 3140 140 78 ipsum,
1179 3140 84 78 vt
1221 3140 140 78 dictum
1319 3140 112 78 est,
1389 3140 84 78 de
1431 3140 168 78 potentia
1557 3140 182 78 reducendo
1697 3140 84 78 in
1739 3140 140 78 actum,
1823 3140 84 78 agit
