2403 3767
455 280 124 97 Qui
526 280 178 97 quidem
651 280 178 97 igitur
775 280 107 97 in
828 280 195 97 omnibus
970 280 266 97 simpliciter
1183 280 320 97 delectabilibus
1450 280 89 97 &
1485 280 231 97 tristibus
1663 280 320 97 ratiocinatiuae
1929 280 249 97 particulae
2107 280 142 97 animae

453 371 228 57 naturalem
629 371 175 57 seruat
751 371 298 57 dominationem:
996 371 105 57 vt
1049 371 158 57 neque
1154 371 105 57 ab
1207 371 123 57 vna
1277 371 280 57 delectatione
1504 371 123 57 vel
1574 371 228 57 tristitia
1750 371 245 57 superetur:
1942 371 140 57 erit
2030 371 175 57 vtique
2135 371 105 57 ille

454 415 253 78 simpliciter
657 415 253 78 temperatus:
860 415 101 78 vt
910 415 152 78 sanam
1012 415 169 78 habens
1130 415 237 78 prudentiam
1316 415 84 78 &
1350 415 237 78 virtutibus
1535 415 186 78 omnibus
1671 415 203 78 ornatus.
1823 415 220 78 Specifice
1992 415 169 78 vtique
2093 415 152 78 dicetur

460 472 256 69 temperatus
661 472 128 69 qui
734 472 220 69 secundum
899 472 183 69 gustum
1027 472 92 69 &
1064 472 183 69 tactum
1192 472 330 69 delectabilibus
1467 472 238 69 nequaquam
1650 472 238 69 subiectus
1833 472 146 69 est.
1924 472 165 69 Quare
2034 472 128 69 hic
2089 472 165 69 Aristo-

451 523 160 78 teles
558 523 284 78 temperantiam
789 523 124 78 non
860 523 249 78 specificam
1056 523 249 78 assumpsit:
1251 523 124 78 sed
1322 523 213 78 conmunem
1482 523 196 78 omnibus
1625 523 267 78 virtutibus.
1838 523 107 78 Et
1891 523 124 78 non
1963 523 160 78 solum
2069 523 107 78 in
2105 523 142 78 tempe-

459 587 188 60 rantia
591 587 207 60 conmune
742 587 94 60 &
779 587 264 60 specificum
986 587 245 60 inuenimus
1175 587 264 60 assumptum:
1382 587 132 60 sed
1457 587 132 60 est
1533 587 132 60 hoc
1608 587 94 60 &
1646 587 113 60 in
1702 587 169 60 aliis
1815 587 245 60 inuenire.
2003 587 226 60 lustitia
2154 587 113 60 enim

465 630 196 75 dicitur
608 630 232 75 specifice
786 630 143 75 quae
875 630 107 75 in
929 630 339 75 conmutationibus
1214 630 250 75 directiua,
1411 630 89 75 &
1446 630 375 75 distributionibus.
1767 630 196 75 Dicitur
1910 630 161 75 autem
2017 630 89 75 &
2035 630 214 75 communiter

464 688 136 67 quae
549 688 221 67 legalitas
719 688 255 67 appellatur,
922 688 187 67 seruans
1058 688 204 67 proprium
1211 688 289 67 vniuscuiusque
1448 688 272 67 particularum
1669 688 187 67 animae,
1805 688 102 67 vt
1856 688 204 67 rationem
2008 688 170 67 quidem
2110 688 136 67 habere

457 740 253 75 passionibus
660 740 236 75 dominantem
845 740 101 75 ex
896 740 169 75 natura
1014 740 253 75 simpliciter
1217 740 236 75 iustitiae.
1402 740 219 75 Similiter
1571 740 152 75 etiam
1672 740 270 75 fortitudinem
1892 740 203 75 qualiter
2043 740 118 75 non
2111 740 169 75 vtique

464 804 135 60 quis
548 804 151 60 dicet
649 804 236 60 communiter
834 804 84 60 &
868 804 202 60 proprie:
1020 804 252 60 Simpliciter
1221 804 135 60 enim
1306 804 101 60 ad
1356 804 151 60 omnes
1457 804 219 60 passiones
1625 804 219 60 viriliter
1794 804 202 60 instare:
1945 804 101 60 vt
1996 804 151 60 nulli
2080 804 168 60 irratio-

469 850 196 65 nabilium
616 850 228 65 succumbat:
795 850 196 65 qualiter
942 850 114 65 non
1007 850 147 65 bonae
1105 850 212 65 audaciae:
1268 850 212 65 Secundum,
1431 850 98 65 vt
1480 850 147 65 sicut
1578 850 196 65 scilicet
1725 850 212 65 quaelibet
1888 850 147 65 trium
1986 850 196 65 moralium
2133 850 114 65 est
2182 850 65 65 ge

466 902 169 67 neralis
589 902 77 67 &
620 902 246 67 particularis
820 902 185 67 secundum
958 902 123 67 quod
1035 902 108 67 iam
1097 902 154 67 patuit
1205 902 108 67 per
1266 902 277 67 Commentatorem:
1497 902 108 67 sic
1559 902 139 67 etiam
1651 902 108 67 est
1713 902 92 67 de
1759 902 216 67 prudentia.
1929 902 185 67 Secundum
2067 902 123 67 hunc
2144 902 139 67 modum

466 952 198 69 duplicem
615 952 149 69 etiam
714 952 116 69 est
781 952 198 69 accipere
929 952 248 69 prudentiam.
1128 952 132 69 Vnam
1210 952 132 69 quae
1293 952 116 69 est
1359 952 149 69 ratio
1458 952 265 69 vniuersalium
1673 952 265 69 principiorum
1888 952 265 69 operandorum,
2087 952 165 69 secundum

469 1008 328 69 ratiocinationem
745 1008 311 69 coniecturando:
1005 1008 138 69 quae
1091 1008 138 69 sunt
1177 1008 104 69 in
1229 1008 225 69 moralibus
1402 1008 173 69 fines.
1523 1008 156 69 Aliam
1627 1008 138 69 quae
1713 1008 121 69 est
1782 1008 328 69 experimentatiua
2042 1008 207 69 particula-

464 1062 143 69 rium
553 1062 285 69 operandorum,
785 1062 143 69 quae
874 1062 143 69 sunt
964 1062 107 69 in
1017 1062 232 69 moralibus
1196 1062 107 69 ea
1249 1062 143 69 quae
1338 1062 143 69 sunt
1427 1062 107 69 ad
1481 1062 178 69 finem.
1606 1062 161 69 Harum
1713 1062 285 69 prudentiarum
1945 1062 250 69 diuisionem
2123 1062 125 69 ponit

470 1120 234 67 philosophus.
661 1120 102 67 vi.
719 1120 190 67 Ethicorum
866 1120 161 67 dicens:
983 1120 117 67 quod
1056 1120 117 67 eius
1129 1120 117 67 haec
1202 1120 102 67 est
1261 1120 88 67 vt
1305 1120 263 67 architectonica
1524 1120 190 67 prudentia
1671 1120 132 67 legis
1758 1120 190 67 positiua:
1905 1120 117 67 haec
1978 1120 132 67 autem
2066 1120 102 67 est
2124 1120 88 67 vt
2154 1120 102 67 circa

474 1175 232 61 singularia
657 1175 182 61 communi
790 1175 166 61 nomine
906 1175 216 61 Politica.
1071 1175 100 61 Et
1121 1175 133 61 sunt
1204 1175 149 61 ambae
1304 1175 133 61 idem
1387 1175 116 61 re:
1453 1175 116 61 sed
1519 1175 133 61 esse
1602 1175 116 61 non
1669 1175 149 61 idem:
1768 1175 133 61 quia
1851 1175 199 61 secundum
2000 1175 166 61 primum
2116 1175 133 61 esse
2183 1175 66 61 de

470 1233 196 53 terminat
617 1233 147 53 fines
715 1233 245 53 virtutibus:
911 1233 82 53 &
944 1233 245 53 vniuersalia
1140 1233 245 53 operandorum
1336 1233 245 53 considerat:
1532 1233 131 53 quod
1614 1233 114 53 est
1679 1233 196 53 proprium
1826 1233 131 53 opus
1908 1233 229 53 prudentiae
2088 1233 196 53 secundum

468 1274 113 56 se.
532 1274 81 56 &
565 1274 193 56 secundum
710 1274 113 56 hoc
774 1274 113 56 est
839 1274 161 56 virtus
951 1274 226 56 specialis.
1129 1274 193 56 Secundum
1274 1274 129 56 vero
1354 1274 129 56 esse
1435 1274 193 56 secundum
1580 1274 258 56 particularia
1790 1274 226 56 determinat
1967 1274 193 56 operanda
2112 1274 145 56 circa
2193 1274 64 56 ma

462 1327 176 75 teriam
586 1327 194 75 aliarum
727 1327 159 75 trium
833 1327 212 75 virtutum
992 1327 229 75 moralium.
1168 1327 106 75 Et
1221 1327 212 75 secundum
1380 1327 124 75 hoc
1450 1327 124 75 est
1521 1327 176 75 virtus
1644 1327 229 75 communis:
1821 1327 88 75 &
1856 1327 124 75 est
1927 1327 159 75 quasi
2033 1327 124 75 ars
2103 1327 141 75 manu
2174 1327 88 75 ope

468 1387 182 64 ratiua
595 1387 237 64 imprimens
777 1387 182 64 formam
905 1387 219 64 rationis
1069 1387 219 64 materiae
1233 1387 182 64 morali
1360 1387 109 64 in
1415 1387 182 64 tribus
1543 1387 164 64 aliis
1652 1387 273 64 virtutibus:
1870 1387 273 64 quemadmodum
2089 1387 128 64 ars
2144 1387 109 64 car-

470 1432 221 71 pentaria
636 1432 148 71 manu
728 1432 240 71 operatiua
912 1432 221 71 imprimit
1078 1432 184 71 formam
1207 1432 166 71 artis
1318 1432 314 71 domificatiuae
1576 1432 351 71 architectonicae
1872 1432 111 71 in
1927 1432 203 71 materia
2075 1432 221 71 lignorum

471 1489 140 71 Vnde
559 1489 140 71 quia
647 1489 193 71 moralis
787 1489 175 71 virtus
909 1489 105 71 ex
962 1489 123 71 hoc
1032 1489 158 71 habet
1137 1489 228 71 perfectam
1312 1489 210 71 rationem
1470 1489 228 71 virtutis:
1645 1489 140 71 ideo
1733 1489 228 71 contingit
1908 1489 140 71 quod
1995 1489 140 71 ista
2065 1489 193 71 prudentia

473 1542 302 69 experimentalis
725 1542 117 69 est
792 1542 235 69 quodammodo
977 1542 151 69 omnis
1077 1542 185 69 virtus.
1212 1542 134 69 Vnde
1295 1542 84 69 &
1329 1542 185 69 propter
1463 1542 117 69 hoc
1530 1542 151 69 dicit
1631 1542 252 69 philosophus
1832 1542 101 69 in
1883 1542 134 69 fine
1967 1542 151 69 sexti
2067 1542 218 69 Ethicorum

469 1597 204 71 Socrates
622 1597 153 71 dixit
725 1597 153 71 omnes
827 1597 204 71 virtutes
980 1597 239 71 prudentias
1168 1597 187 71 quasdam
1304 1597 153 71 esse.
1406 1597 136 71 Sed,
1491 1597 102 71 vt
1542 1597 170 71 dicit,
1662 1597 187 71 errabat
1798 1597 102 71 in
1849 1597 119 71 hoc
1917 1597 136 71 quod
2002 1597 119 71 eas
2054 1597 204 71 prudentias

466 1652 136 67 esse
551 1652 170 67 dixit:
669 1652 186 67 quoniam
805 1652 153 67 autem
907 1652 119 67 non
975 1652 136 67 sunt
1059 1652 136 67 sine
1144 1652 237 67 prudentia,
1331 1652 136 67 bene
1415 1652 203 67 dicebat:
1568 1652 136 67 quia
1653 1652 102 67 vt
1704 1652 170 67 dicit,
1822 1652 119 67 non
1890 1652 153 67 solum
1992 1652 170 67 virtus
2110 1652 119 67 est
2178 1652 119 67 ha-

466 1704 130 75 bitus
552 1704 101 75 qui
610 1704 174 75 secundum
740 1704 145 75 rectam
842 1704 174 75 rationem
972 1704 116 75 est,
1044 1704 188 75 cuiusmoni
1189 1704 101 75 est
1247 1704 188 75 prudentia
1392 1704 174 75 secundum
1522 1704 217 75 operationem
1696 1704 116 75 quam
1768 1704 130 75 habet
1855 1704 174 75 secundum
1985 1704 101 75 se:
2043 1704 101 75 sed
2101 1704 130 75 etiam
2188 1704 101 75 qui

473 1763 118 66 est
541 1763 118 66 cum
608 1763 185 66 ratione
743 1763 168 66 recta,
861 1763 219 66 cuiusmodi
1029 1763 118 66 est
1097 1763 202 66 quilibet
1248 1763 202 66 habituum
1400 1763 185 66 aliorum
1535 1763 202 66 moralium
1686 1763 219 66 inquantum
1855 1763 84 66 a
1888 1763 219 66 prudentia
2040 1763 219 66 regulantur.

488 1816 206 69 SEquitur
642 1816 103 69 de
694 1816 240 69 comnexione
883 1816 189 69 secunda
1020 1816 103 69 ex
1072 1816 155 69 parte
1175 1816 258 69 comnexorum,
1381 1816 206 69 scilicet
1536 1816 155 69 trium
1639 1816 206 69 moralium
1793 1816 206 69 virtutum
1948 1816 120 69 cum
2017 1816 240 69 prudentia.
2188 1816 69 69 Et

473 1856 114 82 hoc
538 1856 114 82 quo
603 1856 98 82 ad
652 1856 196 82 duplicem
799 1856 147 82 modum
897 1856 229 82 prudentiae
1077 1856 245 82 praedictae,
1273 1856 196 82 scilicet
1420 1856 163 82 illius
1534 1856 131 82 quae
1616 1856 114 82 est
1681 1856 245 82 speculatiua
1877 1856 261 82 vniuersalium
2090 1856 196 82 operando

476 1921 110 68 rum
539 1921 174 68 tamquam
666 1921 174 68 finium:
792 1921 79 68 &
823 1921 158 68 illius
934 1921 126 68 quae
1013 1921 110 68 est
1076 1921 300 68 experimentatiua
1328 1921 268 68 particularium
1549 1921 252 68 operandorum:
1754 1921 79 68 &
1786 1921 205 68 directiua
1943 1921 174 68 tamquam
2070 1921 142 68 eorum
2164 1921 126 68 quae

474 1975 150 64 sunt
568 1975 112 64 ad
624 1975 187 64 finem.
755 1975 112 64 De
811 1975 262 64 connexione
1017 1975 206 64 illarum
1167 1975 131 64 cum
1242 1975 243 64 prudentia
1429 1975 318 64 particularium
1691 1975 169 64 simul
1804 1975 94 64 &
1841 1975 112 64 de
1897 1975 262 64 connexione
2084 1975 169 64 pruden-

474 2029 132 67 tiae
556 2029 280 67 particularium
786 2029 115 67 cum
852 2029 165 67 illis,
968 2029 99 67 de
1017 2029 115 67 qua
1083 2029 115 67 iam
1149 2029 181 67 dictum,
1280 2029 148 67 dicit
1379 2029 263 67 philosophus.
1593 2029 115 67 vi.
1659 2029 231 67 Ethicorum.
1840 2029 115 67 Non
1906 2029 115 67 est
1972 2029 214 67 possibile
2137 2029 148 67 bonum

481 2075 134 61 esse
565 2075 285 61 principaliter
800 2075 134 61 sine
884 2075 235 61 prudentia,
1068 2075 151 61 neque
1169 2075 235 61 prudentiam
1353 2075 134 61 sine
1437 2075 168 61 morali
1555 2075 201 61 virtute.
1706 2075 134 61 Quid
1789 2075 218 61 solummodo
1957 2075 235 61 intelligit
2142 2075 101 61 de
2175 2075 84 61 pru

479 2132 164 59 dentia
594 2132 263 59 singularium.
808 2132 197 59 secundum
956 2132 132 59 quod
1038 2132 132 59 alia
1120 2132 230 59 translatio
1301 2132 181 59 loquens
1433 2132 99 59 de
1482 2132 164 59 morali
1597 2132 181 59 virtute
1729 2132 148 59 dicit
1827 2132 132 59 sic.
1910 2132 115 59 Non
1975 2132 115 59 est
2041 2132 214 59 possibile
2189 2132 66 59 vt

473 2185 110 70 sit
536 2185 157 70 absque
646 2185 219 70 prudentia:
818 2185 141 70 sicut
912 2185 110 70 non
975 2185 110 70 est
1038 2185 204 70 possibile
1194 2185 94 70 vt
1241 2185 204 70 prudentia
1398 2185 110 70 sit
1461 2185 188 70 secundum
1602 2185 125 70 quod
1680 2185 110 70 est
1743 2185 204 70 operatiua
1900 2185 157 70 absque
2009 2185 172 70 virtute
2119 2185 141 70 morali.

471 2246 140 58 Cuius
565 2246 140 58 ratio
659 2246 109 58 est
721 2246 187 58 secundum
861 2246 218 58 philosopum
1033 2246 140 58 parum
1126 2246 156 58 supra:
1235 2246 172 58 quoniam
1360 2246 187 58 scilicet
1501 2246 156 58 virtus
1610 2246 172 58 dirigit
1734 2246 234 58 intentionem
1922 2246 94 58 in
1968 2246 140 58 finem
2062 2246 140 58 bonum
2155 2246 94 58 ex
2187 2246 62 58 mo

474 2293 117 68 rum
541 2293 285 68 melioratione.
776 2293 168 68 Qualis
893 2293 134 68 enim
977 2293 251 68 vnusquisque
1178 2293 117 68 est
1245 2293 151 68 talem
1346 2293 134 68 sibi
1430 2293 151 68 finem
1530 2293 218 68 proponit,
1698 2293 101 68 vt
1748 2293 151 68 dicit
1849 2293 101 68 in
1899 2293 134 68 iii.
1983 2293 218 68 Prudentia
2134 2293 117 68 autem

483 2351 248 66 determinat
678 2351 266 66 operationes
891 2351 106 66 ad
944 2351 160 66 fines
1051 2351 266 66 dirigendas.
1264 2351 106 66 Et
1317 2351 124 66 sic
1388 2351 177 66 virtus
1512 2351 195 66 indiget
1654 2351 231 66 prudentia
1831 2351 106 66 ne
1885 2351 160 66 fines
1991 2351 142 66 vani
2080 2351 142 66 sint
2151 2351 106 66 quos

482 2400 247 71 praestituit,
682 2400 123 71 nisi
759 2400 185 71 operetur
898 2400 93 71 ad
944 2400 154 71 finem.
1052 2400 139 71 Sicut
1145 2400 93 71 in
1191 2400 139 71 vanum
1283 2400 139 71 finis
1376 2400 216 71 proponitur
1546 2400 231 71 sagittariis
1731 2400 123 71 nisi
1808 2400 123 71 bene
1885 2400 216 71 sagittent.
2055 2400 108 71 Non
2116 2400 123 71 enim
2178 2400 77 71 sus

475 2465 162 62 ficit
583 2465 126 62 per
655 2465 198 62 habitum
798 2465 216 62 virtutis
960 2465 198 62 moralis
1104 2465 251 62 inclinatio
1301 2465 108 62 in
1355 2465 180 62 bonum:
1481 2465 126 62 sed
1553 2465 251 62 requiritur
1750 2465 287 62 determinatio
1984 2465 126 62 per
2037 2465 216 62 prudentiam

481 2513 195 69 actionum
627 2513 97 69 vt
676 2513 97 69 in
724 2513 146 69 finem
822 2513 276 69 dirigendarum.
1049 2513 211 69 Prudentia
1212 2513 130 69 ergo
1293 2513 179 69 indiget
1423 2513 195 69 virtute:
1569 2513 130 69 quia
1650 2513 162 69 aliter
1764 2513 114 69 non
1829 2513 162 69 sciret
1942 2513 162 69 qualia
2056 2513 146 69 opera
2154 2513 97 69 in
2186 2513 65 69 fi

485 2568 132 64 nem
560 2568 244 64 dirigenda
748 2568 320 64 determinaret.
1012 2568 113 64 Et
1068 2568 132 64 hoc
1143 2568 282 64 quemadmodum
1369 2568 113 64 in
1426 2568 301 64 speculatiuis
1670 2568 301 64 conclusiones
1914 2568 169 64 sciri
2027 2568 132 64 non
2084 2568 169 64 possunt

487 2623 135 62 nisi
571 2623 118 62 per
639 2623 235 62 principia.
824 2623 101 62 In
874 2623 219 62 moralibus
1042 2623 135 62 enim
1126 2623 151 62 fines
1227 2623 101 62 se
1278 2623 168 62 habent
1395 2623 151 62 sicut
1496 2623 219 62 principia
1664 2623 320 62 speculatiuorum:
1933 2623 151 62 sicut
2018 2623 235 62 conclusiones

483 2676 129 64 vero
563 2676 97 64 ea
612 2676 129 64 quae
692 2676 129 64 sunt
773 2676 97 64 ad
821 2676 145 64 finem
918 2676 209 64 ordinata.
1079 2676 113 64 SED
1143 2676 113 64 est
1208 2676 258 64 aduertendum:
1417 2676 129 64 quod
1498 2676 193 64 virtutes
1643 2676 177 64 morales
1772 2676 258 64 praestituant
1981 2676 145 64 finem
2062 2676 193 64 prudentiae

483 2728 101 67 vt
534 2728 320 67 experimentatiua
803 2728 118 67 est
870 2728 303 67 particularium:
1122 2728 118 67 hoc
1190 2728 118 67 non
1257 2728 202 67 conuenit
1408 2728 118 67 eis
1475 2728 118 67 per
1543 2728 101 67 se
1593 2728 151 67 primo
1694 2728 84 67 &
1728 2728 202 67 directe,
1879 2728 118 67 sed
1946 2728 235 67 prudentiae
2131 2728 101 67 vt
2165 2728 84 67 vni

482 2779 208 74 uersalium
642 2779 272 74 consideratiua
866 2779 128 74 est:
947 2779 128 74 quae
1027 2779 112 74 per
1091 2779 96 74 se
1139 2779 80 74 &
1171 2779 176 74 directe
1299 2779 224 74 constituit
1475 2779 144 74 finem
1571 2779 144 74 ipsis
1667 2779 224 74 moralibus:
1844 2779 128 74 immo
1924 2779 160 74 potius
2036 2779 224 74 voluntati:
2196 2779 64 74 li

489 2833 115 68 cet
554 2833 115 68 sub
620 2833 131 68 esse
702 2833 246 68 incompleto,
899 2833 148 68 cuius
997 2833 181 68 actibus
1129 2833 197 68 virtutes
1276 2833 131 68 sunt
1358 2833 98 68 in
1408 2833 131 68 ipsa
1490 2833 246 68 generandae.
1687 2833 115 68 Sed
1752 2833 115 68 cum
1818 2833 181 68 aliquid
1949 2833 98 68 de
1998 2833 148 68 ipsis
2080 2833 181 68 generatum

487 2884 108 60 est
548 2884 92 60 in
594 2884 216 60 voluntate,
764 2884 169 60 firmant
887 2884 92 60 in
933 2884 200 60 prudentia
1087 2884 216 60 vniuersali
1257 2884 92 60 id
1303 2884 123 60 quod
1380 2884 200 60 voluntati
1534 2884 246 60 praestituit.
1734 2884 92 60 Et
1780 2884 108 60 per
1842 2884 108 60 hoc
1904 2884 246 60 praestituunt
2089 2884 169 60 prudentae

490 2944 295 66 experimentali
732 2944 156 66 ipsum
836 2944 156 66 finem
940 2944 104 66 ad
992 2944 139 66 quem
1079 2944 260 66 operationes
1287 2944 173 66 debent
1409 2944 225 66 dirigere:
1582 2944 139 66 quem
1669 2944 156 66 tamen
1773 2944 277 66 principalius
1998 2944 139 66 ipsa
2067 2944 191 66 prudentia

491 2994 245 71 vniuersalium
689 2994 229 71 praestituit
873 2994 183 71 sibiipsi
1010 2994 199 71 inquantum
1163 2994 107 71 est
1224 2994 290 71 experimentatiua
1469 2994 275 71 particularium:
1698 2994 122 71 quem
1775 2994 138 71 solum
1867 2994 92 71 ei
1912 2994 168 71 moralis
2035 2994 153 71 virtus
2126 2994 138 71 praesti

490 3049 134 70 tuit
574 3049 218 70 inquantum
741 3049 151 70 ipsum
842 3049 100 70 in
892 3049 218 70 prudentia
1060 3049 234 70 vniuersali
1244 3049 201 70 firmat,.
1394 3049 251 70 quemadmodum
1595 3049 151 70 etiam
1696 3049 234 70 econtrario
1880 3049 184 70 malitia
2014 3049 184 70 virtuti
2131 3049 134 70 morali

499 3099 200 72 contraria
652 3099 123 72 vera
729 3099 261 72 aestimationem
944 3099 138 72 finis
1036 3099 123 72 quem
1113 3099 230 72 praestituit
1297 3099 200 72 prudentia
1451 3099 215 72 corrumpit.
1620 3099 184 72 secundum
1758 3099 123 72 quod
1835 3099 123 72 haec
1912 3099 108 72 iam
1973 3099 169 72 amplius
2081 3099 184 72 declarabum

495 3164 113 79 tur
559 3164 97 79 in
608 3164 274 79 prosequendis.
833 3164 97 79 DE
882 3164 226 79 connexione
1059 3164 129 79 vero
1139 3164 193 79 moralium
1284 3164 193 79 virtutum
1429 3164 113 79 cum
1494 3164 209 79 prudentia
1655 3164 274 79 vniuersalium,
1880 3164 145 79 dicit
1977 3164 242 79 philosophus
2154 3164 113 79 sexto
