2404 3717
98 307 133 94 ideo
181 307 116 94 non
248 307 116 94 est
314 307 149 94 prauo
414 307 199 94 prauius,
563 307 249 94 distortoque
762 307 249 94 distortius.
962 307 100 94 Si
1011 307 149 94 autem
1111 307 149 94 (quod
1210 307 133 94 puto
1293 307 133 94 esse
1376 307 183 94 verius,
1509 307 216 94 sacrisque
1675 307 183 94 literis
1791 307 100 94 con-

101 395 258 64 gruentius)
303 395 129 64 ita
377 395 147 64 sunt
469 395 184 64 animae
598 395 295 64 intentiones,
838 395 111 64 vt
893 395 221 64 corporis
1059 395 203 64 membra:
1206 395 111 64 et
1261 395 184 64 illius
1390 395 276 64 illuminatur
1612 395 166 64 aliud
1704 395 184 64 amplius,

107 448 155 50 aliud
210 448 172 50 minus,
331 448 155 50 aliud
434 448 172 50 omnino
555 448 155 50 caret
658 448 190 50 lumine:
796 448 207 50 profecto
951 448 121 50 ita
1020 448 103 50 vt
1072 448 293 50 illustratione
1313 448 138 50 piae
1399 448 241 50 charitatis
1589 448 207 50 affectus
1744 448 121 50 est
1813 448 103 50 in

108 489 125 62 alio
186 489 156 62 magis,
295 489 93 62 in
342 489 125 62 alio
420 489 156 62 minus,
529 489 93 62 in
575 489 125 62 alio
653 489 156 62 nihil:
762 489 109 62 sic
824 489 171 62 incipit
949 489 78 62 &
980 489 156 62 habene
1089 489 156 62 aliam,
1198 489 78 62 &
1229 489 140 62 aliam
1323 489 109 62 non
1385 489 171 62 habere:
1509 489 140 62 alius
1603 489 140 62 magis
1696 489 140 62 alius
1774 489 109 62 minus

106 542 178 66 habere
231 542 232 66 virtutem.
409 542 125 66 Nam
480 542 89 66 &
516 542 160 66 maior
623 542 125 66 est
694 542 107 66 in
747 542 142 66 isto
836 542 214 66 charitas
997 542 142 66 quam
1086 542 107 66 in
1139 542 160 66 illo,
1246 542 160 66 recte
1353 542 214 66 possumus
1513 542 196 66 dicere:
1655 542 89 66 &
1691 542 178 66 aliqua
1816 542 107 66 in

108 606 144 55 isto:
204 606 144 55 nulla
300 606 96 55 in
348 606 144 55 illo,
445 606 80 55 &
477 606 96 55 in
525 606 128 55 isto
605 606 128 55 ipso
685 606 112 55 vno
749 606 176 55 homine,
877 606 96 55 vt
925 606 176 55 maiorem
1054 606 160 55 habeat
1166 606 224 55 pudicitiam
1342 606 128 55 quam
1422 606 240 55 patientiam:
1615 606 96 55 et
1663 606 144 55 adhuc
1759 606 112 55 non
1823 606 96 55 ha

110 649 134 62 beat
194 649 284 62 continentiam:
428 649 84 62 &
461 649 167 62 habeat
578 649 117 62 non
645 649 167 62 paruam
762 649 301 62 misericordiam.
1012 649 134 62 Ecce
1096 649 134 62 quod
1179 649 117 62 non
1246 649 150 62 solum
1346 649 150 62 negat
1447 649 200 62 virtutes
1597 649 134 62 esse
1681 649 150 62 pares
1781 649 100 62 in
1814 649 67 62 eo

108 700 135 70 dim:
193 700 118 70 sed
260 700 152 70 etiam
362 700 135 70 quod
446 700 186 70 necesse
581 700 118 70 sit
649 700 118 70 eas
716 700 135 70 esse
801 700 152 70 simul
902 700 84 70 &
936 700 220 70 connexas.
1105 700 118 70 Sed
1172 700 203 70 vtrumque
1324 700 152 70 horum
1426 700 287 70 intelligendum
1662 700 118 70 est
1713 700 169 70 secundum

111 766 143 57 modum
206 766 143 57 supra
302 766 222 57 expositum.
476 766 159 57 Dictum
588 766 127 57 ergo
667 766 127 57 suum
746 766 222 57 Augustinus
921 766 95 57 in
969 766 143 57 sexto
1064 766 95 57 de
1112 766 222 57 trinitate.
1286 766 111 57 non
1350 766 222 57 intelligit
1525 766 111 57 sic
1588 766 127 57 quod
1668 766 206 57 quicumque
1826 766 95 57 ha

104 816 141 58 bent
192 816 141 58 vnam
280 816 211 58 virtutem
439 816 211 58 aequalem
597 816 176 58 habent
720 816 158 58 omnes
826 816 211 58 aequales
984 816 106 58 vt
1037 816 211 58 singulae
1196 816 106 58 in
1248 816 158 58 eodem
1354 816 141 58 sint
1442 816 211 58 aequales
1600 816 158 58 inter
1706 816 123 58 se:
1776 816 141 58 quia

110 863 114 63 hoc
175 863 147 63 alibi
273 863 147 63 negat
371 863 180 63 aperte:
501 863 114 63 sed
567 863 131 63 quod
648 863 196 63 singulae
795 863 98 63 in
844 863 114 63 vno
910 863 131 63 sint
991 863 196 63 aequales
1138 863 196 63 singulis
1285 863 114 63 sui
1350 863 180 63 generis
1481 863 131 63 quae
1563 863 131 63 sunt
1644 863 98 63 in
1693 863 147 63 alio,
1775 863 114 63 licet

112 918 203 66 singulae
264 918 236 66 diuersorum
450 918 186 66 generum
585 918 118 66 non
652 918 135 66 sunt
737 918 203 66 aequales
889 918 152 66 inter
990 918 118 66 se,
1058 918 152 66 neque
1159 918 101 66 in
1210 918 135 66 vno,
1294 918 152 66 neque
1395 918 101 66 in
1446 918 186 66 altero.
1581 918 118 66 Hoc
1649 918 135 66 enim
1733 918 135 66 modo
1801 918 84 66 si-

108 976 131 60 cut
183 976 168 60 dicit
295 976 93 60 &
332 976 168 60 bene,
444 976 205 60 necesse
593 976 131 60 est
668 976 112 60 vt
724 976 131 60 qui
799 976 187 60 habent
929 976 149 60 vnam
1023 976 224 60 virtutem
1191 976 261 60 aequaliter
1396 976 149 60 puta
1489 976 299 60 fortitudinem
1713 976 168 60 habeant

115 1022 156 69 omnes
219 1022 156 69 alias
323 1022 226 69 aequales:
497 1022 122 69 non
566 1022 156 69 eorum
670 1022 278 69 fortitudini:
896 1022 104 69 et
948 1022 122 69 per
1018 1022 122 69 hoc
1087 1022 191 69 habeant
1226 1022 122 69 eas
1296 1022 208 69 aequales
1452 1022 156 69 inter
1556 1022 104 69 se
1608 1022 208 69 secundum
1747 1022 139 69 primum

115 1076 166 67 modum:
231 1076 116 67 sed
298 1076 133 67 sibi
380 1076 182 67 inuicem
513 1076 199 67 singulas
662 1076 199 67 singulis
811 1076 116 67 sui
877 1076 182 67 generis
1010 1076 199 67 secundum
1159 1076 149 67 modum
1258 1076 215 67 secundum.
1424 1076 166 67 Potest
1540 1076 133 67 enim
1623 1076 99 67 in
1673 1076 116 67 vno
1722 1076 166 67 fortitu-

122 1130 90 63 do
167 1130 120 63 esse
242 1130 134 63 maior
331 1130 120 63 quam
406 1130 105 63 sit
466 1130 105 63 sua
525 1130 239 63 temperantia,
720 1130 75 63 &
750 1130 90 63 de
794 1130 194 63 similiter
944 1130 120 63 quam
1018 1130 105 63 sit
1078 1130 105 63 sua
1138 1130 194 63 iustitia.
1287 1130 90 63 Et
1332 1130 120 63 ideo
1407 1130 149 63 siquis
1511 1130 179 63 aequalis
1646 1130 105 63 est
1706 1130 120 63 illi
1780 1130 90 63 in
1810 1130 75 63 for

113 1195 214 55 titudine,
277 1195 115 55 non
343 1195 115 55 est
409 1195 181 55 necesse
540 1195 115 55 sic
606 1195 115 55 eum
672 1195 132 55 esse
754 1195 132 55 illi
836 1195 197 55 aequalem
984 1195 99 55 in
1034 1195 164 55 aliis,
1149 1195 99 55 vt
1198 1195 132 55 ille
1280 1195 148 55 aliae
1379 1195 132 55 sint
1461 1195 197 55 aequales
1609 1195 263 55 fortitudini.
1807 1195 82 55 hoc

109 1237 143 70 enim
199 1237 232 70 solummodo
377 1237 161 70 verum
485 1237 125 70 est
556 1237 107 70 de
610 1237 250 70 prudentia:
806 1237 143 70 quia
896 1237 143 70 ipsa
985 1237 161 70 prout
1092 1237 161 70 habet
1200 1237 143 70 esse
1289 1237 161 70 circa
1396 1237 215 70 materiam
1557 1237 215 70 cuiusque
1700 1237 179 70 virtutis

107 1299 234 60 necessario
291 1299 100 60 ei
342 1299 285 60 aequiparatur,
576 1299 100 60 vt
626 1299 167 60 dictum
743 1299 134 60 est.
827 1299 117 60 Sed
894 1299 100 60 si
944 1299 117 60 non
1011 1299 117 60 sit
1078 1299 100 60 ei
1129 1299 201 60 aequalis
1279 1299 100 60 in
1329 1299 151 60 aliis
1430 1299 201 60 secundum
1581 1299 151 60 illum
1681 1299 167 60 modum,
1782 1299 100 60 tunc

105 1350 174 64 necesse
232 1350 111 64 est
295 1350 127 64 quod
374 1350 111 64 sit
437 1350 95 64 ei
485 1350 190 64 aequalis
627 1350 95 64 in
675 1350 142 64 illis
770 1350 190 64 secundum
912 1350 142 64 alium
1007 1350 158 64 modum:
1118 1350 190 64 scilicet
1260 1350 95 64 vt
1307 1350 190 64 singulae
1450 1350 95 64 in
1497 1350 111 64 vno
1561 1350 127 64 sint
1640 1350 190 64 aequales
1766 1350 111 64 singu

105 1400 128 64 lis
178 1400 128 64 sui
251 1400 201 64 generis
397 1400 110 64 in
452 1400 165 64 alio:
562 1400 110 64 vt
617 1400 220 64 aequalem
782 1400 293 64 proportionem
1019 1400 220 64 secundum
1184 1400 220 64 excedens
1349 1400 91 64 &
1385 1400 220 64 excessum
1550 1400 201 64 habeant
1696 1400 110 64 in
1751 1400 128 64 vno
1806 1400 73 64 si

111 1451 123 61 cut
182 1451 88 61 &
217 1451 105 61 in
269 1451 158 61 alio:
374 1451 105 61 et
427 1451 123 61 sic
497 1451 123 61 sit
567 1451 105 61 in
620 1451 123 61 eis
690 1451 245 61 aequalitas
882 1451 210 61 virtutum
1040 1451 210 61 secundum
1198 1451 280 61 proportionem
1425 1451 280 61 geometricam,
1653 1451 140 61 etsi
1741 1451 123 61 non
1793 1451 88 61 sit

111 1511 228 62 secundum
282 1511 304 62 arithmeticam
529 1511 323 62 proportionem.
795 1511 171 62 Cuius
909 1511 266 62 necessitas
1119 1511 171 62 patet
1233 1511 152 62 sic.
1328 1511 266 62 Aequalitas
1537 1511 152 62 enim
1632 1511 228 62 virtutum
1784 1511 95 62 con

105 1555 177 62 sistit
229 1555 106 62 in
283 1555 160 62 earum
389 1555 266 62 magnitudine
602 1555 231 62 spetiali:
780 1555 142 62 quae
868 1555 160 62 circa
975 1555 231 62 quamlibet
1152 1555 213 62 virtutum
1312 1555 248 62 comnexarum
1507 1555 106 62 in
1561 1555 177 62 duobus
1667 1555 213 62 consistit.

115 1610 101 66 Et
166 1610 101 66 in
216 1610 235 66 quantitate
400 1610 201 66 habitus:
551 1610 201 66 secundum
702 1610 134 66 quod
786 1610 117 66 vna
853 1610 201 66 iustitia
1005 1610 185 66 dicitur
1139 1610 151 66 maior
1239 1610 134 66 alia
1323 1610 101 66 in
1374 1610 117 66 sua
1441 1610 218 66 essentia:
1609 1610 101 66 et
1659 1610 101 66 ob
1709 1610 117 66 hoc
1776 1610 134 66 vnus

111 1668 163 62 magis
220 1668 181 62 iustus
346 1668 163 62 alio,
455 1668 109 62 vt
510 1668 326 62 determinauimus
781 1668 163 62 alibi
890 1668 109 62 de
945 1668 163 62 magis
1053 1668 91 62 &
1090 1668 181 62 minus.
1216 1668 109 62 Et
1271 1668 163 62 etiam
1380 1668 236 62 consistit
1561 1668 109 62 in
1615 1668 181 62 vigore
1724 1668 163 62 roboris

106 1715 220 66 firmiter
271 1715 275 66 persistendi
490 1715 110 66 in
545 1715 128 66 suo
618 1715 165 66 fine,
728 1715 110 66 ne
783 1715 238 66 permittat
966 1715 201 66 hominem
1113 1715 238 66 declinare
1296 1715 110 66 in
1351 1715 256 66 contrarium
1552 1715 201 66 vitium.
1699 1715 147 66 Quem
1772 1715 110 66 vigo

100 1779 130 58 rem
175 1779 167 58 habet
286 1779 130 58 non
360 1779 167 58 solum
471 1779 93 58 a
508 1779 185 58 natura
638 1779 93 58 &
675 1779 259 58 quantitate
879 1779 222 58 habitus,
1045 1779 130 58 sed
1119 1779 167 58 etiam
1231 1779 111 58 ab
1286 1779 167 58 aliis
1397 1779 259 58 virtutibus
1601 1779 130 58 eam
1657 1779 222 58 fulcienti-

105 1825 149 59 bus:
198 1825 223 59 secundum
366 1825 149 59 quod
459 1825 167 59 supra
571 1825 242 59 expositum
757 1825 130 59 est
831 1825 112 59 in
887 1825 167 59 primo
999 1825 149 59 modo
1092 1825 298 59 connexionis.
1334 1825 112 59 Si
1390 1825 186 59 igitur
1520 1825 186 59 aliqui
1650 1825 130 59 duo
1706 1825 186 59 aequales

108 1877 137 68 sint
193 1877 102 68 in
244 1877 119 68 vna
313 1877 205 68 virtute,
466 1877 137 68 puta
552 1877 102 68 in
603 1877 273 68 fortitudine,
825 1877 119 68 non
893 1877 119 68 est
961 1877 205 68 perfecta
1115 1877 239 68 aequalitas
1303 1877 154 68 earum
1405 1877 102 68 in
1456 1877 256 68 fortitudine
1661 1877 137 68 nisi
1746 1877 119 68 cum
1798 1877 85 68 hoc

112 1941 147 58 quod
203 1941 129 58 est
277 1941 257 58 aequalitas
479 1941 220 58 secundum
644 1941 276 58 substantiam
865 1941 92 58 &
901 1941 239 58 essentiam
1085 1941 202 58 habitus
1232 1941 110 58 in
1287 1941 276 58 fortitudine
1508 1941 165 58 huius
1618 1941 92 58 &
1655 1941 202 58 illius,
1783 1941 92 58 sit

106 1988 256 62 aequalitas
307 1988 201 62 illarum
453 1988 292 62 fortitudinum
690 1988 110 62 in
745 1988 183 62 vigore
873 1988 201 62 roboris
1019 1988 110 62 ad
1074 1988 292 62 persistendum
1312 1988 110 62 in
1366 1988 128 62 suo
1440 1988 164 62 fine.
1549 1988 146 62 Quem
1640 1988 164 62 tamen
1750 1988 128 62 non
1805 1988 73 62 so

108 2037 115 67 lum
173 2037 164 67 habent
288 2037 82 67 a
321 2037 230 67 substantia
502 2037 214 67 habituum:
666 2037 115 67 qui
732 2037 197 67 secundum
880 2037 131 67 quod
962 2037 115 67 est
1028 2037 99 67 ab
1077 2037 230 67 habitibus,
1258 2037 230 67 necessario
1438 2037 197 67 aequalis
1586 2037 115 67 est
1652 2037 99 67 in
1701 2037 131 67 eis:
1767 2037 115 67 sicut

106 2097 219 59 aequales
270 2097 146 59 sunt
361 2097 91 59 &
398 2097 219 59 habitus:
562 2097 128 59 sed
635 2097 164 59 etiam
744 2097 109 59 ex
799 2097 182 59 vigore
927 2097 201 59 aliarum
1072 2097 219 59 virtutum
1237 2097 274 59 fulcientium
1455 2097 146 59 eas:
1547 2097 128 59 qui
1620 2097 219 59 secundum
1766 2097 109 59 quod

114 2145 125 64 est
186 2145 107 64 ab
239 2145 179 64 illis,
364 2145 196 64 necesse
507 2145 125 64 est
578 2145 143 64 esse
668 2145 214 64 aequalem
828 2145 107 64 in
882 2145 214 64 ambobus.
1043 2145 161 64 Vigor
1150 2145 161 64 autem
1257 2145 232 64 huiusmodi
1436 2145 125 64 non
1507 2145 125 64 est
1578 2145 89 64 a
1614 2145 250 64 virtutibus
1793 2145 89 64 ful

119 2195 218 63 cientibus
287 2195 134 63 nisi
371 2195 101 63 ex
421 2195 235 63 substantia
605 2195 201 63 habituum
756 2195 184 63 suorum.
890 2195 201 63 Aequalis
1041 2195 151 63 autem
1142 2195 151 63 vigor
1242 2195 184 63 necesse
1376 2195 117 63 est
1443 2195 101 63 ab
1494 2195 184 63 aequali
1628 2195 184 63 habitu.
1762 2195 101 63 Si
1795 2195 84 63 er-

106 2249 106 77 go
159 2249 141 77 sunt
247 2249 211 77 aequales
405 2249 106 77 in
458 2249 264 77 fortitudine
669 2249 123 77 quo
740 2249 106 77 ad
792 2249 193 77 vigorem
933 2249 88 77 &
968 2249 264 77 substantiam
1179 2249 211 77 habitus:
1338 2249 193 77 oportet
1478 2249 141 77 quod
1566 2249 141 77 sint
1654 2249 211 77 aequales
1813 2249 106 77 in

110 2314 161 65 aliis
218 2314 233 65 habitibus
397 2314 287 65 fulcientibus
630 2314 125 65 eam
701 2314 90 65 &
737 2314 125 65 quo
809 2314 108 65 ad
863 2314 215 65 vigorem,
1024 2314 90 65 &
1060 2314 125 65 quo
1131 2314 108 65 ad
1185 2314 269 65 substantiam
1400 2314 233 65 habituum.
1579 2314 161 65 Quare
1687 2314 125 65 cum
1741 2314 143 65 huius-

111 2357 136 69 modi
196 2357 238 69 aequalitas
383 2357 119 69 non
451 2357 170 69 potest
570 2357 136 69 esse
655 2357 136 69 nisi
740 2357 255 69 dupliciter:
944 2357 204 69 scilicet
1098 2357 153 69 primo
1200 2357 136 69 modo
1285 2357 204 69 secundum
1438 2357 272 69 aequalitatem
1642 2357 238 69 arithmeticam

117 2415 104 62 et
169 2415 190 62 secundo
307 2415 138 62 modo
393 2415 207 62 secundum
549 2415 276 62 aequalitatem
773 2415 276 62 geometricam:
998 2415 121 62 non
1067 2415 138 62 enim
1153 2415 138 62 sunt
1240 2415 173 62 plures
1361 2415 138 62 modi
1447 2415 276 62 aequalitatum
1672 2415 121 62 vel
1724 2415 155 62 propor-

118 2468 158 62 tionum
229 2468 95 62 in
276 2468 173 62 genere:
402 2468 95 62 si
449 2468 126 62 ergo
528 2468 110 62 non
591 2468 126 62 sunt
670 2468 189 62 aequales
812 2468 95 62 in
859 2468 142 62 aliis
954 2468 142 62 primo
1048 2468 142 62 modo:
1143 2468 173 62 necesse
1269 2468 110 62 est
1332 2468 126 62 quod
1411 2468 126 62 sint
1490 2468 189 62 aequales
1632 2468 95 62 in
1679 2468 110 62 eis
1742 2468 173 62 secundo

109 2528 158 57 modo.
215 2528 140 57 Vnde
303 2528 105 57 si
355 2528 176 57 aliqui
478 2528 123 57 non
548 2528 176 57 essent
671 2528 211 57 aequales
829 2528 105 57 in
882 2528 281 57 temperantia,
1110 2528 158 57 nullo
1216 2528 140 57 modo
1304 2528 211 57 secundum
1462 2528 193 57 vigorem
1602 2528 193 57 roboris
1725 2528 158 57 possent

121 2573 126 61 esse
200 2573 189 61 aequales
342 2573 95 61 in
390 2573 253 61 fortitudine:
595 2573 126 61 quia
674 2573 95 61 ex
721 2573 158 61 latere
832 2573 253 61 temperantiae
1037 2573 126 61 plus
1116 2573 205 61 fortitudo
1274 2573 221 61 fulciretur
1448 2573 95 61 in
1495 2573 111 61 vno
1558 2573 126 61 quam
1637 2573 95 61 in
1685 2573 174 61 altero:
1795 2573 79 61 ita

118 2638 148 55 tamen
216 2638 132 55 quod
298 2638 99 55 si
348 2638 132 55 ille
430 2638 148 55 minus
529 2638 230 55 temperatus
710 2638 148 55 etiam
808 2638 148 55 esset
907 2638 148 55 magis
1006 2638 181 55 iustus:
1137 2638 99 55 et
1186 2638 115 55 sic
1252 2638 214 55 fortitudo
1417 2638 115 55 sua
1482 2638 132 55 plus
1565 2638 230 55 fulciretur
1745 2638 82 55 &
1762 2638 115 55 vigo-

119 2687 183 55 raretur
252 2687 100 55 in
302 2687 166 55 robore
418 2687 100 55 ex
468 2687 166 55 latere
584 2687 216 55 iustitiae
750 2687 133 55 quam
833 2687 216 55 alterius:
999 2687 116 55 hoc
1066 2687 116 55 non
1132 2687 216 55 roboraret
1298 2687 149 55 latus
1398 2687 266 55 fortitudinis
1613 2687 100 55 ex
1663 2687 149 55 parte
1746 2687 133 55 tempe-

118 2731 203 69 rantiae:
270 2731 135 69 quin
355 2731 102 69 ex
406 2731 135 69 illo
490 2731 169 69 latere
609 2731 152 69 aeque
710 2731 220 69 faciliter
880 2731 271 69 impugnaretur
1100 2731 169 69 maxima
1218 2731 220 69 existente
1387 2731 135 69 eius
1472 2731 203 69 iustitia
1624 2731 152 69 sicut
1726 2731 85 69 &
1760 2731 102 69 ea
1793 2731 85 69 exi

119 2793 170 62 stente
238 2793 187 62 minima.
374 2793 187 62 Propter
510 2793 136 62 quod
595 2793 119 62 non
663 2793 119 62 est
731 2793 255 62 fortitudini
935 2793 136 62 eius
1020 2793 170 62 tantum
1139 2793 153 62 robur
1241 2793 102 62 ad
1292 2793 272 62 persistendum
1513 2793 102 62 in
1564 2793 119 62 suo
1632 2793 136 62 fine
1700 2793 170 62 aequali-

119 2840 125 63 ter
191 2840 179 63 alteri
316 2840 125 63 cum
388 2840 179 63 minori
513 2840 269 63 temperantia
729 2840 90 63 &
764 2840 179 63 maiori
890 2840 233 63 iustitia:
1069 2840 161 63 sicut
1177 2840 125 63 est
1249 2840 125 63 cum
1320 2840 197 63 aequali
1464 2840 269 63 temperantia
1679 2840 90 63 &
1715 2840 197 63 aequali

112 2893 210 67 iustitia.
274 2893 97 67 ET
322 2893 194 67 secundum
468 2893 113 67 hoc
533 2893 146 67 verum
630 2893 113 67 est
694 2893 162 67 dictum
808 2893 227 67 Augustini:
986 2893 129 67 quod
1067 2893 97 67 si
1115 2893 146 67 esset
1212 2893 146 67 minor
1310 2893 97 67 in
1358 2893 259 67 temperantia:
1568 2893 227 67 sequeretur
1747 2893 97 67 vt
1779 2893 97 67 for-

110 2952 157 59 titudo
220 2952 126 59 eius
299 2952 142 59 esset
394 2952 142 59 minus
488 2952 220 59 temperans:
661 2952 94 59 et
709 2952 126 59 quod
787 2952 110 59 sic
850 2952 110 59 non
913 2952 157 59 essent
1024 2952 236 59 fortitudine
1213 2952 205 59 aequales:
1370 2952 110 59 sed
1433 2952 142 59 vnius
1528 2952 205 59 fortitudo
1685 2952 142 59 esset
1764 2952 110 59 minor

115 2998 243 66 simpliciter
309 2998 130 66 quam
390 2998 211 66 fortitudo
552 2998 211 66 alterius:
714 2998 130 66 quia
795 2998 162 66 minori
909 2998 97 66 vi
957 2998 227 66 impugnante
1136 2998 162 66 posset
1249 2998 178 66 deiici,
1379 2998 130 66 etsi
1460 2998 146 66 solum
1557 2998 97 66 ex
1606 2998 162 66 latere
1719 2998 130 66 vno.
1800 2998 113 66 Non

111 3052 137 66 enim
197 3052 171 66 restat
317 3052 154 66 ipsam
420 3052 189 66 deiici,
557 3052 137 66 siue
642 3052 103 66 ex
694 3052 120 66 vno
762 3052 171 66 latere
882 3052 189 66 tantum,
1020 3052 137 66 siue
1105 3052 103 66 ex
1157 3052 223 66 pluribus,
1328 3052 154 66 sicut
1431 3052 120 66 non
1500 3052 171 66 restat
1620 3052 189 66 hominem
1740 3052 137 66 occidi

121 3106 131 63 vno
196 3106 187 63 letali
327 3106 206 63 vulnere
476 3106 93 63 &
514 3106 243 63 pluribus,
701 3106 131 63 aut
775 3106 168 63 fures
888 3106 168 63 domum
1000 3106 206 63 intrare
1149 3106 131 63 per
1224 3106 150 63 vnum
1317 3106 187 63 ostium
1448 3106 131 63 aut
1523 3106 131 63 per
1598 3106 187 63 plura.
1728 3106 131 63 Sic
1785 3106 93 63 er-

116 3160 104 79 go
168 3160 155 79 patet
271 3160 138 79 quod
357 3160 207 79 perfecta
513 3160 259 79 connexione,
720 3160 121 79 per
789 3160 276 79 aequalitatem
1013 3160 224 79 scilicet,
1186 3160 121 79 non
1255 3160 121 79 est
1324 3160 190 79 necesse
1462 3160 207 79 virtutes
1617 3160 207 79 connecti
1755 3160 121 79 citra
