2437 3767
477 302 151 103 trarium
587 302 96 103 non
642 302 110 103 est.
710 302 110 103 Quia
779 302 123 103 autem
861 302 123 103 actio
943 302 192 103 voluntatis
1094 302 96 103 sit
1149 302 123 103 mala:
1231 302 96 103 hoc
1286 302 96 103 est
1341 302 178 103 solummodo
1478 302 82 103 ex
1519 302 96 103 hoc
1574 302 110 103 quod
1643 302 151 103 deficit
1752 302 82 103 in
1793 302 96 103 hoc
1848 302 110 103 quod
1917 302 96 103 non
1972 302 110 103 agit
2040 302 96 103 eam
2095 302 151 103 quando,
2205 302 96 103 vbi
2246 302 41 103 i

475 403 73 60 &
505 403 162 60 quomodo
622 403 132 60 debet
710 403 103 60 eam
769 403 147 60 agere:
872 403 191 60 adhibitis
1019 403 162 60 debitis
1136 403 264 60 circunstantiis
1357 403 176 60 secundum
1489 403 176 60 iudicium
1621 403 147 60 rectae
1724 403 191 60 rationis:
1871 403 73 60 &
1900 403 103 60 per
1959 403 103 60 hoc
2018 403 147 60 deuiat
2120 403 73 60 a
2150 403 132 60 fine.
2223 403 59 60 Ex

482 450 92 68 hoc
535 450 119 68 autem
614 450 92 68 dei
667 450 119 68 actio
746 450 119 68 bomna
825 450 106 68 quod
891 450 106 68 agit
957 450 92 68 eam
1010 450 92 68 sub
1063 450 132 68 debitl
1155 450 238 68 circunstantiis
1353 450 132 68 quibus
1446 450 158 68 ordiatur
1565 450 79 68 in
1604 450 132 68 finem.
1697 450 106 68 Nunc
1763 450 119 68 autem
1842 450 264 68 proportionaliter
2067 450 119 68 hitus
2133 450 145 68 sequuntur

482 513 134 58 actus.
576 513 94 58 ita
629 513 107 58 quod
697 513 67 58 a
723 513 94 58 sba
777 513 121 58 actus
858 513 148 58 vitiosi
965 513 94 58 sba
1019 513 121 58 hints
1100 513 148 58 vitiosi
1207 513 175 58 effectiue
1341 513 188 58 generatur:
1489 513 67 58 &
1516 513 161 58 defectus
1637 513 215 58 incliationis
1812 513 134 58 hintus
1906 513 81 58 ad
1946 513 121 58 finem
2027 513 134 58 rectae
2121 513 161 58 rationis
2228 513 54 58 de

484 563 181 62 reliquitur
626 563 78 62 ex
665 563 142 62 defectu
769 563 194 62 ordiationis
924 563 142 62 debitae
1027 563 129 62 ipsius
1118 563 116 62 actus
1195 563 78 62 in
1234 563 129 62 eundem
1325 563 103 62 fine
1390 563 155 62 scilicet
1506 563 129 62 rectae
1596 563 168 62 rationis:
1726 563 78 62 vt
1765 563 91 62 sic
1816 563 259 62 proportionaliter
2036 563 116 62 sicut
2114 563 78 62 ab
2153 563 78 62 eo
2179 563 103 62 quodem

484 619 177 64 positiuum
621 619 82 64 in
662 619 109 64 actu
730 619 177 64 generatur
866 619 82 64 id
907 619 109 64 quod
975 619 95 64 est
1029 619 177 64 positiuum
1166 619 82 64 in
1207 619 136 64 hintu:
1302 619 95 64 ita
1356 619 82 64 ab
1397 619 82 64 eo
1438 619 109 64 quod
1506 619 95 64 est
1561 619 191 64 priuatiuum
1711 619 95 64 vel
1765 619 191 64 defectiuum
1915 619 82 64 in
1956 619 136 64 actum:
2051 619 95 64 per
2106 619 109 64 quid
2160 619 123 64 foralth

489 668 97 71 quod
549 668 85 71 sit
598 668 157 71 vitiosus,
718 668 193 71 dereliquitur
876 668 72 71 id
912 668 97 71 quod
972 668 85 71 est
1021 668 169 71 priuatiuum
1153 668 85 71 vel
1202 668 169 71 defectiuum
1335 668 72 71 in
1371 668 121 71 hintu,
1455 668 85 71 per
1504 668 97 71 quid
1564 668 157 71 similiter
1685 668 72 71 ha
1721 668 157 71 foraliter
1842 668 97 71 quod
1902 668 85 71 sit
1951 668 157 71 vitiosus:
2072 668 72 71 vt
2108 668 85 71 sic
2156 668 109 71 sicut
2229 668 72 71 id

496 728 105 69 quod
562 728 92 69 est
614 728 171 69 positiuum
746 728 79 69 in
786 728 105 69 hitu
851 728 79 69 ha
891 728 105 69 esse
957 728 79 69 ab
996 728 79 69 eo
1036 728 105 69 quod
1102 728 92 69 est
1154 728 171 69 positiuum
1286 728 79 69 in
1326 728 105 69 actu
1392 728 184 69 effectiue:
1536 728 92 69 sic
1589 728 79 69 id
1629 728 105 69 quod
1694 728 92 69 est
1747 728 184 69 priuatiuum
1892 728 79 69 in
1932 728 119 69 hintu
2011 728 79 69 ha
2050 728 105 69 esse
2116 728 79 69 ab
2155 728 79 69 eo
2195 728 105 69 quid

483 780 108 65 est
544 780 216 65 priuatiuum
714 780 93 65 in
761 780 124 65 actu
838 780 216 65 defectiue.
1008 780 77 65 &
1039 780 108 65 sic
1100 780 170 65 quantum
1224 780 93 65 ad
1270 780 124 65 sbam
1347 780 170 65 hintuum
1471 780 139 65 nulla
1564 780 108 65 est
1625 780 263 65 contrarietas:
1842 780 108 65 sed
1903 780 139 65 solum
1996 780 93 65 ex
2042 780 170 65 defectu
2166 780 77 65 a
2181 780 93 65 fine

491 835 69 73 &
519 835 194 73 directione
671 835 83 73 in
713 835 125 73 finem
796 835 138 73 ipsum,
893 835 208 73 quemadmodum
1059 835 125 73 motus
1142 835 69 73 a
1170 835 138 73 sursum
1266 835 83 73 in
1308 835 152 73 deorsum
1419 835 97 73 non
1474 835 222 73 contrariatur
1654 835 83 73 ei
1696 835 97 73 qui
1751 835 97 73 est
1806 835 69 73 a
1834 835 152 73 deorsum
1945 835 83 73 in
1986 835 138 73 sursum
2083 835 152 73 ratione
2194 835 111 73 quam

487 892 120 60 motus
567 892 120 60 sunt:
647 892 93 60 sed
700 892 120 60 solum
780 892 147 60 ratione
887 892 107 60 quam
954 892 80 60 ad
994 892 160 60 terminos
1114 892 200 60 contrarios:
1274 892 107 60 quia
1341 892 120 60 motus
1421 892 160 60 specieum
1542 892 120 60 sumit
1622 892 80 60 ab
1662 892 80 60 eo
1702 892 80 60 in
1742 892 107 60 quod
1809 892 107 60 est.
1875 892 80 60 sm
1915 892 200 60 philosopum.
2076 892 67 60 v
2102 892 160 60 physicae
2209 892 67 60 Ha-

494 949 114 68 bitus
570 949 114 68 autem
647 949 140 68 ratione
748 949 101 68 eius
811 949 101 68 quod
875 949 89 68 est
926 949 89 68 non
976 949 89 68 est
1027 949 152 68 qualitas
1141 949 127 68 actiua
1230 949 76 68 in
1268 949 114 68 aliud
1344 949 63 68 a
1370 949 89 68 soo
1420 949 101 68 quod
1484 949 152 68 inclinat
1598 949 76 68 in
1636 949 127 68 finem:
1725 949 63 68 &
1750 949 76 68 in
1788 949 76 68 ea
1826 949 101 68 quae
1890 949 101 68 sunt
1953 949 76 68 ad
1991 949 127 68 finem.
2080 949 178 68 Principia.
2220 949 89 68 ii.

495 1007 139 69 actiua
592 1007 83 69 in
634 1007 125 69 aliud
717 1007 97 69 aut
772 1007 111 69 sunt
842 1007 180 69 principia
980 1007 180 69 actionum:
1119 1007 83 69 vt
1160 1007 83 69 ea
1202 1007 111 69 quae
1271 1007 83 69 in
1313 1007 222 69 accidentibus
1493 1007 111 69 sunt
1562 1007 83 69 de
1604 1007 152 69 secunda
1715 1007 97 69 aut
1770 1007 111 69 itia
1840 1007 111 69 spie
1909 1007 208 69 qualitatis,
2075 1007 97 69 aut
2131 1007 111 69 sunt
2186 1007 97 69 ipsae

494 1060 177 71 actiones.
631 1060 123 71 Hitus
713 1060 123 71 autem
795 1060 96 71 non
849 1060 96 71 sic
904 1060 96 71 est
958 1060 123 71 actio
1040 1060 96 71 nec
1095 1060 150 71 aliquid
1204 1060 82 71 de
1245 1060 150 71 secunda
1354 1060 96 71 aut
1409 1060 109 71 itia
1477 1060 109 71 spse
1545 1060 205 71 qualitatis:
1709 1060 82 71 vt
1750 1060 191 71 principium
1900 1060 164 71 actionis
2023 1060 82 71 in
2064 1060 123 71 aliud
2146 1060 164 71 secundum

505 1123 99 69 quod
567 1123 112 69 aliud
641 1123 99 69 est,
703 1123 87 69 nec
753 1123 162 69 similiter
877 1123 162 69 contingit
1002 1123 75 69 ei
1039 1123 112 69 agere
1114 1123 75 69 in
1151 1123 112 69 aliud
1225 1123 137 69 ratione
1325 1123 99 69 quae
1387 1123 75 69 in
1424 1123 112 69 finem
1499 1123 149 69 inclinat
1611 1123 87 69 vel
1661 1123 62 69 a
1685 1123 112 69 fine:
1760 1123 99 69 quia
1822 1123 87 69 hic
1872 1123 162 69 respectus
1996 1123 124 69 tantum
2083 1123 87 69 est
2133 1123 87 69 qui
2183 1123 87 69 non
2220 1123 62 69 est

502 1171 191 71 principium
652 1171 164 71 actionis
775 1171 95 71 per
830 1171 82 71 se
871 1171 123 71 sicut
952 1171 123 71 neque
1034 1171 177 71 terminus.
1171 1171 82 71 sm
1211 1171 205 71 philosopum.
1375 1171 68 71 v
1402 1171 177 71 physicae.
1539 1171 123 71 Nullo
1620 1171 109 71 ergo
1689 1171 109 71 modo
1757 1171 136 71 hintus
1852 1171 95 71 per
1907 1171 82 71 se
1948 1171 68 71 &
1975 1171 123 71 primo
2057 1171 177 71 corrumpit
2180 1171 95 71 hitum

499 1231 185 66 effectiuae
644 1231 159 66 scilicet
764 1231 119 66 ipsum
843 1231 199 66 expellendo.
1002 1231 93 66 Sed
1055 1231 106 66 quia
1121 1231 93 66 non
1174 1231 146 66 possunt
1280 1231 106 66 esse
1346 1231 185 66 contrariae
1492 1231 225 66 inclinationes
1677 1231 79 66 in
1717 1231 132 66 eodem:
1809 1231 106 66 ideo
1876 1231 119 66 actus
1955 1231 159 66 generans
2074 1231 106 66 vnum
2140 1231 132 66 hintum
2233 1231 79 66 in

490 1285 186 63 clinantem
633 1285 86 63 ad
676 1285 129 63 vnum,
762 1285 129 63 nccio
847 1285 186 63 corrumpit
990 1285 129 63 alium
1076 1285 215 63 inclinantem
1248 1285 86 63 ab
1291 1285 129 63 illo:
1377 1285 100 63 non
1434 1285 157 63 propter
1548 1285 157 63 aliquam
1663 1285 258 63 contrarietatem
1877 1285 172 63 actionis
2006 1285 86 63 ad
2049 1285 143 63 hintum
2149 1285 114 63 quem
2206 1285 72 63 cor

500 1343 147 71 rumpit:
607 1343 94 71 sed
660 1343 107 71 quia
727 1343 161 71 effectus
848 1343 107 71 eius
915 1343 121 71 illum
995 1343 94 71 non
1049 1343 201 71 compatitur.
1210 1343 121 71 licet
1290 1343 107 71 enim
1357 1343 134 71 hintus
1451 1343 94 71 non
1505 1343 228 71 contrariantur
1692 1343 80 71 in
1733 1343 147 71 agendo:
1840 1343 80 71 vt
1880 1343 107 71 vnus
1947 1343 147 71 alterum
2054 1343 94 71 per
2108 1343 80 71 se
2135 1343 147 71 effectiue

501 1396 197 61 corrumpat:
656 1396 240 61 contrariantur
853 1396 127 61 tamen
938 1396 85 61 in
980 1396 212 61 informando:
1150 1396 85 61 vt
1192 1396 113 61 vnus
1263 1396 127 61 simul
1347 1396 99 61 cum
1404 1396 141 61 altero
1502 1396 113 61 idem
1573 1396 113 61 sbum
1643 1396 183 61 informare
1784 1396 99 61 non
1841 1396 155 61 possit:
1954 1396 127 61 sicut
2038 1396 155 61 calidum
2137 1396 141 61 generans

500 1453 203 69 nigredinem
659 1453 101 69 non
717 1453 231 69 contrariatur
905 1453 174 69 albedini
1035 1453 116 69 quam
1107 1453 203 69 corrumpit:
1266 1453 101 69 nec
1324 1453 188 69 corrumpit
1469 1453 101 69 eam
1527 1453 159 69 propter
1642 1453 260 69 contrarietatem
1859 1453 87 69 ad
1903 1453 145 69 ipsam:
2004 1453 101 69 sed
2062 1453 116 69 quia
2134 1453 130 69 ipsam
2207 1453 72 69 non

494 1506 196 69 compatitur
648 1506 168 69 nigredo.
774 1506 84 69 Ex
816 1506 98 69 quo
872 1506 126 69 patet
956 1506 168 69 vlterius
1082 1506 182 69 secundum:
1222 1506 112 69 quia
1292 1506 112 69 enim
1362 1506 126 69 actus
1445 1506 112 69 quod
1515 1506 112 69 agit
1585 1506 182 69 generando
1725 1506 154 69 hintum,
1837 1506 98 69 hoc
1893 1506 126 69 facit
1977 1506 154 69 ratione
2089 1506 112 69 sbae
2159 1506 112 69 suae
2215 1506 70 69 non

486 1560 139 77 ratione
587 1560 189 77 directionis
738 1560 76 77 in
776 1560 126 77 finem:
864 1560 101 77 quia
927 1560 101 77 ille
990 1560 88 77 non
1041 1560 88 77 est
1091 1560 101 77 nisi
1154 1560 176 77 respectus:
1293 1560 88 77 qui
1343 1560 88 77 non
1393 1560 88 77 est
1444 1560 88 77 per
1494 1560 76 77 se
1532 1560 151 77 actionis
1645 1560 189 77 principium:
1796 1560 63 77 &
1822 1560 126 77 hintus
1910 1560 88 77 non
1960 1560 164 77 generatur
2086 1560 88 77 per
2136 1560 76 77 se
2174 1560 76 77 ab
2199 1560 76 77 illo

494 1612 100 73 nisi
557 1612 138 73 ratione
658 1612 100 73 suae
720 1612 100 73 sbae
783 1612 88 73 non
833 1612 138 73 ratione
934 1612 100 73 eius
997 1612 100 73 quod
1059 1612 88 73 est
1110 1612 75 73 in
1147 1612 113 73 finem
1223 1612 188 73 directiuus:
1373 1612 100 73 quia
1436 1612 113 73 illud
1511 1612 88 73 non
1561 1612 88 73 est
1612 1612 100 73 nisi
1674 1612 176 73 respectus:
1813 1612 88 73 qui
1863 1612 88 73 non
1913 1612 88 73 est
1963 1612 88 73 per
2013 1612 75 73 se
2051 1612 151 73 terminus
2151 1612 126 73 actionis

486 1678 74 66 &
516 1678 164 66 habitus
635 1678 104 66 non
694 1678 134 66 habet
784 1678 179 66 rationem
918 1678 179 66 virtutis
1051 1678 104 66 per
1111 1678 89 66 se
1156 1678 119 66 nisi
1230 1678 89 66 ex
1275 1678 164 66 ratione
1394 1678 193 66 respectus
1542 1678 89 66 ad
1587 1678 149 66 finem:
1691 1678 89 66 vt
1736 1678 134 66 patet
1825 1678 89 66 ex
1870 1678 312 66 praedeterminatis:
2137 1678 119 66 ldeo
2197 1678 89 66 com-

500 1740 110 59 tigit
573 1740 98 59 quod
634 1740 110 59 hitus
708 1740 159 59 inquantum
830 1740 122 59 scimae
916 1740 61 59 &
940 1740 147 59 virtutes
1050 1740 110 59 sunt:
1124 1740 86 59 non
1173 1740 122 59 habent
1258 1740 86 59 per
1307 1740 73 59 se
1344 1740 147 59 generari
1454 1740 86 59 aut
1503 1740 159 59 corrumpie
1625 1740 147 59 scilicet
1735 1740 135 59 ratione
1833 1740 98 59 eius
1894 1740 98 59 quid
1956 1740 86 59 dat
2005 1740 73 59 ei
2041 1740 147 59 rationem
2151 1740 122 59 scimae
2225 1740 61 59 aut

496 1787 169 66 virtutis:
626 1787 104 66 quia
691 1787 117 66 illud
769 1787 91 66 non
821 1787 104 66 nisi
886 1787 169 66 respectus
1017 1787 104 66 est.
1082 1787 143 66 Proptur
1186 1787 104 66 quid
1251 1787 117 66 dicit
1329 1787 208 66 philosophus.
1498 1787 104 66 vii.
1563 1787 169 66 physicae.
1693 1787 78 66 Ex
1732 1787 169 66 principio
1863 1787 117 66 sciae
1941 1787 143 66 accepto
2045 1787 91 66 non
2097 1787 91 66 est
2136 1787 143 66 generatio

487 1839 100 69 aut
544 1839 200 69 alteratio.
701 1839 172 69 Alterari
830 1839 129 69 autem
916 1839 157 69 aliquid
1030 1839 157 69 accidit
1144 1839 172 69 scilicet
1273 1839 186 69 potentiam
1416 1839 243 69 intellectiuam
1616 1839 100 69 per
1673 1839 143 69 actuum
1773 1839 200 69 exercitium
1931 1839 100 69 quo
1988 1839 86 69 ad
2031 1839 114 69 sbam
2102 1839 157 69 hituum.
2217 1839 100 69 Sed

492 1890 161 72 vtrumuoe
612 1890 161 72 scilicet
733 1890 67 72 &
760 1890 94 72 sba
813 1890 67 72 &
840 1890 188 72 respectus,
987 1890 174 72 pertinent
1121 1890 80 72 ad
1162 1890 161 72 rationem
1282 1890 134 72 hintus
1376 1890 174 72 virtutis:
1510 1890 121 72 sicut
1591 1890 67 72 &
1617 1890 161 72 priuatio
1738 1890 174 72 huiusmodi
1872 1890 174 72 respectus
2006 1890 94 72 cum
2060 1890 80 72 eo
2100 1890 107 72 quid
2167 1890 80 72 ei
2194 1890 80 72 sub-

496 1943 180 70 sternitur
635 1943 166 70 pertinet
759 1943 83 70 ad
801 1943 166 70 rationem
926 1943 125 70 vitii
1009 1943 97 70 vel
1064 1943 222 70 ignorantiae,
1245 1943 111 70 pura
1314 1943 111 70 enim
1383 1943 166 70 catentia
1508 1943 152 70 virtutl
1619 1943 97 70 aut
1674 1943 125 70 sciae
1757 1943 111 70 quae
1827 1943 152 70 nescima
1938 1943 166 70 dicitur,
2062 1943 97 70 nec
2118 1943 152 70 vitium:
2215 1943 69 70 nec

492 2004 136 72 hintus
587 2004 108 72 est:
655 2004 136 72 qualis
750 2004 95 72 est
804 2004 81 72 in
845 2004 190 72 intellectu
994 2004 95 72 nno
1048 2004 68 72 &
1075 2004 176 72 voluntate
1211 2004 81 72 an
1252 2004 108 72 quam
1319 2004 136 72 vtatur
1414 2004 176 72 sensibus.
1550 2004 95 72 Nec
1604 2004 122 72 solum
1685 2004 122 72 dicto
1767 2004 108 72 modo
1835 2004 203 72 corrumpitur
1997 2004 149 72 hintus:
2106 2004 95 72 sed
2160 2004 122 72 etiam
2228 2004 54 72 vt

497 2060 133 66 dictum
590 2060 93 66 est
643 2060 93 66 per
697 2060 133 66 actuum
790 2060 213 66 cessationem.
964 2060 93 66 Non
1017 2060 147 66 propter
1124 2060 200 66 cessationem
1284 2060 93 66 per
1337 2060 93 66 se:
1390 2060 107 66 quia
1457 2060 80 66 vt
1497 2060 173 66 obiicitur
1630 2060 107 66 illa
1697 2060 93 66 non
1750 2060 120 66 agit:
1830 2060 93 66 sed
1884 2060 120 66 purus
1964 2060 160 66 defectus
2084 2060 107 66 est:
2151 2060 93 66 sed
2204 2060 107 66 pro-

492 2111 128 75 pter
572 2111 144 75 motum
668 2111 208 75 naturalem
828 2111 224 75 interiorem
1003 2111 192 75 fomitis:
1147 2111 128 75 quem
1227 2111 112 75 non
1291 2111 112 75 sic
1355 2111 208 75 comprimit
1515 2111 144 75 hitus
1611 2111 128 75 quin
1691 2111 192 75 insurgat
1835 2111 96 75 in
1882 2111 144 75 actum
1978 2111 144 75 quasi
2074 2111 96 75 ex
2122 2111 160 75 habitu
2218 2111 64 75 vt

487 2166 139 78 ipsum
579 2166 186 78 repellat
719 2166 108 78 per
781 2166 139 78 actum
873 2166 155 78 solius
982 2166 201 78 consensus
1137 2166 77 78 &
1168 2166 263 78 delectationis
1384 2166 232 78 voluntatis,
1570 2166 124 78 nisi
1647 2166 139 78 actum
1740 2166 201 78 contrario
1895 2166 232 78 repellatur.
2081 2166 232 78 Quemadmodum

485 2218 175 78 frigidum
616 2218 175 78 naturale
747 2218 87 78 in
791 2218 116 78 aqua
864 2218 160 78 surgens
980 2218 87 78 in
1024 2218 131 78 actum
1111 2218 131 78 quasi
1199 2218 87 78 ex
1242 2218 131 78 hintu
1330 2218 175 78 repellit
1461 2218 160 78 calorem
1577 2218 160 78 ipsius.
1694 2218 87 78 Et
1737 2218 116 78 quia
1810 2218 131 78 istud
1898 2218 102 78 non
1956 2218 102 78 fit
2014 2218 116 78 nisi
2087 2218 131 78 eodem
2160 2218 116 78 genere

492 2276 180 81 actionis
627 2276 120 81 quae
702 2276 180 81 frigidum
837 2276 135 81 extra
927 2276 150 81 ageret
1032 2276 210 81 remouendo:
1197 2276 75 81 &
1227 2276 120 81 quam
1302 2276 180 81 voluntas
1436 2276 120 81 sine
1511 2276 120 81 motu
1586 2276 165 81 fomitis
1706 2276 210 81 insurgeret
1871 2276 90 81 ex
1916 2276 90 81 se
1961 2276 195 81 eliciendo
2096 2276 165 81 huiusmodi

495 2329 230 83 affectiones
679 2329 77 83 &
709 2329 276 83 delectationes:
939 2329 123 83 quae
1016 2329 123 83 sunt
1093 2329 138 83 motus
1185 2329 215 83 voluntatis
1353 2329 77 83 a
1384 2329 123 83 fine
1460 2329 199 83 virtutis:
1614 2329 123 83 ideo
1690 2329 123 83 iste
1767 2329 138 83 motus
1859 2329 245 83 corruptionis
2058 2329 169 83 hintuum
2166 2329 107 83 habet

495 2383 85 84 ad
537 2383 127 84 illum
622 2383 127 84 alium
707 2383 156 84 reduci:
821 2383 71 84 &
849 2383 99 84 non
905 2383 184 84 differunt
1047 2383 113 84 nisi
1118 2383 85 84 in
1160 2383 99 84 hoc
1217 2383 113 84 quod
1288 2383 85 84 in
1330 2383 127 84 illum
1415 2383 127 84 actum
1500 2383 170 84 secundum
1628 2383 113 84 quem
1698 2383 127 84 primo
1783 2383 113 84 modo
1854 2383 212 84 supraposito
2024 2383 212 84 corrumpitur
2180 2383 99 84 hitus

499 2432 196 89 virtutis,
650 2432 242 89 intelligitur
846 2432 196 89 insurgere
997 2432 181 89 voluntas
1133 2432 91 89 ex
1179 2432 91 89 se
1224 2432 106 89 non
1284 2432 181 89 iclinata
1420 2432 91 89 ab
1465 2432 136 89 alio:
1556 2432 91 89 in
1601 2432 136 89 istum
1692 2432 136 89 autem
1783 2432 196 89 inclinata
1934 2432 76 89 &
1964 2432 121 89 mota
2039 2432 76 89 a
2070 2432 151 89 fomite
2175 2432 76 89 a
2205 2432 106 89 quo

495 2489 161 86 necesse
613 2489 132 86 habet
700 2489 146 86 moueri
803 2489 88 86 in
847 2489 132 86 actum
935 2489 146 86 vitii,
1037 2489 103 86 non
1096 2489 176 86 obstante
1228 2489 234 86 inclinatione
1418 2489 146 86 hintus
1520 2489 234 86 quantacumque
1711 2489 132 86 etiam
1799 2489 103 86 sit
1857 2489 88 86 in
1901 2489 146 86 homine
2004 2489 249 86 perfectissimo
2194 2489 88 86 nisi

492 2560 143 65 obuiet
592 2560 100 65 per
649 2560 129 65 actum
736 2560 158 65 virtutl
850 2560 215 65 contrarium:
1022 2560 72 65 &
1051 2560 86 65 in
1094 2560 115 65 illo
1166 2560 86 65 se
1209 2560 187 65 exerceat.
1352 2560 100 65 ita
1410 2560 129 65 etiam
1496 2560 115 65 quod
1568 2560 158 65 oportet
1682 2560 129 65 actus
1769 2560 86 65 ex
1812 2560 129 65 hintu
1898 2560 172 65 virtutis
2027 2560 172 65 elicitos
2156 2560 115 65 esse
2213 2560 72 65 for

489 2615 154 73 tiores
596 2615 77 73 &
627 2615 169 73 maiores
750 2615 123 73 quam
827 2615 123 73 sunt
904 2615 138 73 motus
996 2615 92 73 ex
1042 2615 154 73 fomite
1150 2615 246 73 pullulantes.
1349 2615 169 73 Quoniam
1472 2615 92 73 si
1518 2615 138 73 actus
1611 2615 138 73 etiam
1703 2615 92 73 ex
1749 2615 154 73 habitu
1857 2615 184 73 virtutis
1995 2615 169 73 eliciti
2118 2615 154 73 essent
2210 2615 77 73 par

498 2658 91 73 ui
543 2658 76 73 &
573 2658 151 73 tepidi
679 2658 106 73 vel
740 2658 181 73 remissi:
876 2658 76 73 &
906 2658 181 73 secundum
1042 2658 242 73 proportionem
1239 2658 121 73 suae
1314 2658 181 73 virtutis
1450 2658 151 73 semper
1556 2658 242 73 augmentarent
1753 2658 166 73 hintum:
1874 2658 136 73 tamen
1964 2658 136 73 motus
2055 2658 197 73 fortiores
2191 2658 91 73 pul-

491 2710 184 85 lulantes
629 2710 92 85 ex
675 2710 153 85 fomite
782 2710 123 85 plus
858 2710 245 85 corrumperent
1057 2710 92 85 de
1103 2710 153 85 habitu
1211 2710 77 85 &
1241 2710 138 85 ipsum
1333 2710 230 85 diminuerent
1517 2710 123 85 quam
1594 2710 92 85 ex
1640 2710 107 85 eis
1701 2710 230 85 generaretur
1885 2710 107 85 vel
1946 2710 276 85 augmentaretur.
2176 2710 92 85 Et
2206 2710 77 85 sic

487 2780 185 64 huiusmodi
629 2780 128 64 actus
714 2780 128 64 parui
800 2780 142 64 tepidi
899 2780 100 64 vel
956 2780 156 64 remissi
1070 2780 85 64 si
1113 2780 171 64 dicantur
1241 2780 185 64 diminuere
1383 2780 171 64 habitum:
1511 2780 100 64 hoc
1568 2780 100 64 est
1625 2780 100 64 per
1681 2780 156 64 accidem
1795 2780 171 64 scilicet
1923 2780 114 64 quia
1994 2780 156 64 propter
2108 2780 128 64 eorum
2179 2780 114 64 remis-

492 2822 156 79 sionem
602 2822 203 79 insurgunt
758 2822 140 79 actus
851 2822 203 79 fortiores
1007 2822 172 79 fomitis
1132 2822 125 79 quos
1210 2822 109 79 non
1273 2822 172 79 possunt
1398 2822 218 79 reprimere:
1569 2822 109 79 qui
1632 2822 109 79 per
1694 2822 94 79 se
1741 2822 156 79 hintum
1850 2822 218 79 diminuunt:
2022 2822 78 79 &
2053 2822 94 79 in
2100 2822 125 79 fine
2162 2822 125 79 corrum

498 2882 129 77 punt:
583 2882 86 77 vt
626 2882 143 77 dictum
726 2882 114 77 est:
798 2882 100 77 ita
855 2882 114 77 quod
926 2882 214 77 impossibile
1098 2882 100 77 est
1155 2882 143 77 ponere
1255 2882 86 77 in
1298 2882 129 77 nobis
1384 2882 186 77 omnimodam
1527 2882 214 77 cessationem
1698 2882 86 77 ad
1741 2882 129 77 horam
1827 2882 114 77 nisi
1898 2882 157 77 viribus
2012 2882 171 77 ligatis:
2141 2882 86 77 vt
2184 2882 86 77 in
2213 2882 71 77 som

494 2930 96 78 no:
549 2930 165 78 secundum
673 2930 110 78 quod
742 2930 124 78 infra
825 2930 124 78 magis
908 2930 152 78 patebit
1018 2930 83 78 in
1059 2930 152 78 quaedam
1170 2930 193 78 quaestione
1321 2930 83 78 de
1363 2930 193 78 actionibus
1514 2930 165 78 peccati.
1638 2930 110 78 Vnde
1707 2930 83 78 si
1748 2930 152 78 ponatur
1859 2930 83 78 in
1900 2930 124 78 nobis
1983 2930 165 78 omnimoda
2107 2930 165 78 cessatio
2231 2930 83 78 ab

497 2982 164 82 actione
616 2982 179 82 virtutis
750 2982 74 82 &
780 2982 134 82 vitii
869 2982 74 82 &
899 2982 164 82 stimulo
1018 2982 179 82 fomitis:
1152 2982 74 82 &
1182 2982 164 82 maneret
1301 2982 119 82 homo
1375 2982 104 82 per
1435 2982 164 82 aliquod
1554 2982 149 82 tempus
1658 2982 149 82 absque
1762 2982 119 82 omni
1837 2982 193 82 huiusmodi
1985 2982 238 82 immutatione:
2179 2982 104 82 non
2223 2982 60 82 vi

491 3046 96 73 deo
546 3046 123 73 vllam
628 3046 137 73 causam
724 3046 219 73 corruptionis
901 3046 150 73 hintuum
1011 3046 109 73 nisi
1079 3046 150 73 dicatur
1188 3046 109 73 quod
1257 3046 96 73 sic
1311 3046 96 73 per
1366 3046 164 73 actionis
1489 3046 205 73 praesentiam
1653 3046 137 73 hintus
1748 3046 219 73 conseruatur:
1926 3046 123 73 sicut
2008 3046 68 73 &
2035 3046 123 73 lumen
2117 3046 96 73 per
2158 3046 137 73 praesen-

495 3089 108 84 tiam
562 3089 175 84 luminosi.
697 3089 94 84 Sed
750 3089 108 84 tunc
818 3089 94 84 non
872 3089 135 84 essent
966 3089 135 84 hintus
1060 3089 81 84 in
1101 3089 229 84 dormientibus:
1289 3089 108 84 immo
1357 3089 108 84 quia
1424 3089 135 84 hintus
1518 3089 81 84 ex
1559 3089 81 84 se
1599 3089 94 84 est
1653 3089 175 84 quaelitas
1788 3089 189 84 permanens:
1936 3089 94 84 ita
1990 3089 108 84 quod
2057 3089 94 84 sit
2111 3089 81 84 de
2138 3089 148 84 difficili

495 3156 201 68 mobilis,
646 3156 184 68 maneret
780 3156 201 68 subiecto
930 3156 117 68 suo
997 3156 134 68 fine
1081 3156 134 68 omni
1165 3156 285 68 trasmutatione
1399 3156 151 68 dicto
1499 3156 134 68 modo
1583 3156 201 68 manente:
1734 3156 117 68 nec
1801 3156 184 68 haberet
1935 3156 234 68 corrumpens
2102 3156 184 68 naturale.

502 3213 117 68 Quod
576 3213 161 68 videtur
693 3213 205 68 necessario
854 3213 117 68 esse
928 3213 220 68 concedendum
1103 3213 161 68 habendo
1221 3213 176 68 aspectum
1353 3213 88 68 ad
1397 3213 161 68 naturam
1514 3213 88 68 in
1558 3213 103 68 sua
1617 3213 220 68 integritate
1793 3213 220 68 institutam.
1968 3213 103 68 Sed
2027 3213 176 68 postquam
2159 3213 161 68 destitu

497 3253 92 66 ta
543 3253 107 66 est
604 3253 107 66 per
665 3253 199 66 peccatum,
818 3253 138 66 etiam
910 3253 168 66 renatis
1032 3253 92 66 ex
1078 3253 153 66 fomite
1185 3253 138 66 manet
1277 3253 138 66 quasi
1368 3253 184 66 grauitas
1506 3253 199 66 naturalis
1659 3253 199 66 retrahens
1812 3253 76 66 a
1843 3253 138 66 bonis
1934 3253 184 66 virtutum
2072 3253 76 66 &
2102 3253 199 66 scimarum,
2240 3253 46 66 &

495 3310 128 90 etiam
580 3310 128 90 quasi
665 3310 185 90 naturales
807 3310 170 90 tenebrae
935 3310 213 90 ignorantiae
1105 3310 85 90 in
1148 3310 227 90 intellectum,
1333 3310 71 90 &
1361 3310 128 90 quasi
1446 3310 185 90 naturalis
1588 3310 170 90 infectio
1716 3310 170 90 poenalis
1844 3310 170 90 malitiae
1972 3310 85 90 in
2014 3310 185 90 affectum:
2156 3310 85 90 ad
2199 3310 114 90 quam
