2373 3621
120 286 81 88 si
160 286 148 88 cessant
268 286 135 88 omnino
362 286 202 88 operationes
524 286 162 88 alicuius
645 286 135 88 hintus
740 286 162 88 virtutis
861 286 94 88 vel
915 286 175 88 scientiae
1050 286 94 88 per
1104 286 148 88 tractum
1211 286 67 88 &
1238 286 229 88 inclinationem
1427 286 175 88 naturalem
1562 286 162 88 fomitis,
1683 286 121 88 etiam
1764 286 135 88 absque

128 367 170 71 actibus
251 367 216 71 contrariis
421 367 93 71 ex
468 367 155 71 fomite
576 367 263 71 pullulantibus
792 367 247 71 reuertuntur.
993 367 232 71 Quemadmodum
1179 367 108 71 res
1240 367 93 71 ab
1287 367 201 71 inaturali
1441 367 108 71 sua
1503 367 247 71 dispositione
1704 367 93 71 si
1750 367 124 71 sibi
1812 367 62 71 re

129 416 166 59 liquatur
253 416 193 59 reuertitur
405 416 83 59 in
446 416 166 59 propriam
571 416 234 59 dispositionem
764 416 193 59 naturalem.
915 416 124 59 Sicut
998 416 152 59 positum
1108 416 97 59 est
1164 416 166 59 exemplum
1288 416 83 59 de
1329 416 124 59 aquae
1412 416 193 59 calefacta.
1564 416 83 59 AD
1605 416 179 59 secundum,
1743 416 110 59 quod
1798 416 69 59 cor

132 473 142 66 ruptio
231 473 142 66 scimae
330 473 99 66 non
387 473 128 66 solum
472 473 99 66 est
529 473 170 66 deceptio
656 473 99 66 sed
713 473 170 66 obliuio:
841 473 170 66 Dicendum
968 473 113 66 quod
1039 473 85 66 ex
1081 473 198 66 praedictis
1237 473 128 66 patet
1322 473 156 66 quomodo
1436 473 170 66 deceptio
1563 473 184 66 corrumpit
1705 473 99 66 per
1748 473 113 66 medium

122 521 239 76 falsigraphum
316 521 105 76 vel
376 521 239 76 sophisticum.
570 521 90 76 De
615 521 194 76 obliuione
764 521 120 76 vero
839 521 179 76 sciendum
974 521 120 76 quod
1048 521 105 76 aut
1108 521 134 76 dicit
1198 521 134 76 purum
1287 521 179 76 defectum
1422 521 209 76 scientiae,
1586 521 105 76 aut
1646 521 134 76 motum
1736 521 90 76 ad
1780 521 120 76 igno

126 577 156 56 rantiam
239 577 128 56 prius
324 577 142 56 sciti.
424 577 128 56 Primo
509 577 113 56 modo
580 577 128 56 dicit
665 577 241 56 dispositionem
863 577 199 56 contrariam
1019 577 156 56 habitui
1133 577 156 56 scimae:
1246 577 71 56 &
1274 577 99 56 est
1331 577 184 56 corruptio
1473 577 128 56 sciae
1558 577 213 56 formaliter:
1728 577 128 56 sicut
1799 577 71 56 pri

133 625 130 61 uatio
219 625 101 61 est
277 625 188 61 corruptio
421 625 159 61 hintus:
537 625 72 61 &
565 625 173 61 caecitas
695 625 87 61 in
739 625 130 61 oculo
825 625 101 61 est
883 625 188 61 corruptio
1027 625 144 61 visus.
1128 625 101 61 Sed
1186 625 87 61 de
1229 625 115 61 tali
1301 625 216 61 corruptione
1474 625 159 61 formali
1590 625 101 61 non
1648 625 188 61 loquitur:
1792 625 101 61 sed

137 685 74 55 de
174 685 173 55 effectiua:
310 685 74 55 de
347 685 99 55 quae
408 685 111 55 etiam
483 685 148 55 loquitur
594 685 198 55 philosophus:
754 685 185 55 quemadmodum
903 685 148 55 deceptio
1014 685 99 55 quae
1075 685 161 55 consistit
1199 685 74 55 in
1236 685 99 55 actu
1298 685 198 55 rotiocinandi
1458 685 99 55 quae
1520 685 185 55 intellectus
1668 685 111 55 circa
1730 685 136 55 conclusum

134 736 177 56 decipitur,
273 736 88 56 est
324 736 164 56 corruptio
450 736 126 56 sciae.
539 736 76 56 Et
577 736 114 56 talis
653 736 88 56 est
703 736 139 56 obliuio
804 736 139 56 secundo
905 736 101 56 modo
969 736 126 56 dicta.
1057 736 76 56 de
1095 736 101 56 quae
1158 736 114 56 dicit
1234 736 177 56 Augustinus
1373 736 88 56 xv.
1424 736 76 56 de
1462 736 177 56 trinitate.
1601 736 76 56 c.
1638 736 88 56 xv.
1689 736 101 56 Quae
1752 736 88 56 per
1790 736 76 56 meno

141 788 117 55 riam
214 788 175 55 quodammo
345 788 160 55 viuunt,
462 788 189 55 obliuione
607 788 175 55 quodammo
739 788 204 55 moriuntur.
899 788 117 55 lsta
972 788 131 55 autem
1059 788 160 55 obliuio
1175 788 131 55 dicit
1263 788 131 55 motum
1350 788 87 55 ad
1394 788 218 55 ignorantiam
1569 788 102 55 non
1627 788 117 55 quae
1700 788 102 55 est
1743 788 117 55 hintus

132 839 122 67 sicut
213 839 95 67 est
267 839 108 67 illa
334 839 108 67 quae
402 839 95 67 sit
456 839 203 67 corruptione
618 839 122 67 sciae
699 839 95 67 per
753 839 216 67 deceptionem:
928 839 95 67 sed
982 839 108 67 quae
1050 839 95 67 est
1104 839 108 67 sola
1171 839 203 67 nescientia:
1333 839 68 67 &
1360 839 176 67 opponitur
1495 839 122 67 motui
1576 839 176 67 doctrinae
1711 839 81 67 in
1738 839 135 67 addiscem

143 888 81 59 do
184 888 95 59 qui
238 888 95 59 est
292 888 81 59 ad
333 888 189 59 scientiam.
481 888 122 59 Talis
563 888 122 59 autem
644 888 149 59 obliuio
752 888 95 59 fit
806 888 81 59 in
847 888 149 59 memoria
955 888 216 59 intellectiua
1130 888 95 59 per
1184 888 162 59 notitiae
1306 888 122 59 rerum
1387 888 189 59 deletionem
1536 888 270 59 proportionaliter
1766 888 81 59 ei
1806 888 95 59 quo

133 948 100 59 sit
190 948 85 59 in
232 948 157 59 menoria
346 948 185 59 sensitiua
489 948 100 59 per
546 948 185 59 specierum
688 948 199 59 sesibilium
845 948 256 59 abstractionem.
1059 948 128 59 Sicut
1144 948 114 59 enim
1216 948 157 59 menoria
1330 948 185 59 sensitiua
1472 948 100 59 est
1529 948 100 59 vis
1586 948 185 59 retentiua
1714 948 157 59 specierum

140 997 195 55 sensibilium:
298 997 73 55 de
335 997 97 55 quae
395 997 170 55 Augustinus
529 997 97 55 liro
590 997 85 55 xi.
639 997 73 55 de
675 997 170 55 trinitate.
809 997 73 55 c.
846 997 97 55 iii.
906 997 158 55 loquitur:
1028 997 85 55 sic
1077 997 134 55 memoria
1174 997 195 55 intellectiua
1332 997 85 55 est
1381 997 85 55 vis
1430 997 170 55 contentiua
1564 997 146 55 notitiae
1661 997 219 55 intelligibilium:

150 1055 122 67 dequae
235 1055 159 67 loquitur.
358 1055 122 67 xiiii.
444 1055 73 67 de
480 1055 171 67 trinitate.
615 1055 73 67 c.
652 1055 86 67 vi.
701 1055 86 67 Fit
750 1055 110 67 autem
823 1055 73 67 in
860 1055 147 67 menmoria
970 1055 159 67 sesitiua.
1093 1055 110 67 primo
1166 1055 86 67 per
1215 1055 86 67 hoc
1264 1055 98 67 quod
1325 1055 86 67 vis
1374 1055 171 67 meditatiua
1509 1055 86 67 non
1558 1055 73 67 se
1595 1055 135 67 exercet
1693 1055 110 67 circa
1766 1055 73 67 ea
1791 1055 73 67 quae

139 1101 110 60 sunt
208 1101 83 60 in
249 1101 165 60 memoria:
373 1101 83 60 vt
415 1101 96 60 per
470 1101 96 60 hoc
525 1101 165 60 firmetur
649 1101 165 60 memoria,
773 1101 220 60 meditationes
952 1101 110 60 enim
1020 1101 165 60 menoriam
1144 1101 165 60 saluant:
1268 1101 110 60 quod
1337 1101 124 60 nihil
1420 1101 124 60 aliud
1502 1101 96 60 est
1557 1101 110 60 quam
1626 1101 193 60 multotiens
1764 1101 110 60 specu-

133 1154 129 63 lari.
218 1154 86 63 vt
261 1154 157 63 dicitur
376 1154 86 63 in
419 1154 129 63 libro
504 1154 86 63 de
547 1154 172 63 menmoria
676 1154 71 63 &
705 1154 186 63 reminisc.
848 1154 71 63 &
876 1154 129 63 habet
962 1154 100 63 per
1019 1154 100 63 hoc
1076 1154 157 63 aliquam
1191 1154 157 63 habitus
1305 1154 186 63 rationem.
1448 1154 100 63 Sed
1505 1154 100 63 per
1562 1154 100 63 hoc
1620 1154 100 63 non
1677 1154 100 63 sit
1720 1154 157 63 corruptio

139 1208 156 60 habitus
252 1208 170 60 memoriae
380 1208 199 60 esfectiue,
536 1208 128 60 sicut
621 1208 99 60 nec
678 1208 199 60 cessatione
834 1208 142 60 actuum
933 1208 85 60 in
976 1208 227 60 intellectiua
1160 1208 99 60 per
1217 1208 85 60 se
1260 1208 213 60 corrumpitur
1430 1208 156 60 habitus
1544 1208 85 60 vt
1586 1208 142 60 dictum
1686 1208 114 60 est:
1756 1208 99 60 sed
1799 1208 71 60 fit

133 1263 162 70 habitus
251 1263 176 70 memoriae
383 1263 191 70 corruptio
530 1263 103 70 per
589 1263 132 70 motus
677 1263 191 70 naturales
824 1263 191 70 passionum
971 1263 235 70 corporalium:
1162 1263 118 70 quae
1236 1263 103 70 sic
1295 1263 191 70 impediunt
1442 1263 88 70 ne
1486 1263 206 70 generetur:
1647 1263 176 70 secundum
1780 1263 118 70 quod

129 1317 128 65 dicit
214 1317 228 65 philosophus.
399 1317 114 65 vii.
471 1317 185 65 physicae.
613 1317 128 65 Neque
699 1317 171 65 infantes
827 1317 157 65 possunt
941 1317 199 65 addiscere:
1098 1317 128 65 multa
1183 1317 114 65 enim
1254 1317 171 65 turbatio
1383 1317 128 65 circa
1468 1317 114 65 eos.
1539 1317 85 65 Et
1582 1317 85 65 in
1625 1317 128 65 libro
1710 1317 85 65 de
1739 1317 128 65 memoria

131 1371 71 55 &
159 1371 243 55 reminiscentia
359 1371 157 55 loquens
474 1371 86 55 de
517 1371 214 55 generatione
688 1371 172 55 menoriae
817 1371 143 55 dicit.
917 1371 157 55 Oportet
1031 1371 157 55 aliquam
1146 1371 129 55 fieri
1232 1371 100 55 per
1289 1371 143 55 sensum
1389 1371 86 55 in
1432 1371 157 55 animae:
1546 1371 71 55 &
1575 1371 86 55 in
1618 1371 129 55 parte
1703 1371 172 55 corporis
1818 1371 57 55 ha

127 1419 146 66 bentis
230 1419 146 66 ipsam:
332 1419 131 66 cuius
419 1419 160 66 habitum
536 1419 160 66 dicimus
653 1419 190 66 menoriam,
798 1419 131 66 sicut
886 1419 219 66 sigillantis
1061 1419 175 66 sigilli.
1192 1419 117 66 Vnde
1265 1419 73 66 &
1294 1419 102 66 his
1353 1419 102 66 qui
1411 1419 88 66 in
1455 1419 117 66 motu
1528 1419 131 66 multo
1615 1419 160 66 propter
1718 1419 160 66 passionem

131 1472 91 71 aut
183 1472 143 71 aetatem
287 1472 104 71 sunt
352 1472 91 71 non
405 1472 91 71 sit
457 1472 156 71 menoria:
574 1472 143 71 tanquam
678 1472 78 71 in
717 1472 117 71 aquam
796 1472 156 71 fluentem
913 1472 169 71 incidente
1043 1472 156 71 sigillo:
1160 1472 91 71 sic
1212 1472 91 71 eam
1265 1472 169 71 corrumpit
1395 1472 91 71 cum
1447 1472 91 71 iam
1499 1472 156 71 generata
1616 1472 104 71 est.
1682 1472 156 71 secundum
1799 1472 104 71 quod

139 1528 123 59 dicit
222 1528 96 59 ibi
276 1528 110 59 quod
345 1528 82 59 in
386 1528 151 59 senibus
496 1528 96 59 non
551 1528 96 59 sit
606 1528 165 59 memoria:
729 1528 110 59 quia
798 1528 151 59 propter
907 1528 137 59 multum
1003 1528 123 59 motum
1086 1528 192 59 decrementi
1236 1528 110 59 sunt
1305 1528 123 59 sicut
1387 1528 165 59 antiquam
1511 1528 178 59 aedificia
1648 1528 110 59 quae
1716 1528 165 59 continue
1826 1528 55 59 de

135 1576 148 72 cidunt.
242 1576 216 72 Consimiliter
417 1576 67 72 &
444 1576 81 72 in
485 1576 148 72 memoria
592 1576 216 72 intellectiua
768 1576 108 72 quae
835 1576 94 72 est
889 1576 202 72 intellectus
1050 1576 189 72 possibilis
1199 1576 175 72 inquantum
1333 1576 94 72 est
1387 1576 229 72 conseruatiuus
1576 1576 148 72 habitus
1683 1576 94 72 sit
1724 1576 148 72 corruptio

128 1629 132 65 sciae
216 1629 132 65 primo
304 1629 103 65 per
363 1629 147 65 actuum
466 1629 235 65 cessationem:
656 1629 103 65 sed
715 1629 103 65 non
773 1629 205 65 effectiue:
935 1629 117 65 immo
1008 1629 73 65 a
1037 1629 161 65 motibus
1155 1629 73 65 &
1184 1629 235 65 passionibus.
1375 1629 103 65 Non
1433 1629 117 65 dico
1506 1629 235 65 corporalibus
1697 1629 147 65 factis
1785 1629 88 65 cir-

146 1685 75 68 ca
183 1685 174 68 sensitiuam
320 1685 137 68 partem:
419 1685 87 68 per
469 1685 99 68 quos
531 1685 87 68 per
581 1685 149 68 accidens
692 1685 137 68 deficit
792 1685 112 68 actus
866 1685 224 68 intellectiuae:
1053 1685 87 68 non
1102 1685 112 68 autem
1177 1685 87 68 per
1227 1685 75 68 se
1264 1685 186 68 corrumpitur
1413 1685 124 68 hintus
1500 1685 137 68 scialis
1600 1685 75 68 in
1637 1685 112 68 ipsa:
1711 1685 87 68 sed
1749 1685 124 68 spirita-

133 1733 127 62 libus
218 1733 71 62 a
246 1733 141 62 fomite
345 1733 99 62 qui
401 1733 127 62 magis
486 1733 156 62 fluidum
599 1733 156 62 faciunt
713 1733 212 62 intellectum
882 1733 113 62 quam
953 1733 127 62 motus
1038 1733 198 62 corporales
1193 1733 141 62 partem
1292 1733 226 62 memoratiuam.
1476 1733 85 62 Et
1518 1733 99 62 est
1575 1733 113 62 iste
1646 1733 113 62 vnus
1716 1733 127 62 modus
1787 1733 99 62 corru

134 1789 139 68 ptionis
235 1789 152 68 habituum
349 1789 76 68 ex
387 1789 189 68 praedictis:
538 1789 88 68 qui
589 1789 139 68 omnibus
690 1789 164 68 habitibus
816 1789 152 68 communis
930 1789 101 68 est:
993 1789 88 68 sed
1044 1789 164 68 prudentia
1170 1789 114 68 habet
1246 1789 177 68 specialem:
1385 1789 88 68 per
1435 1789 152 68 malitia.
1549 1789 152 68 scilicet
1662 1789 76 68 in
1700 1789 126 68 vitiis
1776 1789 101 68 opposi

132 1847 96 57 tam
187 1847 164 57 bonitati
310 1847 178 57 virtutum.
447 1847 109 57 Vnde
515 1847 109 57 quid
583 1847 205 57 philosophus
747 1847 137 57 dicit:
843 1847 109 57 quia
911 1847 123 57 artis
993 1847 96 57 est
1048 1847 164 57 obliuio,
1171 1847 191 57 prudentiae
1321 1847 109 57 vero
1389 1847 109 57 non:
1457 1847 96 57 hoc
1512 1847 96 57 non
1567 1847 123 57 dicit
1649 1847 109 57 quin
1717 1847 150 57 habitus
1813 1847 68 57 pru

136 1896 162 64 dentiae
254 1896 118 64 fiat
328 1896 162 64 obliuio
446 1896 133 64 sicut
535 1896 74 64 &
565 1896 177 64 aliorum:
697 1896 103 64 sed
757 1896 103 64 hoc
816 1896 133 64 dicit
904 1896 207 64 aspiciendo
1067 1896 236 64 necessitatem
1259 1896 162 64 operis.
1377 1896 103 64 hoc
1436 1896 118 64 enim
1510 1896 177 64 secundum
1643 1896 192 64 Conmenta.
1776 1896 103 64 dicit

136 1950 205 65 philosophus
301 1950 109 65 quia
369 1950 164 65 secundum
492 1950 123 65 artem
574 1950 96 65 non
629 1950 137 65 semper
725 1950 151 65 oportet
834 1950 164 65 operari:
957 1950 164 65 secundum
1080 1950 192 65 prudentiam
1231 1950 123 65 autem
1313 1950 151 65 oportet
1422 1950 151 65 semper.
1532 1950 164 65 subiecta
1655 1950 109 65 enim
1710 1950 164 65 prudentiae

135 2011 127 64 semper
224 2011 177 64 praeiacent
363 2011 139 64 homini:
465 2011 76 64 in
503 2011 139 64 virtute
604 2011 101 64 enim
667 2011 127 64 viuere
756 2011 114 64 seper
832 2011 89 64 est
882 2011 139 64 naturae
984 2011 139 64 hominis
1085 2011 152 64 debitum:
1199 2011 63 64 &
1224 2011 127 64 vbique
1313 2011 63 64 &
1338 2011 76 64 in
1376 2011 139 64 omnibus
1477 2011 152 64 operibus
1591 2011 63 64 &
1617 2011 76 64 in
1655 2011 139 64 omnibus
1743 2011 127 64 passioni

141 2055 109 59 bus:
209 2055 82 59 in
250 2055 136 59 quibus
345 2055 150 59 omnibus
454 2055 95 59 est
509 2055 190 59 prudentia.
658 2055 109 59 Quin
726 2055 122 59 tamen
808 2055 122 59 cadat
890 2055 82 59 in
931 2055 95 59 eum
985 2055 122 59 motus
1067 2055 190 59 obliuionis
1216 2055 95 59 quo
1271 2055 109 59 sper
1339 2055 109 59 fiat
1407 2055 122 59 minor
1488 2055 68 59 &
1516 2055 122 59 minor
1597 2055 163 59 quausque
1720 2055 136 59 omnino
1815 2055 95 59 de-

133 2112 144 66 ficiat
233 2112 129 66 sicut
319 2112 72 66 &
348 2112 86 66 in
391 2112 144 66 aliis:
492 2112 101 66 ita
549 2112 129 66 tamen
636 2112 115 66 quod
708 2112 172 66 quousque
837 2112 187 66 deficiat,
981 2112 144 66 semper
1081 2112 101 66 sit
1139 2112 86 66 in
1182 2112 172 66 aliquali
1311 2112 144 66 actum:
1412 2112 101 66 non
1469 2112 101 66 est
1527 2112 144 66 omnino
1627 2112 115 66 suae
1685 2112 201 66 intentionis.

457 2163 175 74 Equitur
584 2163 95 74 de
632 2163 111 74 eis
695 2163 127 74 quae
775 2163 206 74 pertinent
933 2163 95 74 ad
981 2163 175 74 habitus
1108 2163 191 74 infusos.
1251 2163 111 74 Vbi
1314 2163 254 74 quaerebantur
1521 2163 175 74 quaedam
1648 2163 95 74 de
1695 2163 143 74 ipsis
1775 2163 111 74 conmu

441 2221 152 59 niter
543 2221 118 59 quo
610 2221 102 59 ad
661 2221 169 59 omnes.
779 2221 169 59 Deinde
898 2221 186 59 quaedam
1033 2221 254 59 specialiter
1236 2221 152 59 circa
1338 2221 186 59 quosdam
1473 2221 237 59 speciales.
1659 2221 152 59 ClRca
1744 2221 135 59 primum

442 2264 239 82 quaerebantur
636 2264 120 82 duo:
711 2264 120 82 vnum
786 2264 90 82 de
831 2264 135 82 ipsis
921 2264 239 82 consideratis
1115 2264 179 82 secundum
1250 2264 90 82 se
1295 2264 75 82 &
1325 2264 194 82 absolute:
1474 2264 165 82 alterum
1594 2264 90 82 de
1639 2264 105 82 eis
1699 2264 90 82 in
1728 2264 150 82 compara-

448 2316 131 66 tione
536 2316 87 66 ad
580 2316 117 66 suum
652 2316 219 66 contrarium.
827 2316 175 66 scilicet
958 2316 87 66 ad
1002 2316 189 66 peccatum.
1148 2316 146 66 Primum
1250 2316 131 66 erat:
1337 2316 131 66 vtrum
1424 2316 160 66 habitus
1541 2316 160 66 infusus
1657 2316 146 66 possit
1745 2316 131 66 augeri.

454 2367 181 69 Secundum
590 2367 136 69 vtrum
681 2367 166 69 adultus
802 2367 121 69 sine
877 2367 121 69 gera
953 2367 121 69 quae
1028 2367 106 69 est
1089 2367 136 69 quasi
1180 2367 166 69 habitus
1301 2367 197 69 generalis
1452 2367 91 69 ad
1497 2367 136 69 omnes
1588 2367 166 69 infusos
1709 2367 151 69 possit
1799 2367 76 69 ca-

442 2434 120 58 uere
517 2434 181 58 peccatum
653 2434 181 58 mortale.
788 2434 135 58 ClRca
878 2434 151 58 primum
984 2434 181 58 arguitur
1119 2434 120 58 quod
1195 2434 120 58 non:
1270 2434 166 58 quoniam
1390 2434 120 58 quid
1466 2434 166 58 augetur
1586 2434 105 58 est
1646 2434 90 58 in
1691 2434 181 58 potentia
1812 2434 60 58 ad

421 2483 251 51 perfectionem
625 2483 126 51 quam
704 2483 173 51 recipit
830 2483 110 51 per
892 2483 220 51 augmentum:
1065 2483 173 51 habitus
1191 2483 173 51 infusus
1317 2483 110 51 non
1379 2483 110 51 est
1442 2483 94 51 in
1489 2483 204 51 potentia:
1646 2483 126 51 quia
1725 2483 110 51 est
1772 2483 110 51 forma

133 2535 126 67 quae
212 2535 110 67 non
275 2535 142 67 habet
370 2535 205 67 subiectum
527 2535 126 67 quod
606 2535 110 67 sit
669 2535 95 67 ad
716 2535 142 67 ipsam
811 2535 95 67 in
858 2535 205 67 potentia.
1016 2535 95 67 IN
1063 2535 221 67 contrarium
1236 2535 142 67 autem
1331 2535 126 67 sunt
1409 2535 299 67 determinationes
1661 2535 221 67 sanctorum.
1819 2535 63 67 DI

131 2583 161 55 cendum
243 2583 96 55 ad
292 2583 112 55 hoc
356 2583 129 55 quod
436 2583 161 55 duplex
549 2583 112 55 est
613 2583 209 55 augmentum
774 2583 209 55 formarum:
934 2583 129 55 vnum
1015 2583 96 55 in
1063 2583 161 55 natura
1175 2583 80 55 &
1207 2583 193 55 essentia
1352 2583 161 55 earum:
1464 2583 145 55 aliud
1561 2583 96 55 in
1609 2583 129 55 ipsa
1689 2583 225 55 operatione

134 2634 170 60 secundum
261 2634 113 60 quod
332 2634 170 60 inferius
459 2634 226 60 declarabitur
643 2634 127 60 magis
728 2634 85 60 in
770 2634 198 60 quaestione
926 2634 85 60 de
968 2634 170 60 augmento
1095 2634 212 60 charitatis.
1265 2634 170 60 Quaestio
1392 2634 127 60 autem
1477 2634 113 60 ista
1548 2634 184 60 proposita
1689 2634 99 60 non
1746 2634 113 60 fuit
1802 2634 85 60 nisi

130 2689 184 69 propter
264 2689 150 69 modum
364 2689 201 69 augmenti
515 2689 100 69 in
565 2689 234 69 substantia
749 2689 217 69 formarum.
916 2689 100 69 de
966 2689 117 69 quo
1033 2689 167 69 opinio
1150 2689 134 69 est:
1234 2689 134 69 quod
1317 2689 217 69 augmentum
1485 2689 150 69 earum
1585 2689 117 69 non
1652 2689 117 69 est
1719 2689 100 69 ex
1752 2689 134 69 natura

133 2744 203 52 essentiae
290 2744 156 52 earum:
399 2744 109 52 sed
462 2744 94 52 ex
509 2744 250 52 dispositione
712 2744 78 52 &
743 2744 125 52 modo
821 2744 172 52 essendi
946 2744 94 52 in
993 2744 203 52 subiecto,
1149 2744 125 52 quid
1228 2744 141 52 satis
1321 2744 219 52 improbatum
1493 2744 109 52 est
1556 2744 94 52 in
1603 2744 156 52 quadam
1696 2744 188 52 quaestione

123 2791 101 59 de
174 2791 151 59 magis
274 2791 84 59 &
308 2791 151 59 minus
408 2791 101 59 in
458 2791 168 59 quodam
576 2791 134 59 alio
660 2791 218 59 Quolibet.
827 2791 134 59 Vnde
911 2791 134 59 quia
995 2791 168 59 formae
1112 2791 184 59 infusae
1246 2791 117 59 non
1313 2791 168 59 habent
1430 2791 134 59 esse
1514 2791 101 59 in
1565 2791 201 59 subiecto
1715 2791 101 59 ex
1749 2791 134 59 natura

129 2843 196 69 subiecti:
279 2843 75 69 &
309 2843 105 69 ita
370 2843 135 69 sicut
460 2843 90 69 ex
505 2843 181 69 subiecto
640 2843 105 69 non
701 2843 150 69 habent
806 2843 135 69 esse,
896 2843 105 69 sic
956 2843 135 69 neque
1047 2843 120 69 suum
1122 2843 211 69 augmentum:
1287 2843 165 69 habendo
1408 2843 181 69 aspectum
1543 2843 90 69 ad
1588 2843 135 69 istam
1678 2843 196 69 opinionem
1814 2843 75 69 non

135 2901 174 65 apparet
262 2901 142 65 modus
356 2901 111 65 quo
419 2901 95 65 in
467 2901 205 65 habitibus
625 2901 174 65 infusis
751 2901 111 65 sit
814 2901 205 65 possibile
972 2901 126 65 poni
1051 2901 221 65 augmentum,
1225 2901 174 65 propter
1351 2901 126 65 quod
1430 2901 253 65 proponebatur
1635 2901 189 65 quaestio
1777 2901 142 65 ista.

131 2954 111 54 Sed
194 2954 95 54 vt
242 2954 253 54 determinatum
447 2954 111 54 est
511 2954 95 54 in
558 2954 190 54 praefata
700 2954 237 54 quaestione:
890 2954 79 54 &
922 2954 206 54 similiter
1080 2954 158 54 tactum
1190 2954 111 54 est
1254 2954 142 54 supra
1348 2954 95 54 de
1396 2954 237 54 generatione
1586 2954 206 54 habituum:
1728 2954 158 54 intensio

130 3005 81 65 &
162 3005 194 65 remissio
308 3005 97 65 in
357 3005 162 65 formis
470 3005 162 65 habent
584 3005 146 65 fieri
681 3005 97 65 in
729 3005 194 65 essentia
875 3005 194 65 formarum
1021 3005 97 65 ex
1070 3005 130 65 ipsa
1151 3005 162 65 natura
1264 3005 113 65 qua
1329 3005 97 65 in
1377 3005 113 65 sua
1442 3005 194 65 essentia
1588 3005 243 65 latitudinem
1766 3005 130 65 habent

124 3058 95 64 Et
172 3058 127 64 ideo
251 3058 111 64 non
315 3058 95 64 ex
363 3058 159 64 natura
474 3058 207 64 subiecti:
633 3058 111 64 sed
696 3058 95 64 ex
744 3058 159 64 natura
856 3058 159 64 ipsius
967 3058 159 64 formae
1078 3058 191 64 secundum
1221 3058 95 64 se
1269 3058 254 64 inuestiganda
1476 3058 111 64 est
1539 3058 143 64 ratio
1635 3058 80 64 &
1666 3058 143 64 causa
1746 3058 143 64 augmen-

119 3111 105 74 ti.
179 3111 105 74 est
239 3111 120 74 enim
313 3111 134 74 eadem
403 3111 105 74 cum
463 3111 90 74 eo
508 3111 120 74 quid
582 3111 105 74 est
642 3111 134 74 causa
732 3111 134 74 magis
821 3111 75 74 &
851 3111 149 74 minus:
956 3111 134 74 magis
1045 3111 120 74 enim
1120 3111 75 74 &
1150 3111 134 74 minus
1240 3111 120 74 sunt
1314 3111 254 74 dispositiones
1523 3111 194 74 subiecti:
1673 3111 90 74 ex
1718 3111 90 74 eo
1763 3111 120 74 quod
1822 3111 75 74 for
