2408 3733
437 243 140 94 tare.
531 243 93 94 vt
577 243 109 94 sic
640 243 140 94 actus
733 243 140 94 fidei
826 243 249 94 praesupponat
1029 243 202 94 conceptum
1184 243 218 94 terminorum
1355 243 249 94 complexionum
1558 243 233 94 articulorum
1744 243 156 94 fidei.
1853 243 109 94 Quo
1915 243 93 94 ad
1962 243 124 94 hoc,
2040 243 93 94 nm
2086 243 140 94 sides
2164 243 78 94 est

445 329 93 64 ex
491 329 170 64 auditu.
615 329 186 64 secundum
754 329 201 64 Apostolum
908 329 108 64 Ro.
970 329 139 64 viii.
1063 329 93 64 AD
1109 329 186 64 assensum
1249 329 139 64 autem
1341 329 77 64 &
1372 329 201 64 dissensum
1527 329 232 64 credendorum
1712 329 232 64 intellectus
1898 329 155 64 noster
2006 329 170 64 quantum
2130 329 108 64 est
2176 329 62 64 de

451 380 81 64 se
491 380 94 64 per
545 380 242 64 indifferentiam
746 380 81 64 se
787 380 134 64 habet:
881 380 108 64 quia
948 380 94 64 nec
1002 380 134 64 potest
1096 380 108 64 illa
1163 380 94 64 per
1217 380 188 64 euidentiam
1364 380 94 64 rei
1418 380 202 64 conspicere,
1579 380 94 64 nec
1633 380 121 64 ratio
1714 380 108 64 vera
1781 380 175 64 naturalis
1915 380 94 64 per
1969 380 108 64 suam
2036 380 228 64 inquisitionem

437 438 136 64 pont
522 438 187 64 ipsorum
658 438 221 64 veritatem
829 438 239 64 ostendere:
1016 438 102 64 vt
1067 438 119 64 sic
1136 438 119 64 eis
1204 438 204 64 perfecte
1357 438 256 64 consentiat.
1561 438 119 64 Nec
1630 438 153 64 etiam
1732 438 170 64 potest
1851 438 239 64 contrarium
2039 438 119 64 eis
2090 438 153 64 conuin-

439 500 150 53 cere:
540 500 100 53 vt
590 500 167 53 omnino
707 500 117 53 eis
774 500 251 53 dissentiat:
974 500 117 53 nec
1041 500 150 53 etiam
1142 500 167 53 signum
1259 500 234 53 probabile,
1442 500 100 53 vt
1493 500 184 53 alterum
1626 500 184 53 illorum
1760 500 217 53 opinetur:
1927 500 117 53 nec
1994 500 150 53 etiam
2095 500 150 53 tenue
2178 500 67 53 si

437 541 150 71 gnum:
537 541 100 71 vt
587 541 167 71 saltem
704 541 117 71 hoc
771 541 117 71 vel
838 541 133 71 suum
921 541 234 71 contrarium
1105 541 250 71 suspicetur,
1305 541 83 71 &
1338 541 117 71 vni
1405 541 150 71 parti
1505 541 217 71 adhaereat
1672 541 117 71 cum
1739 541 217 71 formidine
1905 541 217 71 alterius:
2072 541 100 71 vt
2122 541 100 71 in
2156 541 83 71 hoc

444 593 237 61 verificetur
634 593 174 61 proprie
760 593 142 61 illud
854 593 126 61 quod
933 593 142 61 dicit
1028 593 237 61 Apostolius.
1217 593 110 61 Non
1280 593 142 61 sumus
1375 593 252 61 sufficientes
1580 593 189 61 cogitare
1722 593 174 61 aliquid
1849 593 95 61 ex
1896 593 142 61 nobis
1991 593 142 61 quasi
2085 593 95 61 ex
2117 593 126 61 nobis.

431 651 107 63 De
485 651 233 63 credendis
664 651 161 63 autem
771 651 125 63 quo
843 651 107 63 ad
896 651 250 63 simplicium
1093 651 322 63 intelligentiam
1361 651 215 63 cogitare
1522 651 197 63 aliquid
1666 651 215 63 possumus
1827 651 107 63 ex
1880 651 179 63 nobis,
2005 651 233 63 supposita
2166 651 72 63 ge

448 699 151 68 nerali
554 699 211 68 influentia
719 699 121 68 dei,
795 699 106 68 vbi
855 699 196 68 cogitatio
1006 699 121 68 idem
1081 699 106 68 est
1142 699 121 68 quod
1217 699 181 68 actualis
1353 699 272 68 intelligentia.
1579 699 91 68 de
1625 699 106 68 qua
1685 699 136 68 dicit
1775 699 211 68 Augustinus
1941 699 151 68 xiiii.
2047 699 91 68 de
2092 699 151 68 Trini.
2183 699 60 68 Di

440 761 109 61 co
494 761 328 61 intelligentiam
768 761 128 61 cum
841 761 291 61 intelligimus
1077 761 273 61 cogitantes.
1296 761 128 61 Sed
1369 761 128 61 quo
1442 761 109 61 ad
1496 761 273 61 intellectum
1715 761 273 61 complexorum
1933 761 291 61 continentium
2152 761 91 61 ar-

435 812 185 62 ticulos
570 812 152 62 fidei
671 812 118 62 non
738 812 202 62 sufficit
890 812 135 62 homo
974 812 101 62 ex
1025 812 101 62 se
1075 812 219 62 cogitare:
1244 812 101 62 vt
1294 812 168 62 saltem
1412 812 101 62 ex
1463 812 118 62 se,
1530 812 84 62 &
1564 812 101 62 ex
1615 812 219 62 proposito
1783 812 101 62 ex
1834 812 253 62 simplicibus
2019 812 219 62 intellectis

437 867 223 60 concipiat
608 867 137 60 vnum
694 867 206 60 illorum:
849 867 86 60 &
883 867 120 60 sic
952 867 120 60 eum
1020 867 206 60 cogitet.
1175 867 223 60 Continet,
1347 867 86 60 n
1381 867 137 60 quod
1467 867 120 60 nec
1535 867 172 60 oculus
1655 867 172 60 vidit,
1776 867 120 60 nec
1844 867 154 60 auris
1947 867 206 60 audiuit,
2102 867 120 60 nec
2170 867 103 60 in

446 917 106 66 cor
506 917 166 66 hominis
627 917 196 66 ascendit.
778 917 106 66 Sed
839 917 91 66 vt
884 917 136 66 dicit
974 917 211 66 Augustinus
1141 917 136 66 sermo
1231 917 91 66 id
1276 917 106 66 est
1337 917 136 66 super
1428 917 136 66 loan.
1518 917 106 66 Cor
1579 917 166 66 hominis
1699 917 181 66 ascendit
1835 917 91 66 in
1881 917 151 66 illud.
1986 917 121 66 Quod
2062 917 121 66 enim
2122 917 121 66 ascen-

442 970 119 66 dit
510 970 102 66 in
561 970 119 66 cor
629 970 204 66 hominis,
782 970 119 66 sed
850 970 102 66 de
901 970 136 66 imo,
986 970 119 66 est
1054 970 102 66 ad
1105 970 204 66 hominem.
1258 970 119 66 Quo
1326 970 153 66 autem
1428 970 204 66 ascendit
1581 970 119 66 cor
1649 970 187 66 hominis
1785 970 170 66 sursum
1904 970 119 66 est
1972 970 102 66 ab
2023 970 187 66 homine.
2142 970 102 66 Quid

443 1027 104 66 si
495 1027 157 66 forte
599 1027 139 66 vnum
686 1027 191 66 illorum
825 1027 122 66 est
895 1027 174 66 sursum
1017 1027 122 66 per
1086 1027 191 66 auditum
1226 1027 104 66 ab
1278 1027 139 66 alio
1365 1027 122 66 vel
1435 1027 174 66 aliquo
1556 1027 139 66 alio
1643 1027 139 66 modo
1730 1027 191 66 aliquem
1870 1027 191 66 illorum
2009 1027 244 66 concipiat,
2183 1027 52 66 &

445 1079 106 57 de
498 1079 141 57 illo
586 1079 211 57 cogitet:
745 1079 106 57 ad
797 1079 176 57 nuilum
921 1079 264 57 intellectum
1132 1079 229 57 capiendum
1308 1079 106 57 de
1361 1079 106 57 eo
1414 1079 229 57 ascendere
1590 1079 194 57 potest:
1730 1079 141 57 immo
1819 1079 194 57 necesse
1959 1079 123 57 est
2030 1079 106 57 vt
2083 1079 158 57 nihil
2171 1079 70 57 de

446 1128 100 71 eo
496 1128 133 71 sibi
579 1128 250 71 determinate
779 1128 183 71 iudicet
912 1128 250 71 sentiendum:
1112 1128 116 71 aut
1178 1128 133 71 quod
1262 1128 183 71 propria
1395 1128 250 71 fragilitate
1594 1128 166 71 statim
1711 1128 183 71 propter
1844 1128 183 71 aliquod
1977 1128 200 71 apparens
2110 1128 133 71 verisi

442 1185 143 73 mile
531 1185 178 73 contra
656 1185 160 73 ipsum
763 1185 107 73 de
817 1185 178 73 ipsius
941 1185 214 73 veritate
1102 1185 107 73 in
1155 1185 285 73 dubitationem
1387 1185 178 73 cadat:
1512 1185 196 73 neutram
1655 1185 160 73 tamen
1762 1185 178 73 partem
1886 1185 339 73 contradictionis
2154 1185 89 73 per

443 1240 206 71 assensum
597 1240 137 71 siue
683 1240 257 71 assertionem
888 1240 257 71 determinet.
1094 1240 137 71 Quia
1180 1240 103 71 si
1231 1240 103 71 ad
1282 1240 326 71 inuestigationem
1557 1240 103 71 ex
1608 1240 120 71 eis
1677 1240 137 71 quae
1762 1240 154 71 videt
1865 1240 103 71 in
1916 1240 223 71 creaturis
2071 1240 171 71 procede-

441 1295 105 67 re
493 1295 244 67 praesumat,
685 1295 105 67 ex
737 1295 157 67 puris
842 1295 262 67 naturalibus
1051 1295 227 67 proficere
1226 1295 122 67 non
1296 1295 192 67 potest:
1436 1295 122 67 per
1505 1295 209 67 propriam
1662 1295 157 67 tamen
1767 1295 279 67 infirmitatem
1994 1295 227 67 deficiens
2151 1295 70 67 in

446 1350 218 68 perfidiam
614 1350 285 68 infidelitatis
849 1350 168 68 cadere
967 1350 168 68 potest
1084 1350 168 68 omnino
1202 1350 269 68 dissentiendo
1420 1350 118 68 eis
1487 1350 185 68 tanquam
1622 1350 168 68 falsis
1739 1350 84 68 &
1773 1350 218 68 erroneis.
1941 1350 118 68 Cum
2008 1350 168 68 igitur
2109 1350 134 68 crede-

436 1403 104 66 re
488 1403 260 66 necessarium
695 1403 121 66 est
765 1403 104 66 ad
817 1403 208 66 salutem:
973 1403 139 66 quia
1059 1403 139 66 sine
1146 1403 139 66 fide
1232 1403 260 66 impossibile
1440 1403 121 66 est
1510 1403 191 66 placere
1648 1403 139 66 deo,
1735 1403 87 66 &
1769 1403 242 66 accedentem
1960 1403 104 66 ad
2012 1403 139 66 deum
2081 1403 156 66 oportet

443 1458 188 57 credere:
584 1458 94 57 vt
631 1458 141 57 dicit
725 1458 203 57 Apostols:
881 1458 188 57 postquam
1022 1458 125 57 ergo
1100 1458 235 57 intellectus
1288 1458 203 57 naturalis
1444 1458 94 57 ad
1491 1458 203 57 huiusmodi
1648 1458 141 57 actum
1742 1458 219 57 eliciendum
1914 1458 94 57 ex
1960 1458 141 57 puris
2039 1458 203 57 naturalibus

442 1509 115 55 non
507 1509 165 55 possit
623 1509 231 55 ascendere:
804 1509 247 55 necessarius
1002 1509 115 55 est
1068 1509 99 55 ei
1117 1509 181 55 habitus
1249 1509 297 55 supernaturalis
1496 1509 115 55 qui
1562 1509 99 55 ad
1612 1509 115 55 hoc
1678 1509 247 55 intellectum
1875 1509 214 55 inclinet:
2040 1509 115 55 qui
2090 1509 148 55 dicitur

439 1565 170 65 habitus
562 1565 155 65 fidei.
671 1565 108 65 Sed
733 1565 139 65 vtrum
825 1565 93 65 ad
872 1565 124 65 hunc
949 1565 139 65 actum
1042 1565 232 65 eliciendum.
1228 1565 186 65 scilicet
1367 1565 93 65 vt
1414 1565 232 65 intellectus
1599 1565 201 65 assentiat
1754 1565 186 65 veritati
1893 1565 248 65 complexionis
2095 1565 124 65 quam
2157 1565 77 65 nul

440 1617 99 68 lo
489 1617 132 68 modo
572 1617 198 68 intuetur
720 1617 99 68 ex
770 1617 116 68 se,
836 1617 231 68 requiratur
1017 1617 182 68 aliquis
1149 1617 182 68 habitus
1281 1617 99 68 in
1331 1617 231 68 voluntate,
1512 1617 99 68 de
1562 1617 116 68 hoc
1628 1617 116 68 est
1694 1617 215 68 quaestio.
1859 1617 149 68 super
1958 1617 165 68 talem,
2073 1617 99 68 n.
2106 1617 132 68 assen-

433 1674 133 64 sum
509 1674 133 64 qui
585 1674 133 64 non
661 1674 304 64 praesupponit
908 1674 152 64 nisi
1003 1674 247 64 naturalem
1193 1674 323 64 incomplexorum
1460 1674 304 64 intellectum,
1707 1674 95 64 &
1745 1674 304 64 complexionis
1992 1674 247 64 volubilem
2163 1674 76 64 co

450 1728 263 71 gitationem,
661 1728 211 71 fundatur
819 1728 158 71 omnis
924 1728 158 71 fidei
1029 1728 228 71 scientia:
1205 1728 140 71 quae
1293 1728 228 71 purificat
1468 1728 175 71 mentem
1591 1728 105 71 ad
1643 1728 246 71 creditorum
1836 1728 333 71 intelligentiam:
2117 1728 105 71 vt
2152 1728 88 71 sit

445 1781 153 62 media
547 1781 153 62 inter
650 1781 256 62 naturaliter
854 1781 239 62 intellecta
1042 1781 85 62 &
1076 1781 341 62 supernaturaliter
1366 1781 290 62 intelligenda.
1604 1781 188 62 dicente
1741 1781 239 62 Augustinus
1928 1781 153 62 super
2030 1781 153 62 illud
2116 1781 119 62 psal.

442 1833 161 73 cviii.
554 1833 96 73 Da
602 1833 128 73 mihi
683 1833 257 73 intellectum.
891 1833 177 73 Quamuis
1020 1833 128 73 nisi
1100 1833 177 73 aliquid
1229 1833 225 73 intelligat
1405 1833 128 73 nemo
1485 1833 161 73 potest
1598 1833 193 73 credere,
1742 1833 144 73 tamen
1839 1833 128 73 ipsa
1919 1833 128 73 fide
1999 1833 112 73 qua
2063 1833 161 73 credit
2160 1833 80 73 sa-

446 1887 156 67 natur
550 1887 104 67 vt
602 1887 243 67 intelligat
793 1887 225 67 ampliora.
966 1887 139 67 Alia
1053 1887 139 67 enim
1139 1887 139 67 sunt
1226 1887 139 67 quae
1313 1887 139 67 nisi
1400 1887 277 67 intelligamus
1625 1887 121 67 non
1694 1887 225 67 credimus:
1868 1887 87 67 &
1902 1887 139 67 alia
1989 1887 139 67 quae
2076 1887 139 67 nisi
2145 1887 87 67 cre

444 1940 155 67 damus
547 1940 121 67 non
616 1940 293 67 intelligimus.
857 1940 207 67 Proficit
1012 1940 138 67 ergo
1098 1940 258 67 intellectus
1305 1940 103 67 ad
1357 1940 276 67 intelligenda
1581 1940 138 67 quae
1667 1940 189 67 credit,
1804 1940 86 67 &
1839 1940 155 67 fides
1942 1940 207 67 proficit
2097 1940 103 67 ad
2132 1940 103 67 cre-

449 1993 151 64 denda
550 1993 134 64 quae
633 1993 251 64 intelligit:
834 1993 84 64 &
868 1993 151 64 eadem
968 1993 100 64 vt
1018 1993 151 64 magis
1119 1993 201 64 magisque
1269 1993 285 64 intelligantur
1504 1993 100 64 in
1554 1993 134 64 ipso
1638 1993 268 64 intellectum,
1855 1993 201 64 proficit
2006 1993 151 64 mens:
2106 1993 117 64 sed
2156 1993 84 64 hoc

447 2050 122 60 non
516 2050 208 60 propriis
672 2050 191 60 tanquam
811 2050 261 60 naturalibus
1020 2050 208 60 viribus,
1176 2050 122 60 sed
1246 2050 122 60 deo
1315 2050 191 60 donante
1454 2050 156 60 atque
1558 2050 208 60 iuuante,
1715 2050 156 60 sicut
1819 2050 208 60 medicina
1975 2050 122 60 sit
2045 2050 122 60 non
2097 2050 139 60 natura

445 2111 109 62 vt
499 2111 182 62 oculus
627 2111 218 62 vitiatus
790 2111 127 62 vim
863 2111 218 62 cernendi
1027 2111 236 62 recipiat.
1209 2111 218 62 SEcundum
1372 2111 145 62 hunc
1463 2111 145 62 ergo
1554 2111 164 62 modum
1663 2111 291 62 difficultate
1900 2111 273 62 quaestionis
2100 2111 145 62 intel-

450 2156 140 59 lecta
543 2156 186 59 sciendum
682 2156 109 59 est
744 2156 124 59 quod
822 2156 202 59 aliquorum
977 2156 109 59 est
1039 2156 155 59 opinio
1147 2156 124 59 quod
1225 2156 233 59 intellectus
1411 2156 171 59 noster,
1535 2156 124 59 quia
1612 2156 93 59 vt
1659 2156 109 59 iam
1721 2156 155 59 dictum
1829 2156 109 59 est
1891 2156 93 59 ex
1938 2156 93 59 se
1984 2156 109 59 est
2046 2156 217 59 indetermi-

438 2210 153 68 natus
540 2210 102 68 ad
591 2210 119 68 hoc
659 2210 136 68 quod
744 2210 221 68 assentiat
915 2210 204 68 articulo
1068 2210 204 68 complexo
1221 2210 255 68 credendorum
1425 2210 119 68 vel
1493 2210 119 68 non
1561 2210 238 68 assentiat:
1748 2210 306 68 indeterminatum
2004 2210 153 68 autem
2106 2210 102 68 ad
2157 2210 119 68 duo

450 2264 95 65 ad
498 2264 174 65 alterum
624 2264 142 65 eorum
719 2264 111 65 non
782 2264 237 65 determinate
971 2264 190 65 mouetur,
1114 2264 126 65 nisi
1193 2264 111 65 per
1256 2264 174 65 aliquid
1382 2264 237 65 determinate
1572 2264 158 65 mouens
1682 2264 142 65 ipsum
1777 2264 95 65 ad
1824 2264 158 65 illud:
1935 2264 237 65 intellectus
2124 2264 142 65 autem

448 2317 158 62 noster
559 2317 95 62 vt
606 2317 158 62 dicunt
717 2317 111 62 non
780 2317 111 62 est
843 2317 142 62 natus
938 2317 158 62 moueri
1048 2317 126 62 nisi
1127 2317 79 62 a
1159 2317 158 62 duobus
1270 2317 190 62 scilicet
1412 2317 95 62 ab
1459 2317 174 62 obiecto
1585 2317 174 62 proprio
1712 2317 126 62 quod
1791 2317 111 62 est
1854 2317 142 62 forma
1949 2317 300 62 intelligibilis,
2186 2317 47 62 &

444 2373 83 58 a
478 2373 232 58 voluntate:
660 2373 133 58 quae
743 2373 199 58 secundum
892 2373 199 58 Anselius
1041 2373 116 58 est
1107 2373 249 58 vniuersalis
1306 2373 149 58 motor
1405 2373 99 58 in
1455 2373 133 58 toto
1538 2373 149 58 regno
1637 2373 182 58 animae:
1770 2373 116 58 cum
1836 2373 149 58 nullo
1936 2373 149 58 horum
2019 2373 215 58 intellectus

450 2424 178 66 mouetur
579 2424 145 66 circa
676 2424 194 66 aliquid,
821 2424 113 66 nec
886 2424 145 66 habet
982 2424 178 66 aliquid
1111 2424 194 66 apparens
1257 2424 226 66 verisimile
1434 2424 129 66 plus
1515 2424 113 66 pro
1579 2424 113 66 vna
1644 2424 145 66 parte
1741 2424 323 66 contradictionis,
2015 2424 129 66 quam
2096 2424 113 66 pro
2144 2424 97 66 alia

447 2477 136 64 tunc
532 2477 119 64 per
600 2477 272 64 aequalitatem
822 2477 204 64 fluctuat
975 2477 255 64 intellectus
1179 2477 153 64 inter
1281 2477 204 64 vtramque
1435 2477 170 64 partem
1554 2477 341 64 contradictionis,
1843 2477 153 64 sicut
1946 2477 102 64 in
1997 2477 238 64 problemate
2167 2477 68 64 de

442 2529 118 71 quo
509 2529 168 71 neutro
627 2529 134 71 modo
711 2529 219 71 opinamur:
879 2529 101 71 vt
930 2529 151 71 dicit
1031 2529 252 71 philosophus
1232 2529 151 71 primo
1333 2529 134 71 Top.
1417 2529 118 71 Cum
1484 2529 134 71 vero
1569 2529 151 71 habet
1669 2529 185 71 aliquod
1804 2529 168 71 debile
1922 2529 168 71 signum
2039 2529 202 71 apparens
2174 2529 67 71 ve

451 2586 195 65 risimile
597 2586 130 65 plus
679 2586 114 65 pro
744 2586 114 65 vna
809 2586 163 65 parte,
923 2586 130 65 quam
1004 2586 114 65 pro
1070 2586 147 65 alia:
1167 2586 130 65 tunc
1249 2586 261 65 aliquantulum
1460 2586 114 65 vni
1525 2586 212 65 adhaeret:
1688 2586 114 65 sed
1753 2586 228 65 dubitando,
1933 2586 81 65 &
1965 2586 228 65 formidinem
2128 2586 114 65 haban

449 2638 99 63 do
498 2638 99 63 de
547 2638 198 63 alterius
696 2638 214 63 veritate.
861 2638 115 63 Cum
926 2638 148 63 autem
1025 2638 165 63 signum
1141 2638 148 63 magis
1240 2638 165 63 multum
1355 2638 231 63 verisimile
1536 2638 148 63 habet
1635 2638 115 63 pro
1701 2638 132 63 illa
1784 2638 165 63 parte,
1899 2638 181 63 dimisso
2031 2638 148 63 dubio
2130 2638 115 63 iam
2179 2638 66 63 su

447 2692 192 66 spicatur
591 2692 96 66 de
639 2692 144 66 illa.
736 2692 112 66 Cum
800 2692 128 66 vero
880 2692 192 66 habuerit
1024 2692 160 66 medium
1137 2692 225 66 probabile,
1313 2692 128 66 tunc
1393 2692 208 66 dimittens
1553 2692 241 66 suspitionem
1746 2692 208 66 opinatur.
1906 2692 112 66 Cum
1970 2692 128 66 vero
2051 2692 192 66 habuerit
2179 2692 64 66 me

450 2748 142 67 dium
539 2748 336 67 demonstratiuum,
822 2748 142 67 tunc
910 2748 142 67 scit
999 2748 124 67 rem
1069 2748 159 67 sicut
1176 2748 301 67 conclusionem:
1423 2748 124 67 cum
1494 2748 159 67 autem
1600 2748 177 67 absque
1724 2748 177 67 medio:
1848 2748 124 67 sed
1919 2748 212 67 cognitis
2060 2748 177 67 terminis

448 2809 251 65 cognoscit:
645 2809 143 65 tunc
735 2809 251 65 intelligit
932 2809 125 65 rem
1004 2809 161 65 sicut
1111 2809 269 65 principium.
1326 2809 125 65 Hoc
1398 2809 143 65 modo
1487 2809 269 65 intellectus
1702 2809 287 65 determinatur
1935 2809 108 65 ad
1989 2809 179 65 alicui
2097 2809 143 65 assen-

446 2854 188 84 tiendum
583 2854 103 84 ex
634 2854 171 84 natura
754 2854 85 84 &
788 2854 222 84 euidentia
959 2854 137 84 rei.
1044 2854 137 84 Alio
1130 2854 137 84 modo
1215 2854 274 84 determinatur
1437 2854 85 84 a
1472 2854 239 84 voluntate:
1660 2854 171 84 quande
1779 2854 205 84 scilicet
1933 2854 137 84 ipsa
2019 2854 103 84 ex
2070 2854 205 84 liberta-

443 2908 103 71 te
494 2908 120 71 sua
563 2908 240 71 praeeligit
752 2908 258 71 intellectum
958 2908 172 71 alteri
1078 2908 155 71 parti
1181 2908 223 71 assentire
1353 2908 275 71 determinate.
1576 2908 120 71 Cum
1645 2908 172 71 igitur
1765 2908 103 71 ex
1817 2908 172 71 natura
1937 2908 120 71 rei
1989 2908 240 71 intellectus,

450 2964 106 69 vt
503 2964 177 69 dictum
627 2964 142 69 est,
716 2964 124 69 non
787 2964 177 69 potest
911 2964 230 69 assentire
1088 2964 124 69 rei
1159 2964 248 69 credendae:
1354 2964 106 69 et
1407 2964 195 69 praeter
1548 2964 124 69 rem
1619 2964 124 69 non
1690 2964 159 69 habet
1796 2964 159 69 aliud
1903 2964 177 69 mouens
2026 2964 142 69 nisi
2097 2964 142 69 volun-

447 3020 190 66 tateim:
585 3020 173 66 dicunt
706 3020 138 66 quod
793 3020 259 66 intellectus
1000 3020 104 66 ad
1052 3020 156 66 actum
1156 3020 225 66 credendi,
1329 3020 104 66 vt
1380 3020 225 66 assentiat
1553 3020 242 66 credendis,
1744 3020 190 66 necesse
1882 3020 156 66 habet
1986 3020 173 66 moueri
2107 3020 86 66 a
2124 3020 121 66 volun

441 3069 144 57 tate.
537 3069 96 57 Et
585 3069 112 57 hoc
650 3069 161 57 dicunt
762 3069 241 57 Augustinus.
955 3069 177 57 dixisse
1083 3069 161 57 quando
1195 3069 161 57 dixit,
1308 3069 128 57 quod
1388 3069 177 57 caetera
1517 3069 161 57 potest
1629 3069 128 57 homo
1709 3069 177 57 nolens,
1838 3069 177 57 credere
1966 3069 144 57 autem
2062 3069 112 57 non
2111 3069 128 57 potest

442 3120 139 85 nisi
529 3120 192 85 volens.
668 3120 104 85 Et
720 3120 226 85 Apostolus
894 3120 122 85 cum
964 3120 174 85 dixit.
1086 3120 122 85 ii.
1155 3120 104 85 ad
1208 3120 174 85 Corin.
1330 3120 104 85 x.
1382 3120 104 85 In
1434 3120 279 85 captiuitatem
1660 3120 244 85 redigentes
1852 3120 157 85 omnem
1956 3120 279 85 intellectum.
2165 3120 70 85 Ex
