2400 3725
134 293 127 96 quo
206 293 181 96 sumunt
333 293 127 96 pro
405 293 235 96 principio
586 293 145 96 quod
676 293 217 96 operatio
839 293 271 96 intellectus
1056 293 108 96 ex
1110 293 181 96 duobus
1236 293 217 96 procedit
1399 293 271 96 principiis.
1616 293 108 96 Ex
1670 293 199 96 arguunt
1797 293 127 96 vlte-

134 381 130 56 rius
215 381 130 56 quod
297 381 114 56 cum
362 381 179 56 aliquis
492 381 147 56 actus
590 381 98 56 ex
639 381 228 56 principiis
818 381 163 56 duobus
932 381 212 56 procedit:
1095 381 98 56 vt
1144 381 130 56 ipse
1225 381 114 56 sit
1291 381 228 56 perfectus,
1470 381 179 56 oportet
1600 381 130 56 quod
1682 381 196 56 vtrunque
1812 381 114 56 illo-

132 413 115 77 rum
197 413 99 77 in
247 413 99 77 se
296 413 115 77 sit
362 413 230 77 perfectum.
542 413 214 77 Perfectio
706 413 148 77 autem
805 413 214 77 potentiae
969 413 115 77 qua
1035 413 214 77 ordinatur
1199 413 99 77 ad
1249 413 164 77 actus,
1364 413 115 77 est
1429 413 181 77 habitus
1561 413 230 77 respondens
1741 413 131 77 illi
1807 413 115 77 actui

128 481 107 67 Ad
182 481 160 67 actum
288 481 142 67 ergo
377 481 214 67 credendi
538 481 231 67 perfectum
716 481 267 67 requiruntur
929 481 89 67 &
965 481 267 67 intellectus
1178 481 89 67 &
1214 481 214 67 voluntas
1374 481 214 67 perfecti
1534 481 125 67 per
1606 481 196 67 habitus
1730 481 196 67 ordinatos

125 527 99 76 ad
175 527 149 76 actum
274 527 281 76 intelligendi.
505 527 116 76 Cum
571 527 132 76 ergo
654 527 132 76 ille
736 527 99 76 vt
786 527 165 76 dictum
901 527 116 76 est
967 527 264 76 supnaturalis
1182 527 132 76 est,
1265 527 83 76 &
1298 527 99 76 ad
1347 527 149 76 actum
1446 527 297 76 supernaturalem
1694 527 116 76 non
1743 527 182 76 ordinatur

133 569 126 76 nisi
212 569 173 76 habitus
338 569 299 76 supernatnralis:
590 569 95 76 ad
637 569 142 76 actum
732 569 126 76 ergo
811 569 189 76 credendi
952 569 221 76 requiritur
1126 569 173 76 aliquis
1252 569 173 76 habitus
1378 569 284 76 supernaturalis
1614 569 95 76 in
1661 569 221 76 intellectu
1834 569 95 76 ad
1866 569 63 76 as

127 636 246 64 sentiendum:
323 636 98 64 vt
373 636 164 64 possit
487 636 213 64 assentire
651 636 213 64 cuiusmodi
815 636 115 64 est
881 636 164 64 fides:
996 636 98 64 et
1045 636 98 64 in
1094 636 213 64 voluntate
1258 636 98 64 vt
1307 636 148 64 velit
1405 636 164 64 mouere
1520 636 246 64 intellectum
1717 636 98 64 ad
1750 636 180 64 assentiem

128 688 95 76 dum
183 688 176 76 quicumque
318 688 95 76 sit
372 688 122 76 ille.
453 688 81 76 Et
494 688 108 76 quia
561 688 149 76 frustra
669 688 122 76 esset
751 688 149 76 habitus
859 688 122 76 fidei
940 688 81 76 in
980 688 203 76 intellectu,
1143 688 81 76 si
1183 688 95 76 non
1237 688 122 76 esset
1318 688 149 76 habitus
1427 688 108 76 ille
1494 688 122 76 alius
1575 688 81 76 in
1616 688 189 76 voluntate,
1765 688 81 76 eo
1805 688 108 76 quod
1859 688 68 76 non

125 728 169 94 posset
243 728 101 94 in
294 728 135 94 suum
378 728 169 94 actum:
496 728 135 94 ideo
580 728 236 94 respondent
766 728 101 94 ad
816 728 270 94 quaestionem,
1036 728 185 94 dicendo
1170 728 135 94 quod
1255 728 152 94 fides
1356 728 118 94 non
1423 728 169 94 potest
1541 728 135 94 esse
1626 728 101 94 in
1676 728 236 94 intellectu
1845 728 84 94 abs

125 802 116 71 que
192 802 133 71 omni
275 802 166 71 habitu
392 802 166 71 infuso
508 802 100 71 in
558 802 233 71 voluntate.
741 802 200 71 Falsitas
891 802 150 71 huius
990 802 233 71 positionis
1173 802 216 71 similiter
1340 802 83 71 &
1373 802 200 71 rationis
1523 802 183 71 ponendi
1656 802 116 71 eam
1722 802 150 71 clare
1806 802 116 71 patet

137 850 95 64 ex
185 850 110 64 hoc
248 850 126 64 quod
326 850 189 64 scilicet
468 850 142 64 omnis
563 850 173 64 habitus
689 850 205 64 inquantum
846 850 110 64 est
909 850 173 64 habitus
1036 850 236 64 determinate
1225 850 189 64 disponit
1366 850 79 64 &
1398 850 189 64 inclinat
1540 850 95 64 ex
1587 850 95 64 se
1634 850 205 64 subiectum
1792 850 95 64 in
1839 850 110 64 quo

128 906 115 70 est
193 906 99 70 in
243 906 148 70 actum
341 906 263 70 determinatum
555 906 148 70 circa
654 906 263 70 determinatum
868 906 214 70 obiectum.
1032 906 132 70 Quid
1114 906 99 70 si
1164 906 115 70 non
1229 906 132 70 nisi
1312 906 197 70 perfecte
1460 906 214 70 inclinat:
1624 906 181 70 oportet
1756 906 132 70 quod
1838 906 115 70 sit

134 955 149 70 natus
234 955 198 70 perfici,
382 955 99 70 vt
432 955 198 70 inclinet
580 955 215 70 perfecte.
746 955 198 70 Secundum
894 955 149 70 tamen
993 955 165 70 gradum
1109 955 83 70 &
1142 955 215 70 analogiam
1307 955 132 70 suae
1390 955 281 70 perfectionis,
1621 955 182 70 necesse
1753 955 116 70 est
1802 955 116 70 pone-

139 1008 93 79 re
186 1008 124 79 quod
264 1008 202 79 inclinet:
419 1008 109 79 ita
481 1008 124 79 quod
558 1008 93 79 si
605 1008 109 79 hoc
667 1008 109 79 non
729 1008 155 79 facit,
837 1008 171 79 habitus
961 1008 124 79 dici
1039 1008 109 79 non
1101 1008 171 79 potest:
1225 1008 140 79 sicut
1318 1008 140 79 patet
1411 1008 93 79 in
1458 1008 171 79 omnibus
1582 1008 202 79 habitibus
1721 1008 202 79 vniuersali-

139 1063 138 68 ter:
225 1063 259 68 quemadmodum
432 1063 121 68 lux
501 1063 190 68 lucidum
639 1063 104 68 ad
691 1063 155 68 actum
795 1063 207 68 lucendi:
950 1063 121 68 ita
1019 1063 138 68 quod
1105 1063 121 68 non
1174 1063 155 68 debet
1278 1063 138 68 dici
1364 1063 121 68 lux
1433 1063 104 68 si
1485 1063 121 68 hoc
1554 1063 121 68 non
1623 1063 190 68 faciat.
1761 1063 155 68 Fides
1848 1063 86 68 er-

141 1128 103 65 go
192 1128 103 65 in
244 1128 240 65 intellectu
432 1128 120 65 aut
501 1128 120 65 non
570 1128 120 65 est
638 1128 206 65 habitus:
793 1128 120 65 aut
861 1128 257 65 intellectum
1067 1128 206 65 disponit
1222 1128 86 65 &
1256 1128 257 65 determinate
1462 1128 223 65 inclinatu
1633 1128 103 65 in
1685 1128 154 65 actum
1771 1128 154 65 creden-

139 1166 94 70 di
186 1166 125 70 omne
265 1166 204 70 credibile
421 1166 204 70 inquantum
578 1166 204 70 credibile
735 1166 125 70 est:
813 1166 110 70 ita
876 1166 125 70 quod
954 1166 94 70 si
1001 1166 188 70 perfecta
1142 1166 125 70 sit,
1220 1166 188 70 perfecte
1361 1166 204 70 inclinat:
1518 1166 94 70 vt
1565 1166 110 70 per
1627 1166 141 70 ipsam
1721 1166 188 70 perfecte
1862 1166 94 70 in

129 1230 210 63 tellectus
290 1230 178 63 credat.
420 1230 97 63 Si
468 1230 145 63 autem
565 1230 242 63 imperfecta:
759 1230 162 63 saltem
872 1230 226 63 imperfecte
1050 1230 210 63 inclinat:
1212 1230 81 63 &
1244 1230 226 63 imperfecte
1422 1230 162 63 credit
1535 1230 242 63 intellectus
1729 1230 113 63 per
1794 1230 129 63 eam:
1858 1230 65 63 vt

133 1284 136 66 opus
218 1284 171 66 habeat
338 1284 188 66 dicere.
474 1284 171 66 Domine
594 1284 171 66 adauge
713 1284 102 66 in
764 1284 154 66 nobis
866 1284 171 66 fidem.
986 1284 119 66 Sic
1054 1284 154 66 autem
1156 1284 222 66 inclinare
1327 1284 256 66 intellectum
1532 1284 119 66 est
1600 1284 154 66 ipsum
1702 1284 102 66 in
1753 1284 154 66 actum
1839 1284 85 66 su-

125 1338 106 66 um
178 1338 195 66 mouere.
320 1338 159 66 Fides
426 1338 142 66 ergo
515 1338 124 66 cum
585 1338 124 66 sit
656 1338 195 66 habitus
798 1338 106 66 in
851 1338 248 66 intellectu
1045 1338 230 66 ordinatus
1222 1338 106 66 ad
1275 1338 159 66 actum
1382 1338 230 66 credendi,
1558 1338 124 66 non
1629 1338 159 66 solum
1735 1338 124 66 est
1806 1338 106 66 in
1859 1338 106 66 in

127 1387 241 65 tellectum:
316 1387 103 65 vt
367 1387 172 65 possit
488 1387 189 65 credere
625 1387 155 65 motus
728 1387 155 65 adhuc
831 1387 103 65 ab
883 1387 155 65 alio:
986 1387 137 65 immo
1072 1387 137 65 ipsa
1158 1387 103 65 ex
1209 1387 103 65 se
1261 1387 206 65 sufficit
1416 1387 103 65 ad
1467 1387 223 65 mouendum:
1639 1387 120 65 aut
1708 1387 189 65 habitus
1828 1387 103 65 omni

126 1445 104 62 no
178 1445 138 62 dici
264 1445 121 62 non
333 1445 173 62 debet:
454 1445 121 62 ita
523 1445 138 62 quod
610 1445 104 62 si
661 1445 207 62 voluntas
817 1445 156 62 ipsum
921 1445 190 62 moueret
1059 1445 104 62 in
1111 1445 156 62 actum
1214 1445 207 62 credendi
1370 1445 86 62 &
1405 1445 277 62 assentiendi,
1629 1445 173 62 posset
1750 1445 156 62 ipsum
1854 1445 104 62 ad

127 1494 141 64 hunc
216 1494 159 64 actum
322 1494 247 64 eliciendum
516 1494 177 64 absque
640 1494 141 64 omni
728 1494 177 64 habitu
852 1494 106 64 in
905 1494 141 64 ipso
993 1494 247 64 intellectu
1187 1494 230 64 existente
1364 1494 194 64 mouere.
1505 1494 141 64 Quid
1593 1494 141 64 ergo
1682 1494 230 64 proponunt
1858 1494 106 64 in

127 1549 113 67 sua
191 1549 194 67 ratione:
337 1549 129 67 quod
418 1549 242 67 intellectus
612 1549 97 67 vt
660 1549 210 67 naturalis
822 1549 113 67 est
887 1549 97 67 ex
935 1549 97 67 se
984 1549 291 67 indeterminatus
1226 1549 113 67 est
1291 1549 97 67 ad
1339 1549 145 67 actum
1436 1549 242 67 assentiendi
1630 1549 275 67 credibilibus:
1840 1549 81 67 ali

131 1598 123 77 quo
202 1598 141 77 ergo
290 1598 263 77 determinate
500 1598 193 77 mouente
641 1598 105 77 in
693 1598 158 77 ipsum
799 1598 158 77 debet
904 1598 193 77 moueri,
1045 1598 141 77 bene
1133 1598 158 77 verum
1238 1598 141 77 est.
1326 1598 105 77 Et
1379 1598 141 77 quod
1466 1598 211 77 assumunt
1624 1598 141 77 quod
1695 1598 228 77 intellectus

129 1653 149 77 noster
234 1653 104 77 non
293 1653 104 77 est
353 1653 134 77 natus
442 1653 149 77 moueri
547 1653 119 77 nisi
622 1653 75 77 a
651 1653 254 77 duobuscilicet
860 1653 75 77 a
890 1653 90 77 re
935 1653 269 77 intelligibili,
1159 1653 75 77 &
1189 1653 75 77 a
1219 1653 209 77 voluntate:
1383 1653 179 77 Dicendum
1517 1653 104 77 est
1577 1653 119 77 quod
1651 1653 104 77 non
1711 1653 104 77 est
1771 1653 149 77 verum:
1860 1653 60 77 im

127 1705 106 67 mo
180 1705 194 67 mouetur
321 1705 106 67 ab
374 1705 176 67 habitu
497 1705 317 67 intellectuali:
761 1705 106 67 vt
814 1705 176 67 dictum
937 1705 123 67 est
1008 1705 158 67 supra
1113 1705 106 67 de
1166 1705 246 67 intellectu
1360 1705 246 67 angelorum:
1553 1705 106 67 in
1606 1705 176 67 quibus
1729 1705 123 67 sic
1782 1705 141 67 mouent

127 1764 113 62 res
191 1764 161 62 ipsae:
304 1764 97 62 vt
353 1764 97 62 ex
401 1764 113 62 hoc
465 1764 145 62 fiant
562 1764 177 62 obiecta
691 1764 193 62 actualis
836 1764 290 62 intelligentiae
1078 1764 226 62 angelicae.
1255 1764 97 62 In
1303 1764 145 62 nobis
1400 1764 145 62 autem
1497 1764 177 62 mouetur
1626 1764 242 62 intellectus
1819 1764 81 62 &
1851 1764 81 62 a
1868 1764 64 62 vo

126 1816 189 67 luntate
264 1816 138 67 post
350 1816 155 67 prima
453 1816 207 67 cognita,
608 1816 86 67 &
642 1816 103 67 ab
694 1816 241 67 vniuersali
884 1816 103 67 in
935 1816 276 67 phantasmate,
1159 1816 86 67 &
1193 1816 103 67 ab
1245 1816 172 67 habitu
1366 1816 241 67 scientiali
1555 1816 103 67 ad
1607 1816 276 67 inquirendum,
1831 1816 86 67 &
1848 1816 86 67 per

128 1874 252 60 tractandum,
330 1874 84 60 &
363 1874 285 60 ratiocinandum
598 1874 151 60 circa
699 1874 201 60 cognita:
849 1874 117 60 ita
917 1874 134 60 quod
1000 1874 151 60 licet
1101 1874 201 60 voluntas
1252 1874 185 60 rationi
1386 1874 185 60 imperet
1520 1874 101 60 vt
1571 1874 218 60 discurrat
1738 1874 84 60 &
1755 1874 168 60 ratioci-

129 1922 164 71 netur,
243 1922 180 71 proprio
374 1922 147 71 tamen
472 1922 164 71 habitu
587 1922 164 71 absque
701 1922 131 71 omni
783 1922 180 71 impulsu
914 1922 229 71 voluntatis
1094 1922 131 71 suos
1176 1922 164 71 elicit
1290 1922 164 71 actus:
1405 1922 115 71 dum
1470 1922 147 71 tamen
1568 1922 196 71 voluntas
1715 1922 115 71 non
1781 1922 98 71 se
1813 1922 115 71 oppo-

128 1978 143 66 nat:
217 1978 125 66 sed
289 1978 232 66 solummodo
467 1978 232 66 consensum
646 1978 214 66 adhibeat
806 1978 89 66 &
842 1978 250 66 intelligat
1038 1978 143 66 actu
1127 1978 250 66 voluntatis
1323 1978 285 66 concomitante
1555 1978 125 66 non
1627 1978 285 66 praemouente.
1841 1978 89 66 Sic

126 2031 84 69 &
160 2031 101 69 in
211 2031 219 69 proposito
379 2031 135 69 dico
464 2031 135 69 quod
548 2031 253 69 intellectus
751 2031 169 69 noster
869 2031 101 69 in
919 2031 203 69 credendo
1071 2031 169 69 moueri
1189 2031 152 69 habet
1291 2031 84 69 a
1324 2031 186 69 tribus,
1459 2031 84 69 &
1493 2031 84 69 a
1527 2031 236 69 voluntate:
1713 2031 203 69 postquam
1848 2031 84 69 con

132 2088 154 63 cepit
234 2088 273 63 complexiones
456 2088 307 63 intelligibilis
713 2088 188 63 informi
849 2088 273 63 cogitatione:
1071 2088 102 63 et
1122 2088 102 63 ab
1174 2088 154 63 ipsis
1276 2088 256 63 incomplexis
1481 2088 256 63 intellectis
1686 2088 102 63 in
1720 2088 205 63 phantasma-

134 2141 154 67 tibus:
241 2141 92 67 de
287 2141 154 67 quibus
395 2141 138 67 dicit
487 2141 215 67 Augustinus
656 2141 138 67 viii.
748 2141 92 67 de
794 2141 123 67 Tri.
871 2141 184 67 capitul.
1009 2141 92 67 v.
1055 2141 92 67 Ea
1101 2141 215 67 firmissime
1270 2141 184 67 credimus
1409 2141 123 67 quae
1486 2141 184 67 secundum
1624 2141 200 67 specialem
1762 2141 169 67 generalem

140 2196 113 65 que
204 2196 193 65 notitiam
349 2196 129 65 quae
429 2196 145 65 certa
526 2196 145 65 nobis
622 2196 113 65 est
687 2196 225 65 cogitamus.
864 2196 80 65 &
896 2196 96 65 ab
944 2196 161 65 habitu
1057 2196 161 65 fidei.
1169 2196 113 65 ita
1233 2196 129 65 quod
1314 2196 145 65 licet
1410 2196 193 65 voluntas
1555 2196 177 65 rationi
1684 2196 177 65 imperet
1812 2196 96 65 vt
1845 2196 80 65 cre

133 2250 118 58 dat
200 2250 84 58 &
234 2250 235 58 assentiat,
419 2250 185 58 proprio
553 2250 151 58 tamen
654 2250 185 58 habitu,
788 2250 168 58 absque
906 2250 134 58 omni
990 2250 185 58 impulsu
1124 2250 235 58 voluntatis
1309 2250 151 58 actum
1409 2250 134 58 hunc
1493 2250 168 58 potest
1611 2250 202 58 elicere,
1762 2250 118 58 dum
1812 2250 118 58 tamen

141 2295 189 72 voluntas
283 2295 110 72 non
346 2295 95 72 se
394 2295 174 72 opponat
520 2295 174 72 propter
646 2295 126 72 quod
725 2295 142 72 dixit
820 2295 221 72 Augustinu.
993 2295 174 72 Credere
1119 2295 110 72 non
1182 2295 158 72 potest
1293 2295 126 72 nisi
1372 2295 174 72 volens.
1498 2295 110 72 Non
1561 2295 126 72 quia
1640 2295 174 72 necesse
1766 2295 110 72 sit
1829 2295 95 72 vt
1861 2295 63 72 vo

130 2359 167 59 luntas
247 2359 250 59 intellectum
447 2359 217 59 impellat:
613 2359 100 59 vt
663 2359 117 59 sic
730 2359 217 59 possibile
896 2359 117 59 sit
963 2359 100 59 ex
1013 2359 133 59 solo
1096 2359 167 59 habitu
1213 2359 150 59 fidei
1313 2359 117 59 eum
1379 2359 183 59 credere
1513 2359 133 59 solo
1596 2359 200 59 consensu
1729 2359 200 59 voluntatis

135 2408 279 64 concomitante
361 2408 87 64 &
396 2408 157 64 nullo
500 2408 139 64 modo
587 2408 279 64 praemouente.
814 2408 139 64 Quod
901 2408 139 64 vero
988 2408 209 64 inducunt
1144 2408 104 64 de
1197 2408 192 64 secunda
1336 2408 104 64 ad
1388 2408 174 64 Corin.
1510 2408 122 64 non
1580 2408 122 64 est
1649 2408 104 64 de
1702 2408 192 64 intento
1824 2408 104 64 Apo-

125 2468 177 58 stoli:
249 2468 142 58 quia
338 2468 124 58 ibi
409 2468 213 58 loquitur
568 2468 106 58 ad
621 2468 195 58 literam
763 2468 177 58 contra
887 2468 283 58 impugnatores
1117 2468 159 58 fidei
1223 2468 89 58 &
1259 2468 195 58 Christo
1401 2468 337 58 contradicentes:
1684 2468 177 58 quorum
1790 2468 142 58 intel-

133 2510 169 70 lectum
251 2510 152 70 dicit
353 2510 101 70 se
403 2510 203 70 redigere
555 2510 101 70 in
606 2510 270 70 captiuitatem
826 2510 101 70 vt
876 2510 220 70 humiliter
1045 2510 203 70 obediant
1198 2510 152 70 fidei
1299 2510 186 70 Christi
1434 2510 135 70 quam
1519 2510 287 70 impugnauerant
1755 2510 152 70 ante:
1840 2510 84 70 se-

138 2567 143 65 cundum
238 2567 114 65 quod
309 2567 129 65 glos.
395 2567 172 65 exponit.
524 2567 143 65 Falsum
624 2567 100 65 est
681 2567 114 65 ergo
753 2567 114 65 quod
824 2567 129 65 etiam
910 2567 172 65 assumumt
1039 2567 172 65 scilicet
1168 2567 114 65 quod
1239 2567 129 65 fidei
1325 2567 129 65 actus
1411 2567 86 65 ex
1454 2567 143 65 duobus
1554 2567 186 65 procedit.
1697 2567 86 65 Et
1740 2567 100 65 sic
1797 2567 100 65 non
1840 2567 86 65 opor

147 2628 115 61 tet
212 2628 164 61 dicere
327 2628 132 61 quod
410 2628 148 61 fides
508 2628 115 61 non
574 2628 164 61 potest
689 2628 132 61 esse
772 2628 99 61 in
821 2628 247 61 intellectu,
1018 2628 132 61 nisi
1101 2628 115 61 sit
1166 2628 181 61 aliquis
1298 2628 181 61 habitus
1430 2628 181 61 infusus
1561 2628 99 61 in
1610 2628 214 61 voluntate
1775 2628 115 61 quo
1824 2628 99 61 vult

134 2682 176 57 mouere
258 2682 264 57 intellectum
469 2682 106 57 in
521 2682 158 57 actum
627 2682 229 57 credendi.
803 2682 158 57 Forte
908 2682 123 57 hoc
978 2682 176 57 potest
1102 2682 141 57 esse
1189 2682 158 57 verum
1295 2682 106 57 de
1348 2682 158 57 prima
1453 2682 158 57 fidei
1559 2682 229 57 infusione
1735 2682 106 57 in
1770 2682 158 57 intelle

135 2727 154 69 ctum:
237 2727 137 69 quia
323 2727 120 69 non
391 2727 256 69 infunduntur
596 2727 102 69 ab
647 2727 171 69 initio
767 2727 222 69 virtutes,
938 2727 171 69 fides,
1057 2727 205 69 scilicet
1211 2727 85 69 &
1245 2727 137 69 spes
1330 2727 137 69 sine
1416 2727 239 69 charitate.
1604 2727 137 69 Quia
1689 2727 154 69 tamen
1774 2727 154 69 possunt

138 2779 140 77 esse
225 2779 227 77 informes,
399 2779 227 77 recedente
574 2779 227 77 charitate
748 2779 192 77 possunt
888 2779 175 77 manere
1010 2779 87 77 &
1045 2779 157 77 actus
1150 2779 140 77 suos
1237 2779 209 77 exercere
1394 2779 262 77 informiter:
1604 2779 157 77 licet
1709 2779 122 77 non
1761 2779 157 77 merito-

131 2839 128 61 rie
204 2839 146 61 sine
295 2839 183 61 habitu
423 2839 256 61 charitatis
624 2839 110 61 in
679 2839 256 61 voluntate.
880 2839 110 61 AD
935 2839 256 61 argumentum
1136 2839 110 61 in
1191 2839 238 61 oppositum
1374 2839 146 61 quod
1465 2839 274 61 intellectus
1684 2839 128 61 non
1739 2839 183 61 assentit

141 2890 113 66 eis
205 2890 129 66 quae
286 2890 129 66 sunt
366 2890 161 66 fidei,
479 2890 129 66 nisi
560 2890 97 66 ex
608 2890 129 66 sola
688 2890 225 66 voluntate:
865 2890 145 66 patet
962 2890 97 66 ex
1010 2890 113 66 iam
1075 2890 161 66 dictis
1187 2890 129 66 quod
1268 2890 161 66 falsum
1381 2890 129 66 est:
1461 2890 81 66 &
1493 2890 129 66 quod
1574 2890 161 66 dictum
1687 2890 209 66 Augustini
1848 2890 113 66 non

133 2946 195 65 currit
270 2946 117 65 ad
329 2946 156 65 hanc
427 2946 313 65 intentionem.
681 2946 274 65 Argumentum
895 2946 234 65 secundum
1071 2946 195 65 nullam
1208 2946 274 65 efficaciam
1423 2946 195 65 habet.
1560 2946 195 65 Etenim
1697 2946 215 65 habitus
1833 2946 98 65 vo-

139 2994 209 75 luntatis
295 2994 261 75 necessarius
505 2994 105 75 ad
557 2994 157 75 actum
662 2994 157 75 fidei
766 2994 122 75 non
836 2994 192 75 dicetur
975 2994 87 75 a
1010 2994 244 75 volentibus
1202 2994 174 75 dictam
1324 2994 227 75 opinionem
1498 2994 227 75 sustinere
1673 2994 139 75 quod
1760 2994 122 75 sit
1812 2994 122 75 chari

142 3057 146 80 tas,
233 3057 128 80 aut
306 3057 183 80 gratia
434 3057 183 80 gratum
562 3057 219 80 faciens:
726 3057 128 80 sed
799 3057 201 80 aliquod
945 3057 164 80 donum
1054 3057 183 80 gratis
1164 3057 146 80 datum.
