2385 3627
132 270 87 99 ad
175 270 144 99 formam
276 270 72 99 &
305 270 246 99 perfectionem,
507 270 101 99 est
565 270 159 99 propria
681 270 130 99 ratio
767 270 130 99 primi
854 270 202 99 principii:
1013 270 202 99 conveniens
1172 270 87 99 ei
1215 270 159 99 ratione
1331 270 116 99 suae
1403 270 246 99 perfectionis:
1605 270 87 99 vt
1648 270 87 99 in
1677 270 217 99 quaestionibus

135 361 88 56 de
179 361 220 56 perfectione
355 361 103 56 dei
414 361 220 56 exposuimus:
590 361 132 56 ista,
678 361 205 56 proprietas
840 361 132 56 nulli
928 361 191 56 creaturae
1074 361 191 56 convenire
1221 361 161 56 potest.
1338 361 132 56 licet
1426 361 117 56 enim
1500 361 103 56 sit
1559 361 176 56 charitas
1691 361 147 56 creata
1779 361 117 56 perti-

138 421 149 61 cipatio
247 421 149 61 quaedam
356 421 177 61 increata:
491 421 95 61 hoc
546 421 122 61 tamen
627 421 95 61 est
682 421 163 61 secundum
804 421 136 61 gradum
899 421 190 61 inferiorem
1048 421 95 61 cui
1102 421 163 61 repugnat
1225 421 190 61 infinitas.
1374 421 95 61 Per
1428 421 109 61 hanc
1496 421 122 61 etiam
1578 421 163 61 rationem
1700 421 177 61 quaelibet
1822 421 68 61 cre

134 478 123 62 atura
217 478 96 62 cum
271 478 96 62 sit
326 478 151 62 quaedam
436 478 219 62 participatio
614 478 151 62 diuinae
724 478 178 62 essentiae
861 478 82 62 in
902 478 82 62 eo
944 478 110 62 quod
1012 478 96 62 est
1067 478 151 62 aliquid
1177 478 96 62 per
1232 478 192 62 essentiam,
1382 478 96 62 non
1437 478 151 62 haberet
1547 478 165 62 terminum
1671 478 123 62 fixum
1753 478 110 62 suae
1821 478 96 62 per

141 519 192 64 fectionis
289 519 133 64 vltra
377 519 118 64 quem
451 519 103 64 non
510 519 133 64 esset
598 519 192 64 possibile
746 519 221 64 transgredi:
923 519 118 64 quod
997 519 221 64 perniciosum
1173 519 103 64 est
1232 519 162 64 dicere.
1350 519 118 64 Quia
1424 519 88 64 si
1468 519 177 64 creatura
1601 519 103 64 hoc
1660 519 103 64 non
1719 519 147 64 potest
1822 519 103 64 par

137 575 169 50 cipere:
260 575 123 50 deus
336 575 108 50 non
398 575 154 50 potest
506 575 108 50 hoc
567 575 138 50 dare:
659 575 77 50 &
690 575 108 50 hoc
751 575 108 50 non
813 575 169 50 propter
936 575 169 50 aliquam
1059 575 231 50 impotentiam
1243 575 92 50 in
1290 575 123 50 deo:
1366 575 108 50 sed
1428 575 123 50 quia
1505 575 108 50 hoc
1566 575 138 50 posse
1658 575 169 50 poneret
1766 575 123 50 incom-

141 626 211 68 possibilia
307 626 75 68 &
337 626 316 68 contradictoriorum
608 626 211 68 concursum,
773 626 135 68 super
863 626 120 68 quae
939 626 135 68 nulla
1029 626 151 68 omnino
1134 626 135 68 cadit
1225 626 196 68 potentia,
1375 626 90 68 &e
1420 626 135 68 nulla
1511 626 105 68 est
1571 626 90 68 in
1616 626 105 68 deo
1676 626 211 68 impotentia
1827 626 60 68 re

139 677 176 66 pugnans
267 677 272 66 omnipotentiae
491 677 96 66 si
539 677 112 66 non
603 677 160 66 possit
715 677 112 66 non
779 677 144 66 solum
875 677 272 66 impossibilia:
1098 677 112 66 sed
1162 677 80 66 &
1194 677 320 66 incompossibilia.
1466 677 112 66 Nec
1530 677 144 66 solum
1626 677 112 66 est
1674 677 224 66 incompossibi

138 733 142 58 litas
233 733 95 58 ex
280 733 142 58 parte
375 733 158 58 formae
486 733 221 58 charitatis
659 733 111 58 eam
722 733 142 58 posse
817 733 158 58 augeri
928 733 95 58 in
975 733 221 58 infinitum,
1149 733 111 58 sed
1212 733 142 58 etiam
1307 733 95 58 ex
1354 733 142 58 parte
1449 733 205 58 subiecti,
1607 733 79 58 &
1638 733 111 58 hoc
1702 733 142 58 eadem
1780 733 111 58 ratio

139 792 92 54 ne
185 792 108 54 qua
246 792 92 54 ex
293 792 139 54 parte
385 792 169 54 formae:
508 792 123 54 quae
585 792 139 54 habet
677 792 123 54 esse
754 792 92 54 in
800 792 200 54 subiecto.
954 792 92 54 Vt
1000 792 123 54 enim
1077 792 139 54 dicit
1170 792 185 54 Auerrois
1308 792 92 54 in
1354 792 92 54 de
1401 792 215 54 substantia
1570 792 154 54 orbis:
1678 792 92 54 si
1724 792 154 54 fuerit
1816 792 77 54 con

139 837 139 62 cessum
236 837 111 62 quod
306 837 125 62 omnis
390 837 139 62 virtus
487 837 83 62 in
529 837 153 62 materia
640 837 139 62 fuerit
737 837 153 62 finita,
849 837 125 62 nulla
932 837 97 62 est
988 837 209 62 differentia
1155 837 83 62 in
1196 837 97 62 hoc
1252 837 111 62 quod
1322 837 97 62 sit
1377 837 153 62 actiua,
1489 837 97 62 aut
1544 837 181 62 passiuae.
1683 837 167 62 scilicet
1795 837 97 62 rece-

144 890 158 66 ptiua.
255 890 95 66 si
302 890 126 66 enim
381 890 174 66 actiua,
507 890 111 66 non
571 890 158 66 potest
681 890 126 66 esse
760 890 205 66 infinita:
918 890 111 66 nec
981 890 221 66 receptiua:
1155 890 126 66 quia
1234 890 111 66 non
1297 890 111 66 est
1360 890 189 66 potentia
1502 890 221 66 receptiua,
1676 890 126 66 nisi
1739 890 158 66 respectu

133 947 191 61 alicuius
276 947 143 61 cuius
372 947 111 61 est
436 947 191 61 potentia
579 947 175 61 actiua,
706 947 127 61 quia
786 947 159 61 aliter
898 947 207 61 receptiua
1057 947 143 61 esset
1152 947 191 61 frustra.
1296 947 111 61 Sic
1359 947 127 61 ergo
1439 947 207 61 praedicto
1598 947 127 61 modo
1678 947 255 61 considerando

134 996 216 59 charitatem:
307 996 115 59 dico
379 996 115 59 quod
451 996 101 59 non
509 996 101 59 est
566 996 188 59 possibile
711 996 188 59 procedere
855 996 188 59 augmentum
999 996 87 59 in
1043 996 87 59 ea
1086 996 87 59 in
1129 996 188 59 infinitum
1274 996 87 59 in
1317 996 202 59 praesenti,
1476 996 130 59 neque
1562 996 87 59 in
1605 996 159 59 futuro.
1721 996 101 59 Non
1779 996 87 59 in
1807 996 87 59 prae

142 1050 134 60 senti,
235 1050 94 60 sic
289 1050 228 60 intelligendo:
476 1050 107 60 quod
543 1050 80 60 si
583 1050 187 60 proficiens
731 1050 134 60 semper
824 1050 147 60 viueret
931 1050 80 60 in
971 1050 174 60 infinitum
1105 1050 161 60 secundum
1226 1050 134 60 statum
1319 1050 120 60 vitae
1400 1050 201 60 praesentis,
1560 1050 107 60 quod
1627 1050 134 60 semper
1721 1050 147 60 vtroque
1815 1050 80 60 modo

137 1103 190 64 charitas
280 1103 79 64 &
312 1103 159 64 feruor
423 1103 238 64 dilectionis
613 1103 95 64 in
661 1103 127 64 deum
740 1103 159 64 posset
851 1103 190 64 continue
994 1103 238 64 augmentari:
1185 1103 175 64 quoniam
1312 1103 206 64 possibile
1470 1103 143 64 esset
1566 1103 111 64 eam
1629 1103 127 64 actu
1709 1103 127 64 esse
1772 1103 127 64 infini

129 1156 119 66 tam:
203 1156 89 66 vt
248 1156 149 66 dictum
352 1156 119 66 est.
427 1156 178 66 Secundum
560 1156 134 66 autem
650 1156 134 66 vitae
739 1156 208 66 praesentis
903 1156 149 66 statum
1007 1156 74 66 a
1036 1156 104 66 deo
1096 1156 149 66 homini
1200 1156 193 66 ordinatum
1349 1156 178 66 secundum
1483 1156 134 66 totam
1572 1156 164 66 humanam
1691 1156 178 66 speciem:
1810 1156 89 66 quia

140 1208 170 59 finitus
263 1208 123 59 est.
340 1208 185 59 secundum
479 1208 139 59 illud
572 1208 123 59 lob.
649 1208 185 59 Posuisti
788 1208 185 59 terminos
927 1208 123 59 eius
1004 1208 108 59 qui
1066 1208 216 59 praeteriri
1235 1208 108 59 non
1297 1208 201 59 poterunt:
1451 1208 93 59 si
1498 1208 123 59 toto
1575 1208 170 59 tempore
1698 1208 201 59 praesenti
1837 1208 62 59 vi

140 1261 114 69 tae
205 1261 179 69 humanae
335 1261 195 69 concesso
481 1261 179 69 aliquis
611 1261 195 69 viueret,
757 1261 162 69 semper
870 1261 195 69 charitas
1016 1261 114 69 quo
1081 1261 97 69 ad
1130 1261 260 69 substantiam,
1341 1261 81 69 &
1374 1261 162 69 feruor
1487 1261 244 69 dilectionis
1682 1261 97 69 in
1731 1261 97 69 eo
1763 1261 130 69 augeri

131 1314 167 65 posset:
252 1314 122 65 quia
328 1314 106 65 non
389 1314 152 65 posset
496 1314 91 65 in
541 1314 122 65 toto
617 1314 122 65 illo
693 1314 167 65 tempore
815 1314 91 65 in
860 1314 198 65 quocumque
1012 1314 258 65 quantuncumque
1225 1314 167 65 merenti
1347 1314 182 65 secundum
1484 1314 182 65 communem
1620 1314 152 65 cursum
1727 1314 137 65 vitae
1818 1314 106 65 na-

133 1365 173 61 turalis
259 1365 95 61 ad
307 1365 189 61 terminum
449 1365 126 61 suum
527 1365 173 61 venire.
654 1365 95 61 Et
701 1365 189 61 secundum
843 1365 110 61 hoc
906 1365 142 61 dicit
1000 1365 142 61 glos.
1095 1365 142 61 super
1190 1365 142 61 illud
1284 1365 142 61 Phil.
1379 1365 126 61 iii.
1458 1365 126 61 Quae
1536 1365 142 61 retro
1631 1365 126 61 sunt
1694 1365 205 61 obliuiscens

144 1418 70 68 i
172 1418 140 68 merita
270 1418 98 68 iam
327 1418 211 68 praeterita:
495 1418 155 68 priore.
608 1418 169 68 scilicet
734 1418 126 68 acta:
818 1418 98 68 non
874 1418 112 68 quia
945 1418 112 68 mala
1015 1418 126 68 sint:
1099 1418 98 68 sed
1155 1418 112 68 quia
1226 1418 126 68 parua
1310 1418 112 68 sunt
1380 1418 84 68 ad
1422 1418 155 68 meritum
1535 1418 225 68 collocandum.
1717 1418 98 68 Sed
1774 1418 84 68 ad
1802 1418 98 68 poste

133 1479 142 52 riora
228 1479 189 52 extensus
369 1479 126 52 est:
448 1479 94 52 vt
495 1479 157 52 semper
606 1479 205 52 proficiat
763 1479 94 52 in
810 1479 173 52 melius.
936 1479 126 52 vnde
1015 1479 173 52 subdit.
1141 1479 94 52 Ad
1188 1479 94 52 ea
1236 1479 126 52 vero
1314 1479 126 52 quae
1393 1479 126 52 sunt
1472 1479 157 52 priora
1582 1479 220 52 extendens.
1755 1479 94 52 i.
1803 1479 94 52 ad
1834 1479 63 52 fu

136 1523 120 71 tura
211 1523 165 71 merita:
331 1523 75 71 a
361 1523 150 71 quibus
466 1523 90 71 si
511 1523 180 71 cessaret
647 1523 180 71 perderet
782 1523 75 71 &
812 1523 225 71 praeterita.
992 1523 90 71 Ex
1037 1523 105 71 quo
1097 1523 135 71 patet
1187 1523 195 71 responsio
1337 1523 90 71 ad
1382 1523 180 71 secundum
1518 1523 180 71 obiectum
1653 1523 120 71 quod
1728 1523 135 71 super
1803 1523 90 71 hanc

139 1582 152 67 glossam
250 1582 180 67 fundatur.
389 1582 125 67 Neque
472 1582 180 67 similiter
610 1582 83 67 in
652 1582 152 67 futuro:
763 1582 111 67 quia
832 1582 83 67 in
874 1582 180 67 charitate
1012 1582 166 67 secundum
1137 1582 139 67 statum
1234 1582 125 67 vitae
1317 1582 166 67 futurae,
1442 1582 125 67 neque
1525 1582 166 67 secundum
1650 1582 208 67 substantiam
1802 1582 97 67 chari

141 1631 136 65 tatis
232 1631 91 65 in
277 1631 106 65 se,
337 1631 136 65 neque
428 1631 91 65 vt
473 1631 166 65 existit
594 1631 91 65 in
639 1631 106 65 sua
700 1631 181 65 actione,
836 1631 136 65 cadet
926 1631 166 65 aliquis
1047 1631 136 65 motus
1138 1631 196 65 augmenti:
1289 1631 121 65 quia
1364 1631 181 65 dilectio
1500 1631 121 65 illa
1576 1631 91 65 ex
1621 1631 196 65 charitate
1757 1631 136 65 praesen

142 1682 93 55 te
188 1682 124 55 bono
265 1682 170 55 finali,
389 1682 93 55 vt
436 1682 232 55 beatificans
622 1682 124 55 est,
699 1682 108 55 non
761 1682 108 55 est
823 1682 170 55 meriti:
947 1682 108 55 sed
1009 1682 186 55 praemii.
1148 1682 93 55 In
1195 1682 170 55 praemio
1319 1682 124 55 enim
1396 1682 248 55 substantiali
1598 1682 186 55 beatorum
1737 1682 139 55 nulla
1815 1682 77 55 ca-

140 1734 102 69 dit
199 1734 161 69 mutatio
316 1734 102 69 aut
374 1734 175 69 variatio
506 1734 161 69 omnino.
623 1734 117 69 Bnde
696 1734 132 69 tamen
783 1734 132 69 verum
871 1734 102 69 est
930 1734 117 69 quod
1003 1734 88 69 in
1046 1734 117 69 illo
1119 1734 132 69 statu
1207 1734 175 69 charitas
1339 1734 132 69 vnius
1426 1734 88 69 in
1470 1734 102 69 sua
1529 1734 175 69 essentia
1660 1734 132 69 maior
1748 1734 102 69 est
1806 1734 117 69 quam

137 1788 204 66 alterius:
294 1788 94 66 et
341 1788 141 66 actio
436 1788 236 66 dilectionis
624 1788 236 66 beatificans
813 1788 157 66 maior:
922 1788 126 66 quia
1001 1788 220 66 feruentior
1174 1788 94 66 in
1221 1788 110 66 vno
1284 1788 126 66 quam
1362 1788 94 66 in
1409 1788 141 66 alio,
1503 1788 188 66 secundum
1645 1788 188 66 diuersos
1770 1788 126 66 gradus

136 1840 92 67 de
182 1840 153 67 quibus
289 1840 138 67 nihil
381 1840 92 67 ad
427 1840 199 67 praesens.
580 1840 92 67 Si
626 1840 123 67 vero
702 1840 184 67 loquamur
840 1840 92 67 de
886 1840 199 67 charitate
1039 1840 199 67 inquantum
1192 1840 245 67 consideratur
1392 1840 184 67 secundum
1529 1840 153 67 status
1637 1840 199 67 diuersos:
1774 1840 123 67 compa-

140 1892 147 66 rande.
243 1892 176 66 scilicet
375 1892 205 66 charitatem
536 1892 220 66 imperfectam
712 1892 117 66 viae
785 1892 88 66 ad
829 1892 205 66 charitatem
990 1892 161 66 patriae
1108 1892 205 66 perfectam:
1269 1892 103 66 hic
1327 1892 234 66 aliquantulum
1518 1892 176 66 variatur
1650 1892 176 66 iudicium
1782 1892 88 66 de
1826 1892 103 66 au-

142 1948 136 67 gmento
237 1948 204 67 charitatis:
400 1948 81 67 vt
441 1948 217 67 consideratur
617 1948 163 67 secundum
740 1948 109 67 eius
807 1948 217 67 substantiam:
984 1948 68 67 &
1011 1948 81 67 vt
1052 1948 217 67 consideratur
1228 1948 163 67 secundum
1350 1948 109 67 eius
1418 1948 217 67 operationem.
1594 1948 149 67 quoniam
1703 1948 163 67 charitas
1812 1948 81 67 viae

137 2006 66 63 &
163 2006 145 63 patriae
269 2006 79 63 in
308 2006 185 63 substantia
453 2006 145 63 penitus
559 2006 92 63 est
612 2006 145 63 eiusdem
717 2006 171 63 rationis:
849 2006 92 63 non
902 2006 119 63 autem
981 2006 158 63 operatio
1100 2006 106 63 eius
1166 2006 106 63 quae
1232 2006 92 63 est
1284 2006 171 63 dilectio.
1416 2006 145 63 quoniam
1522 2006 119 63 actus
1601 2006 198 63 dilectionis
1759 2006 158 63 sequitur

140 2054 241 61 cognitionem:
336 2054 105 61 ita
396 2054 121 61 quod
471 2054 136 61 aliud
562 2054 136 61 genus
652 2054 226 61 cognitionis
833 2054 75 61 &
863 2054 196 61 superius,
1014 2054 211 61 necessario
1180 2054 136 61 ponit
1270 2054 136 61 alium
1361 2054 151 61 gradum
1466 2054 241 61 dilectionis:
1662 2054 105 61 quo
1722 2054 90 61 ad
1767 2054 136 61 alium
1843 2054 60 61 mo

144 2105 98 61 dum
200 2105 197 61 diligendi.
355 2105 113 61 Quod
425 2105 127 61 patet
510 2105 84 61 ex
552 2105 98 61 hoc
608 2105 113 61 quod
678 2105 169 61 cognitio
805 2105 113 61 quae
875 2105 127 61 deus,
960 2105 98 61 qui
1016 2105 98 61 est
1072 2105 98 61 per
1128 2105 84 61 se
1171 2105 127 61 bonum
1255 2105 113 61 quod
1325 2105 98 61 est
1382 2105 197 61 diligibile
1536 2105 84 61 ex
1579 2105 197 61 charitate,
1719 2105 183 61 cognoscitur

138 2164 89 67 in
183 2164 193 67 praesenti
331 2164 207 67 cognitione
494 2164 222 67 aenigmatica
671 2164 104 67 per
731 2164 133 67 fidem
820 2164 104 67 qua
879 2164 222 67 cognoscitur
1057 2164 118 67 deus
1131 2164 89 67 vt
1175 2164 148 67 absens
1279 2164 104 67 per
1338 2164 193 67 essentiam
1486 2164 133 67 suam:
1575 2164 178 67 praesens
1708 2164 133 67 autem
1782 2164 104 67 solum

138 2216 102 66 per
197 2216 175 66 aenigma.
328 2216 175 66 Cognitio
459 2216 131 66 autem
546 2216 102 66 qua
604 2216 218 66 cognoscitur
779 2216 87 66 in
823 2216 160 66 patria:
939 2216 102 66 est
998 2216 102 66 per
1056 2216 218 66 praesentiam
1231 2216 117 66 suae
1303 2216 131 66 nudae
1391 2216 204 66 essentiae.
1551 2216 117 66 Nunc
1624 2216 117 66 ergo
1697 2216 117 66 quia
1769 2216 87 66 ad
1799 2216 87 66 prae

140 2271 123 52 sens
216 2271 230 52 delectabile
400 2271 230 52 naturaliter
584 2271 169 52 augetur
707 2271 199 52 voluntas:
860 2271 92 52 vt
906 2271 184 52 dicitur.
1045 2271 107 52 ii.
1106 2271 92 52 de
1152 2271 138 52 Aima:
1244 2271 153 52 gradum
1351 2271 169 52 aliquem
1474 2271 92 52 in
1520 2271 169 52 feruore
1643 2271 230 52 dilectionis
1811 2271 77 52 ne-

136 2316 185 57 cessario
275 2316 139 57 habet
367 2316 185 57 charitas
506 2316 185 57 patriae,
645 2316 93 57 ad
692 2316 124 57 quem
769 2316 139 57 nullo
862 2316 124 57 modo
939 2316 155 57 potest
1047 2316 201 57 attingere
1202 2316 185 57 charitas
1341 2316 139 57 viae,
1433 2316 139 57 etiam
1526 2316 93 57 si
1573 2316 170 57 ponatur
1696 2316 124 57 siue
1773 2316 108 57 per
1820 2316 77 57 pos

134 2378 161 60 sibile,
251 2378 117 60 siue
324 2378 102 60 per
383 2378 219 60 impossibile
558 2378 117 60 quod
632 2378 175 60 charitas
763 2378 175 60 alicuius
895 2378 175 60 viatoris
1026 2378 102 60 sit
1085 2378 132 60 maior
1173 2378 88 60 in
1216 2378 102 60 sua
1275 2378 175 60 essentia
1406 2378 117 60 quam
1480 2378 102 60 sit
1538 2378 175 60 charitas
1670 2378 175 60 alicuius
1801 2378 88 60 de
1831 2378 58 60 nu

141 2425 128 59 mero
221 2425 305 59 contemplantium.
478 2425 96 59 Si
526 2425 128 59 ergo
606 2425 193 59 loquamur
751 2425 96 59 de
799 2425 209 59 charitate
959 2425 225 59 imperfecta
1136 2425 144 59 viae,
1232 2425 80 59 &
1264 2425 128 59 eius
1344 2425 193 59 augmento
1489 2425 96 59 in
1537 2425 193 59 respectu
1681 2425 80 59 &
1697 2425 193 59 comparatio

144 2477 87 63 ne
188 2477 87 63 ad
232 2477 203 63 charitatem
391 2477 174 63 patriae:
522 2477 116 63 dico
594 2477 116 63 quod
667 2477 116 63 quia
739 2477 145 63 omnino
841 2477 160 63 eiusdem
957 2477 174 63 rationis
1087 2477 102 63 est
1145 2477 102 63 quo
1203 2477 87 63 ad
1247 2477 131 63 modum
1334 2477 218 63 substantiae
1508 2477 116 63 siue
1580 2477 203 63 essentiae:
1740 2477 131 63 licet
1812 2477 73 63 for

143 2530 90 57 te
188 2530 181 57 differat
323 2530 181 57 secundum
459 2530 150 57 gradum
564 2530 90 57 in
609 2530 135 57 eadem
700 2530 196 57 essentia,
850 2530 90 57 &e
895 2530 181 57 charitas
1031 2530 165 57 patriae
1151 2530 181 57 cuiusque
1286 2530 135 57 beati
1377 2530 211 57 necessario
1542 2530 150 57 finita
1647 2530 120 57 est:
1723 2530 75 57 &
1753 2530 165 57 finitum

138 2580 177 64 minimum
266 2580 160 64 aliquo
379 2580 193 64 secundum
523 2580 160 64 eandem
635 2580 241 64 quantitatem
828 2580 144 64 licet
924 2580 177 64 minimam
1053 2580 225 64 multotiens
1229 2580 160 64 addito
1341 2580 177 64 necesse
1470 2580 112 64 est
1534 2580 128 64 illi
1614 2580 160 64 maiori
1727 2580 193 64 aequari:

145 2642 165 67 idcirco
265 2642 180 67 charitas
399 2642 120 67 viae
474 2642 180 67 respectu
609 2642 210 67 charitatis
774 2642 165 67 patriae
893 2642 135 67 sicut
983 2642 180 67 secundum
1118 2642 90 67 se
1163 2642 105 67 non
1223 2642 150 67 potest
1327 2642 120 67 dici
1402 2642 120 67 quod
1477 2642 105 67 sit
1537 2642 254 67 augmentabilis
1746 2642 90 67 in
1776 2642 120 67 infini

140 2685 122 71 tum:
216 2685 107 71 sic
277 2685 107 71 nec
338 2685 183 71 respectu
476 2685 214 71 charitatis
643 2685 183 71 patriae:
781 2685 122 71 immo
857 2685 214 71 necessario
1025 2685 168 71 haberet
1147 2685 137 71 stare
1239 2685 92 71 in
1284 2685 122 71 tali
1361 2685 137 71 gradu
1452 2685 92 71 in
1498 2685 107 71 quo
1559 2685 168 71 necesse
1681 2685 107 71 est
1742 2685 137 71 stare
1819 2685 76 71 cha

140 2738 163 67 ritatem
259 2738 178 67 patriae,
393 2738 74 67 &
423 2738 149 67 absque
527 2738 253 67 possibilitate
735 2738 268 67 augmentationis
958 2738 89 67 in
1002 2738 193 67 infinitum
1151 2738 178 67 charitas
1285 2738 119 67 viae
1359 2738 149 67 posset
1463 2738 119 67 poni
1537 2738 134 67 posse
1626 2738 163 67 aequari
1731 2738 163 67 charitati

144 2788 178 75 patriae:
278 2788 119 75 immo
352 2788 208 75 charitates
516 2788 178 75 multorum
649 2788 178 75 beatorum
783 2788 193 75 excedere:
932 2788 119 75 nisi
1006 2788 163 75 aliquae
1125 2788 193 75 obstaret:
1274 2788 89 75 vt
1318 2788 223 75 respondendo
1497 2788 163 75 patebit
1616 2788 89 75 ad
1660 2788 149 75 primum
1749 2788 149 75 obiectum

133 2852 138 59 quod
219 2852 155 59 quasi
323 2852 155 59 super
426 2852 121 59 hoc
495 2852 224 59 fundatur.
668 2852 104 59 Si
720 2852 138 59 vero
806 2852 207 59 loquamur
962 2852 104 59 de
1013 2852 224 59 charitate
1186 2852 155 59 viae,
1290 2852 86 59 &
1324 2852 138 59 eius
1411 2852 207 59 augmento
1566 2852 104 59 in
1618 2852 121 59 sua
1687 2852 242 59 operatione

142 2904 118 57 quae
216 2904 103 57 est
275 2904 177 57 diligere
408 2904 118 57 deum
481 2904 88 57 vt
525 2904 192 57 absentem,
673 2904 88 57 in
717 2904 177 57 respectu
850 2904 88 57 ad
894 2904 206 57 charitatem
1056 2904 162 57 patriae
1174 2904 88 57 vt
1218 2904 236 57 consideratur
1410 2904 88 57 in
1454 2904 103 57 sua
1513 2904 221 57 operatione:
1690 2904 118 57 quae
1763 2904 103 57 est
1822 2904 103 57 di-

140 2949 169 63 ligere
258 2949 135 63 deum
343 2949 101 63 vt
393 2949 253 63 praesentem:
595 2949 135 63 quia
680 2949 169 63 omnino
798 2949 152 63 alius
899 2949 169 63 gradus
1017 2949 253 63 dilectionis
1219 2949 202 63 secundum
1371 2949 152 63 alium
1472 2949 152 63 modum
1574 2949 219 63 diligendi
1742 2949 135 63 deum
1810 2949 84 63 est

143 3001 179 68 dilectio
277 3001 104 68 qua
337 3001 194 68 diligitur
486 3001 89 68 in
531 3001 164 68 patria,
650 3001 89 68 ab
695 3001 119 68 illa
769 3001 104 68 qua
829 3001 194 68 diligitur
978 3001 89 68 in
1023 3001 119 68 via:
1097 3001 104 68 ita
1157 3001 119 68 quod
1231 3001 253 68 quantuncumque
1440 3001 164 68 ponatur
1559 3001 149 68 augeri
1663 3001 194 68 quantitas
1798 3001 89 68 cha-

141 3068 171 55 ritatis
266 3068 140 55 viae,
359 3068 78 55 &
390 3068 186 55 secundum
529 3068 248 55 substantiam,
731 3068 78 55 &
762 3068 186 55 secundum
901 3068 140 55 suam,
994 3068 186 55 propriam
1134 3068 186 55 actionem
1274 3068 202 55 diligendi
1429 3068 140 55 etiam
1522 3068 171 55 ponendo
1646 3068 124 55 siue
1723 3068 109 55 per
1770 3068 124 55 possi-

140 3109 138 65 bile,
232 3109 123 65 siue
309 3109 107 65 per
370 3109 230 65 impossibile
554 3109 123 65 quod
631 3109 200 65 augmentum
785 3109 123 65 eius
861 3109 92 65 in
907 3109 215 65 substantia
1076 3109 92 65 in
1122 3109 200 65 infinitum
1276 3109 200 65 procedat,
1429 3109 169 65 nunquam
1552 3109 184 65 attingit
1690 3109 154 65 gradum
1783 3109 107 65 illum

131 3160 82 80 &
163 3160 148 80 modum
262 3160 246 80 dilectionis
459 3160 115 80 quo
524 3160 213 80 diligitur
688 3160 213 80 intensiue
852 3160 82 80 a
885 3160 164 80 minima
1000 3160 213 80 charitate
1164 3160 98 80 in
1213 3160 180 80 patria:
1345 3160 131 80 Dico
1427 3160 131 80 ergo
1509 3160 131 80 quod
1591 3160 197 80 secundum
1738 3160 131 80 hunc
1804 3160 82 80 mo
