2402 3772
467 308 140 88 dens,
561 308 187 88 diuersis
701 308 249 88 conceptibus:
903 308 124 88 quia
981 308 109 88 sub
1043 308 187 88 diuersis
1183 308 233 88 rationibus.
1369 308 218 88 Concipimus
1540 308 140 88 autem
1634 308 93 88 de
1680 308 155 88 tribus
1789 308 187 88 personis
1929 308 124 88 quod
2007 308 124 88 sunt
2085 308 124 88 deus
2162 308 109 88 vni

468 387 92 62 ca
514 387 245 62 conceptione:
712 387 122 62 quia
789 387 107 62 sub
850 387 138 62 vnica
942 387 184 62 ratione.
1080 387 92 62 De
1125 387 107 62 deo
1187 387 122 62 ergo
1263 387 214 62 concipimus
1431 387 122 62 alia
1508 387 229 62 conceptione
1691 387 214 62 essentiam:
1860 387 122 62 alia
1936 387 199 62 personam:
2089 387 122 62 quia
2150 387 92 62 alia

466 441 165 55 ratione:
590 441 124 55 sicut
673 441 110 55 alia
741 441 96 55 est
796 441 124 55 ratio
879 441 193 55 essentiae,
1030 441 110 55 alia
1099 441 179 55 personae.
1237 441 96 55 Non
1292 441 124 55 autem
1374 441 193 55 concipimus
1526 441 83 55 de
1567 441 179 55 essentia,
1704 441 110 55 quod
1773 441 96 55 sit
1828 441 124 55 bona:
1911 441 69 55 &
1938 441 83 55 de
1980 441 165 55 persona,
2103 441 110 55 quod
2172 441 96 55 sit

470 490 134 61 bona:
559 490 119 61 alia
634 490 74 61 &
664 490 119 61 alia
738 490 238 61 conceptione,
931 490 104 61 sed
991 490 149 61 eadem:
1095 490 119 61 quia
1170 490 104 61 non
1229 490 119 61 alia
1303 490 74 61 &
1333 490 119 61 alia
1408 490 164 61 ratione
1527 490 179 61 conuenit
1661 490 104 61 eis
1720 490 119 61 esse
1795 490 134 61 bonum
1884 490 104 61 sed
1943 490 149 61 eadem.
2048 490 223 61 Concipiendo

462 553 148 57 igitur
566 553 193 57 bonitatem
714 553 178 57 personae
847 553 104 57 non
907 553 207 57 concipimus
1070 553 133 57 aliam
1158 553 119 57 quam
1233 553 193 57 bonitatem
1381 553 193 57 essentiae
1529 553 178 57 inclusae
1662 553 89 57 in
1707 553 178 57 persona.
1840 553 133 57 Cuius
1929 553 148 57 quidem
2033 553 193 57 essentiae
2166 553 74 57 con

465 608 152 59 ceptus
571 608 136 59 licet
662 608 106 59 sit
722 608 136 59 alius
813 608 76 59 a
844 608 182 59 conceptu
980 608 197 59 personae:
1132 608 106 59 non
1192 608 136 59 tamen
1283 608 152 59 potest
1389 608 91 59 ab
1435 608 91 59 eo
1480 608 167 59 excludi
1601 608 106 59 non
1662 608 227 59 concipiendo
1844 608 91 59 id
1889 608 121 59 quod
1965 608 106 59 est
2026 608 197 59 essentiae
2162 608 76 59 con

471 664 184 74 cipiendo
609 664 138 74 illud
701 664 123 74 quod
778 664 107 74 est
839 664 200 74 personae,
993 664 92 74 vt
1039 664 200 74 supposuit
1192 664 230 74 argumentum.
1376 664 77 74 &
1407 664 107 74 ita
1468 664 169 74 bonitas
1591 664 123 74 quam
1668 664 215 74 concipimus
1837 664 230 74 concipiendo
2021 664 200 74 personam,
2159 664 77 74 non

473 721 107 67 est
534 721 122 67 nisi
610 721 168 67 bonitas
732 721 244 67 essentialis:
930 721 137 67 sicut
1021 721 152 67 deitas
1128 721 122 67 quam
1204 721 213 67 concipimus
1372 721 229 67 concipiendo
1554 721 198 67 personam,
1707 721 107 67 non
1768 721 107 67 est
1829 721 122 67 nisi
1905 721 152 67 deitas
2011 721 244 67 essentialis:
2194 721 46 67 &

468 768 198 74 similiter
620 768 91 74 de
666 768 229 74 aeternitate
849 768 76 74 &
879 768 198 74 entitate:
1031 768 91 74 ex
1077 768 152 74 quibus
1184 768 198 74 processit
1336 768 229 74 argumentum:
1519 768 122 74 quia
1595 768 122 74 sunt
1671 768 229 74 essentialia
1854 768 152 74 tantum
1961 768 76 74 &
1991 768 107 74 non
2037 768 198 74 personalia.

806 833 125 59 lrca
885 833 235 59 pertinentia
1072 833 94 59 ad
1119 833 141 59 primi
1213 833 203 59 principii
1369 833 203 59 assumptam
1526 833 235 59 humanitatem
1713 833 250 59 quaerebantur
1917 833 172 59 quaedam
2026 833 219 59 perrtinentia

804 886 100 56 ad
854 886 134 56 esse
938 886 201 56 naturale
1088 886 251 56 humanitatis
1289 886 217 56 assumptae
1456 886 184 56 Quaedam
1590 886 134 56 vero
1674 886 251 56 pertinentia
1874 886 100 56 ad
1924 886 134 56 eius
2008 886 134 56 esse
2075 886 167 56 sacramen

807 940 138 72 tale.
899 940 92 72 Et
945 940 138 72 circa
1037 940 154 72 primum
1145 940 169 72 illorum
1268 940 108 72 duo
1330 940 246 72 quaerebantur
1530 940 231 72 pertinentia
1714 940 92 72 ad
1760 940 154 72 statum
1868 940 138 72 vitae
1960 940 169 72 ipsius:
2083 940 123 72 vnum
2145 940 92 72 vero

818 998 198 63 pertinens
970 998 91 63 ad
1016 998 152 63 statum
1122 998 152 63 mortis
1229 998 137 63 eius.
1320 998 137 63 ClRca
1411 998 228 63 pertinentia
1594 998 91 63 ad
1640 998 152 63 statum
1746 998 152 63 vitae:
1853 998 152 63 primum
1959 998 137 63 erat.
2050 998 137 63 vtrum
2142 998 122 63 deus

802 1055 102 66 ab
853 1055 186 66 aeterno
988 1055 169 66 potuit
1107 1055 135 66 sibi
1191 1055 186 66 hominem
1326 1055 220 66 assumere.
1496 1055 220 66 SEcundum:
1665 1055 152 66 vtrum
1766 1055 203 66 Christus
1919 1055 152 66 esset
2020 1055 135 66 homo
2088 1055 152 66 propter

805 1105 192 64 vnionem
944 1105 175 64 animae
1067 1105 122 64 cum
1137 1105 210 64 corpore:
1294 1105 105 64 an
1346 1105 192 64 propter
1486 1105 192 64 vnionem
1626 1105 192 64 amborum
1766 1105 105 64 in
1818 1105 175 64 diuino
1941 1105 245 64 supposito.
2116 1105 122 64 ClRca

492 1161 162 62 primum
605 1161 227 62 arguebatur
783 1161 129 62 quod
864 1161 129 62 deus
945 1161 97 62 ab
994 1161 178 62 aeterno
1123 1161 162 62 potuit
1236 1161 129 62 sibi
1317 1161 178 62 hominem
1447 1161 210 62 assumere:
1609 1161 129 62 quia
1690 1161 129 62 erat
1771 1161 194 62 aequalis
1916 1161 194 62 potentia
2062 1161 97 62 in
2111 1161 113 62 deo
2175 1161 97 62 ad

471 1217 187 65 hominem
607 1217 238 65 assumendum
795 1217 102 65 ab
846 1217 204 65 aeterno,
999 1217 85 65 &
1033 1217 102 65 ab
1084 1217 136 65 illo
1169 1217 204 65 instanti
1322 1217 170 65 quando
1442 1217 221 65 assumpsit
1612 1217 136 65 eum.
1697 1217 204 65 Aequalis
1850 1217 153 65 autem
1953 1217 204 65 potentia
2106 1217 170 65 semper

469 1269 161 70 potest
581 1269 96 70 in
630 1269 129 70 opus
710 1269 193 70 aequale.
855 1269 129 70 ergo
935 1269 129 70 illa
1015 1269 145 70 eadem
1112 1269 193 70 potentia
1257 1269 113 70 qua
1321 1269 129 70 deus
1401 1269 129 70 tunc
1482 1269 209 70 assumpsit
1642 1269 193 70 hominem,
1787 1269 96 70 ab
1835 1269 177 70 aeterno
1964 1269 161 70 potuit
2060 1269 177 70 assumere.

482 1328 179 66 CONtra.
612 1328 98 66 Si
661 1328 130 66 deus
742 1328 98 66 ab
791 1328 179 66 aeterno
921 1328 163 66 potuit
1035 1328 179 66 hominem
1165 1328 212 66 assumere:
1328 1328 130 66 homo
1410 1328 98 66 ab
1459 1328 179 66 aeterno
1589 1328 163 66 potuit
1703 1328 147 66 esse.
1800 1328 228 66 consequens
1980 1328 228 66 supponitur
2142 1328 98 66 esse

477 1378 181 72 falsum,
608 1378 82 72 &
641 1378 165 72 falsum
756 1378 132 72 est,
839 1378 132 72 ergo
921 1378 82 72 &
954 1378 247 72 antecedens.
1151 1378 197 72 SOlutio.
1299 1378 197 72 Dicendum
1448 1378 132 72 quod
1530 1378 132 72 ista
1612 1378 197 72 dependet
1760 1378 99 72 ab
1810 1378 132 72 illa
1892 1378 132 72 quae
1974 1378 148 72 infra
2073 1378 214 72 sequitur.

480 1437 91 65 An
525 1437 122 65 deus
602 1437 152 65 potuit
708 1437 152 65 facere
815 1437 198 65 creaturam
967 1437 152 65 fuisse
1074 1437 122 65 sibi
1150 1437 244 65 coaequaevam.
1348 1437 91 65 si
1394 1437 122 65 enim
1470 1437 107 65 hoc
1531 1437 168 65 potuit,
1653 1437 76 65 &
1683 1437 168 65 hominem
1805 1437 122 65 quem
1882 1437 213 65 assumpsit,
2049 1437 91 65 ab
2095 1437 168 65 aeterno

471 1487 165 59 fecisse
591 1487 165 59 potuit,
710 1487 75 59 &
740 1487 105 59 sic
800 1487 90 59 ab
845 1487 165 59 aeterno
965 1487 105 59 eum
1024 1487 239 59 assumpsisse.
1219 1487 90 59 Si
1264 1487 120 59 enim
1339 1487 90 59 ab
1383 1487 165 59 aeterno
1503 1487 194 59 creaturam
1653 1487 165 59 fecisse
1772 1487 105 59 non
1832 1487 165 59 potuit:
1952 1487 120 59 quia
2027 1487 150 59 assumi
2131 1487 105 59 non
2176 1487 60 59 po

470 1557 137 59 tuit,
561 1557 121 59 nisi
637 1557 152 59 factum
743 1557 76 59 &
773 1557 197 59 existens:
925 1557 106 59 nec
986 1557 91 59 ab
1032 1557 167 59 aeterno
1153 1557 167 59 hominem
1274 1557 228 59 assumpsisse
1457 1557 167 59 potuit.
1578 1557 121 59 Quia
1654 1557 152 59 igitur
1760 1557 152 59 (sicut
1867 1557 106 59 nos
1927 1557 137 59 infra
2018 1557 182 59 dicemus)
2140 1557 91 59 deus

478 1601 93 59 ab
525 1601 171 59 aeterno
650 1601 202 59 creaturam
805 1601 171 59 fecisse
930 1601 109 59 non
992 1601 171 59 potuit:
1117 1601 171 59 dicimus
1241 1601 187 59 absolute
1381 1601 125 59 quod
1459 1601 125 59 deus
1537 1601 93 59 ab
1583 1601 171 59 aeterno
1708 1601 171 59 hominem
1832 1601 187 59 assumere
1972 1601 109 59 non
2035 1601 171 59 potuit:
2159 1601 109 59 sed

473 1652 108 58 hoc
534 1652 108 58 non
596 1652 170 58 propter
720 1652 170 58 aliquam
844 1652 232 58 impotentiam
1029 1652 93 58 ex
1076 1652 139 58 parte
1169 1652 108 58 dei
1231 1652 108 58 sed
1292 1652 155 58 solius
1401 1652 217 58 creaturae,
1571 1652 93 58 vt
1617 1652 155 58 ibidem
1726 1652 186 58 dicetur.
1865 1652 93 58 AD
1911 1652 217 58 argumentum
2081 1652 93 58 in
2112 1652 124 58 opposi

476 1711 112 58 tum,
546 1711 112 58 quod
615 1711 167 58 aequalis
741 1711 181 58 potentiae
880 1711 112 58 erat
950 1711 112 58 deus
1020 1711 84 58 ab
1062 1711 153 58 aeterno
1173 1711 84 58 ad
1215 1711 195 58 assumendum
1368 1711 153 58 hominem
1480 1711 125 58 sicut
1564 1711 139 58 quando
1661 1711 98 58 eum
1717 1711 195 58 assumpsit:
1870 1711 167 58 dicendum
1996 1711 112 58 quod
2066 1711 112 58 illa
2135 1711 125 58 deter

476 1761 179 65 minatio
606 1761 98 65 ab
655 1761 179 65 aeterno
785 1761 163 65 potest
899 1761 244 65 determinare
1094 1761 146 65 illud
1192 1761 163 65 verbum
1306 1761 146 65 erat,
1403 1761 81 65 &
1436 1761 114 65 sic
1501 1761 114 65 est
1566 1761 146 65 vera:
1664 1761 114 65 vel
1729 1761 146 65 illud
1826 1761 228 65 gerundiuum
2005 1761 244 65 assumendum:
2184 1761 49 65 &

471 1821 101 63 sic
528 1821 101 63 est
586 1821 144 63 falsa,
687 1821 115 63 Deus
759 1821 115 63 enim
831 1821 87 63 ab
874 1821 159 63 aeterno
990 1821 173 63 aequalis
1120 1821 115 63 erat
1192 1821 187 63 potentiae
1336 1821 87 63 ad
1379 1821 202 63 assumendum
1538 1821 159 63 hominem
1653 1821 130 63 sicut
1740 1821 144 63 quando
1841 1821 101 63 eum
1898 1821 202 63 assumpsit:
2057 1821 115 63 quia
2115 1821 115 63 semper

470 1877 191 62 infinitae
617 1877 191 62 potentiae
764 1877 103 62 qua
822 1877 103 62 eum
881 1877 205 62 assumpsit,
1042 1877 103 62 non
1101 1877 132 62 tamen
1189 1877 117 62 erat
1262 1877 176 62 aequalis
1394 1877 191 62 potentiae
1541 1877 88 62 ad
1585 1877 161 62 hominem
1702 1877 205 62 assumendum
1863 1877 88 62 ab
1907 1877 161 62 aeterno
2025 1877 132 62 sicut
2113 1877 88 62 ad
2157 1877 103 62 eum

468 1940 218 64 assumendum
640 1940 94 64 ab
687 1940 125 64 illo
765 1940 187 64 instanti
905 1940 156 64 quando
1014 1940 109 64 eum
1076 1940 218 64 assumpsit:
1248 1940 171 64 quoniam
1373 1940 125 64 ipse
1451 1940 109 64 non
1513 1940 125 64 erat
1591 1940 265 64 assumptibilis
1809 1940 94 64 ab
1856 1940 171 64 aeterno
1981 1940 140 64 sicut
2074 1940 109 64 nec
2136 1940 125 64 erat

464 1987 230 61 factibilis,
648 1987 107 61 sed
709 1987 138 61 solum
801 1987 123 61 erat
878 1987 261 61 assumptibilis
1093 1987 92 61 ex
1139 1987 169 61 tempore
1262 1987 138 61 sicut
1354 1987 77 61 &
1385 1987 230 61 factibilis.
1569 1987 123 61 Vnde
1646 1987 138 61 illud
1738 1987 107 61 non
1799 1987 154 61 arguit
1907 1987 169 61 aliquem
2029 1987 184 61 defectum
2168 1987 92 61 po

470 2043 175 57 tentiae
597 2043 95 57 ex
645 2043 143 57 parte
740 2043 111 57 dei
804 2043 111 57 sed
867 2043 95 57 ex
915 2043 143 57 parte
1010 2043 206 57 creaturae
1153 2043 127 57 solum.

782 2082 120 76 Irca
857 2082 180 76 secundum
992 2082 225 76 arguebatur,
1173 2082 120 76 quod
1248 2082 180 76 Christus
1383 2082 165 76 dicitur
1503 2082 120 76 esse
1579 2082 120 76 homo
1654 2082 165 76 propter
1774 2082 165 76 vnionem
1894 2082 150 76 animae
2000 2082 75 76 &
2030 2082 180 76 corporis
2165 2082 90 76 ad

798 2149 165 68 diuinum
918 2149 225 68 suppositum:
1098 2149 105 68 non
1158 2149 135 68 autem
1249 2149 165 68 propter
1369 2149 165 68 vnionem
1489 2149 135 68 eorum
1579 2149 90 68 ad
1624 2149 180 68 inuicem.
1759 2149 165 68 quoniam
1880 2149 90 68 si
1925 2149 195 68 diceretur
2075 2149 120 68 esse
2135 2149 90 68 homo

787 2210 189 68 propter
924 2210 189 68 vnionem
1061 2210 154 68 eorum
1164 2210 103 68 ad
1215 2210 206 68 inuicem,
1370 2210 120 68 cum
1438 2210 137 68 deus
1524 2210 223 68 assumpsit
1696 2210 103 68 in
1747 2210 189 68 Christo
1884 2210 171 68 animam
2004 2210 86 68 &
2038 2210 171 68 corpus
2141 2210 86 68 uni

788 2258 106 57 ta,
849 2258 121 57 tunc
924 2258 121 57 vnio
1000 2258 121 57 illa
1076 2258 106 57 qua
1137 2258 182 57 Christus
1273 2258 167 57 dicitur
1395 2258 121 57 esse
1470 2258 137 57 homo,
1562 2258 152 57 natura
1668 2258 137 57 licet
1759 2258 106 57 non
1819 2258 167 57 tempore
1941 2258 152 57 finita
2047 2258 76 57 &
2077 2258 182 57 determi-

786 2314 125 72 nata
865 2314 141 72 esset
959 2314 125 72 ante
1037 2314 172 72 vnionem
1162 2314 188 72 eorundem
1303 2314 94 72 ad
1350 2314 172 72 diuinum
1476 2314 235 72 suppositum.
1664 2314 110 72 sed
1727 2314 125 72 vnio
1805 2314 188 72 corporis
1946 2314 78 72 &
1977 2314 157 72 animae
2087 2314 110 72 qua
2150 2314 110 72 ali

786 2374 118 67 quis
860 2374 162 67 dicitur
977 2374 118 67 esse
1051 2374 118 67 homo
1124 2374 147 67 finita
1227 2374 132 67 facit
1316 2374 162 67 hominis
1433 2374 221 67 suppositum:
1610 2374 118 67 deus
1683 2374 118 67 ergo
1757 2374 88 67 in
1801 2374 162 67 Christo
1918 2374 235 67 assumpsisset
2095 2374 132 67 hominis

471 2425 232 70 suppositum
654 2425 100 70 in
704 2425 166 70 diuino
820 2425 232 70 supposito:
1003 2425 83 70 &
1036 2425 149 70 esset
1135 2425 199 70 Christus
1285 2425 116 70 duo
1351 2425 232 70 supposita.
1534 2425 232 70 consequens
1716 2425 116 70 est
1783 2425 183 70 falsum.
1916 2425 133 70 ergo
1999 2425 83 70 &
2015 2425 216 70 antecedens.

474 2478 156 57 CONtra,
587 2478 156 57 propter
701 2478 128 57 illam
786 2478 156 57 vnionem
899 2478 170 57 Christus
1027 2478 156 57 dicitur
1141 2478 113 57 esse
1212 2478 113 57 homo
1282 2478 156 57 propter
1396 2478 113 57 quam
1467 2478 128 57 habet
1552 2478 113 57 esse
1623 2478 170 57 hominis:
1751 2478 113 57 quia
1822 2478 85 57 vt
1864 2478 128 57 dicit
1949 2478 213 57 philosophus
2120 2478 142 57 quarto

468 2531 249 59 Metaphysicae,
674 2531 103 59 non
732 2531 103 59 est
791 2531 220 59 differentia
967 2531 132 59 inter
1055 2531 147 59 dicere
1157 2531 117 59 homo
1230 2531 103 59 aut
1289 2531 117 59 homo
1362 2531 117 59 ens.
1436 2531 132 59 neque
1524 2531 88 59 in
1568 2531 234 59 generatione:
1758 2531 132 59 neque
1846 2531 88 59 in
1890 2531 220 59 corruptione
2066 2531 117 59 quia
2139 2531 117 59 ergo

478 2587 178 65 Christus
612 2587 133 65 habet
701 2587 119 65 esse
775 2587 163 65 hominis
893 2587 133 65 solum
982 2587 89 65 ex
1027 2587 148 65 vnione
1131 2587 148 65 animae
1234 2587 104 65 cum
1294 2587 178 65 corpore:
1427 2587 133 65 forma
1516 2587 119 65 enim
1590 2587 104 65 dat
1650 2587 119 65 esse
1724 2587 193 65 composito
1872 2587 89 65 ex
1917 2587 148 65 vnione
2020 2587 104 65 sua
2080 2587 104 65 cum
2139 2587 119 65 mate

472 2639 122 61 ria:
548 2639 183 61 Christus
686 2639 122 61 ergo
762 2639 183 61 solummod
900 2639 168 61 dicitur
1022 2639 122 61 esse
1099 2639 122 61 homo
1175 2639 92 61 ex
1221 2639 153 61 vnione
1328 2639 153 61 animae
1435 2639 107 61 cum
1496 2639 183 61 corpore:
1634 2639 107 61 non
1695 2639 138 61 autem
1787 2639 92 61 ex
1832 2639 153 61 vnione
1940 2639 168 61 amborum
2062 2639 92 61 in
2108 2639 153 61 diuino

476 2697 222 59 supposito.
651 2697 190 59 DIcendum
794 2697 111 59 est
857 2697 95 59 ad
905 2697 127 59 hoc,
984 2697 127 59 quod
1063 2697 206 59 supposito
1222 2697 190 59 Christum
1365 2697 127 59 esse
1444 2697 175 59 hominem
1571 2697 111 59 non
1635 2697 159 59 debere
1746 2697 127 59 dici
1825 2697 143 59 sicut
1920 2697 111 59 nec
1984 2697 175 59 aliquem
2111 2697 143 59 alium

477 2748 157 61 hominem
591 2748 157 61 propter
704 2748 128 61 solum
790 2748 213 61 intellectum
961 2748 114 61 siue
1032 2748 142 61 animam
1131 2748 213 61 rationalem,
1302 2748 128 61 licet
1387 2748 100 61 sit
1444 2748 285 61 principalissimum
1686 2748 85 61 in
1729 2748 157 61 homine,
1843 2748 85 61 vt
1885 2748 85 61 ex
1928 2748 100 61 hoc
1985 2748 114 61 ipse
2042 2748 185 61 intellectus

481 2801 205 67 quodammodo
642 2801 146 67 possit
745 2801 117 67 dici
818 2801 117 67 homo
891 2801 132 67 sicut
978 2801 117 67 vult
1052 2801 219 67 philosophus
1227 2801 117 67 nono
1300 2801 190 67 Ethicorum
1446 2801 161 67 propter
1563 2801 117 67 quid
1636 2801 132 67 etiam
1724 2801 117 67 Hugo
1797 2801 161 67 posuit,
1914 2801 117 67 quod
1987 2801 175 67 Christus
2119 2801 88 67 in
2148 2801 73 67 tri

491 2860 101 61 duo
548 2860 115 61 erat
620 2860 115 61 homo
692 2860 101 61 Hoc
750 2860 144 61 inquam
850 2860 202 61 supposito,
1009 2860 115 61 quod
1081 2860 101 61 non
1138 2860 158 61 dicitur
1254 2860 158 61 aliquis
1369 2860 115 61 homo
1441 2860 158 61 propter
1556 2860 130 61 solam
1642 2860 158 61 animam:
1757 2860 130 61 neque
1844 2860 130 61 etiam
1930 2860 130 61 multo
2016 2860 130 61 magis
2088 2860 130 61 propter

484 2908 131 67 solum
572 2908 160 67 corpus:
688 2908 102 67 sed
746 2908 131 67 etiam
833 2908 160 67 propter
949 2908 160 67 aliquam
1065 2908 131 67 eorum
1152 2908 174 67 vnionem,
1282 2908 160 67 quoniam
1398 2908 116 67 vnio
1471 2908 131 67 eorum
1558 2908 87 67 in
1601 2908 160 67 Christo
1717 2908 145 67 duplex
1819 2908 131 67 erat,
1906 2908 102 67 vna
1964 2908 174 67 scilicet
2094 2908 160 67 ipsorum

482 2965 212 60 adinuicem
645 2965 163 60 altera
759 2965 179 60 amborum
889 2965 98 60 in
938 2965 163 60 diuino
1052 2965 228 60 supposito:
1231 2965 163 60 opinio
1345 2965 195 60 magistri
1491 2965 261 60 Sententiarum
1703 2965 130 60 erat
1784 2965 130 60 quod
1866 2965 195 60 Christus
2012 2965 130 60 erat
2094 2965 130 60 homo
2159 2965 65 60 ex

484 3017 153 61 vnione
591 3017 168 61 amborum
713 3017 153 61 diuino
820 3017 214 61 supposito.
988 3017 168 61 propter
1110 3017 122 61 quid
1186 3017 153 61 posuit
1293 3017 122 61 quod
1370 3017 183 61 Christus
1507 3017 92 61 in
1553 3017 153 61 triduo
1660 3017 122 61 erat
1736 3017 137 61 homo:
1828 3017 122 61 quia
1904 3017 122 61 ambo
1981 3017 137 61 erant
2072 3017 137 61 vnita
2164 3017 92 61 in

484 3072 148 61 diuino
588 3072 207 61 supposito:
750 3072 133 61 anima
839 3072 177 61 scilicet
972 3072 118 61 eius
1045 3072 74 61 &
1075 3072 162 61 corpus.
1193 3072 118 61 vnde
1267 3072 89 61 vt
1311 3072 162 61 videtur
1429 3072 103 61 non
1489 3072 148 61 posuit
1592 3072 177 61 Christum
1725 3072 118 61 esse
1799 3072 162 61 hominem
1917 3072 89 61 ex
1961 3072 148 61 vnione
2065 3072 148 61 animae
2153 3072 74 61 cum

490 3126 183 60 corpore.
627 3126 106 60 Cui
688 3126 137 60 ratio
779 3126 106 60 (vt
840 3126 183 60 videtur)
977 3126 122 60 quia
1053 3126 137 60 forma
1144 3126 167 60 speciei
1266 3126 137 60 nulli
1357 3126 228 60 attribuitur
1539 3126 122 60 nisi
1616 3126 198 60 supposito
1768 3126 137 60 eius:
1859 3126 183 60 Christus
1996 3126 137 60 autem
2087 3126 106 60 non
2133 3126 91 60 erat

479 3172 206 75 suppositum
641 3172 162 75 hominis
759 3172 88 75 ex
803 3172 147 75 vnione
906 3172 147 75 animae
1009 3172 103 75 cum
1068 3172 177 75 corpore:
1201 3172 103 75 sed
1260 3172 162 75 amborum
1378 3172 103 75 cum
1436 3172 221 75 diuinitate.
1613 3172 118 75 ergo
1687 3172 133 75 neque
1775 3172 118 75 erat
1849 3172 118 75 homo
1922 3172 147 75 vnione
2026 3172 147 75 animae
2129 3172 118 75 suae

480 3233 110 76 cum
543 3233 189 76 corpore:
685 3233 110 76 sed
748 3233 173 76 amborum
874 3233 110 76 cum
938 3233 126 76 eius
1016 3233 237 76 diuinitate.
1206 3233 110 76 Sed
1269 3233 142 76 salua
1363 3233 126 76 eius
1442 3233 221 76 reuerentia
1616 3233 142 76 minus
1710 3233 173 76 videtur
1837 3233 252 76 considerasse
2042 3233 126 76 vera
2120 3233 126 76 deno
