2460 3754
490 305 140 98 rius
578 305 281 98 aliquantulum
806 305 193 98 ponamus
946 305 105 98 de
999 305 175 98 angulo
1122 305 193 98 incluso
1262 305 158 98 inter
1367 305 175 98 lineam
1490 305 175 98 rectam
1613 305 228 98 diametri,
1788 305 88 98 &
1823 305 175 98 curuam
1946 305 281 98 semicirculi,
2174 305 123 98 qui
2227 305 70 98 si

496 391 102 61 in
547 391 221 61 infinitum
717 391 289 61 augmentaretur
954 391 102 61 ad
1005 391 305 61 augmentationem
1260 391 170 61 lineae
1379 391 322 61 semicircularis,
1650 391 187 61 nunquam
1786 391 238 61 attingeret
1973 391 102 61 ad
2023 391 255 61 quantitatem
2227 391 102 61 an

491 450 134 60 guli
575 450 150 60 recti
675 450 167 60 clausi
792 450 150 60 inter
893 450 167 60 lineam
1010 450 167 60 rectam
1127 450 351 60 perpendiculariter
1428 450 201 60 cadentem
1578 450 150 60 super
1678 450 268 60 extremitatem
1896 450 184 60 eiusdem
2029 450 217 60 diametri.
2197 450 84 60 &
2213 450 84 60 hoc

501 512 129 53 quia
582 512 145 53 licet
679 512 178 53 angulus
808 512 97 53 ex
856 512 162 53 natura
970 512 210 53 essentiae
1131 512 129 53 suae
1212 512 113 53 qua
1277 512 178 53 angulus
1406 512 129 53 est,
1487 512 178 53 eiusdem
1616 512 194 53 rationis
1762 512 113 53 sit
1826 512 129 53 siue
1907 512 210 53 claudatur
2069 512 113 53 sub
2133 512 145 53 linea
2214 512 81 53 cur

492 557 110 58 ua,
555 557 126 58 siue
634 557 110 58 sub
697 557 141 58 linea
791 557 157 58 recta:
901 557 110 58 cum
964 557 126 58 quia
1042 557 189 58 alterius
1184 557 189 58 rationis
1325 557 110 58 est
1388 557 141 58 linea
1482 557 157 58 curua,
1592 557 79 58 &
1623 557 141 58 linea
1718 557 141 58 recta
1812 557 204 58 includens
1969 557 157 58 ipsum:
2079 557 126 58 ideo
2158 557 173 58 quantum

498 607 108 63 est
559 607 93 63 ex
606 607 154 63 natura
713 607 108 63 sua
775 607 108 63 cum
837 607 108 63 est
899 607 139 63 minor
991 607 139 63 recto
1084 607 154 63 possit
1192 607 139 63 fieri
1284 607 200 63 aequalis:
1438 607 139 63 tamen
1531 607 200 63 inquantum
1685 607 108 63 est
1747 607 185 63 inclusus
1886 607 108 63 sub
1947 607 139 63 linea
2040 607 139 63 curua
2132 607 154 63 manens
2225 607 77 63 sub

490 648 131 82 curua
578 648 131 82 nullo
665 648 116 82 modo
738 648 145 82 potest
839 648 87 82 ei
883 648 174 82 aequari.
1014 648 233 82 Consimiliter
1203 648 87 82 in
1246 648 189 82 proposito
1391 648 131 82 licet
1479 648 174 82 charitas
1609 648 116 82 viae
1682 648 102 82 quo
1740 648 87 82 ad
1784 648 174 82 feruorem
1915 648 218 82 dilectionis
2089 648 131 82 eius,
2176 648 160 82 quantum

495 712 113 56 est
560 712 97 56 de
608 712 194 56 essentia
754 712 227 56 charitatis
932 712 81 56 &
965 712 162 56 ipsius
1078 712 211 56 feruoris,
1240 712 162 56 possit
1353 712 211 56 adaequari
1515 712 211 56 essentiae
1677 712 227 56 charitatis
1856 712 178 56 patriae
1985 712 81 56 &
2018 712 178 56 feruori
2147 712 130 56 eius
2228 712 97 56 in

503 768 170 67 quantum
626 768 232 67 consequitur
812 768 201 67 essentiam
966 768 216 67 charitatis
1136 768 185 67 secundum
1275 768 124 67 eius
1352 768 216 67 analogiam:
1522 768 139 67 tamen
1615 768 201 67 inquantum
1770 768 124 67 ille
1847 768 155 67 feruor
1955 768 216 67 charitatis
2125 768 108 67 est
2171 768 124 67 conium

495 823 125 60 ctus
574 823 235 60 praesentiae
762 823 173 60 obiecti
887 823 94 60 in
934 823 125 60 apta
1013 823 188 60 visione,
1154 823 173 60 nunquam
1280 823 157 60 potest
1389 823 173 60 attingi
1515 823 78 60 a
1546 823 173 60 feruore
1672 823 220 60 charitatis
1844 823 125 60 viae
1923 823 204 60 inquantum
2079 823 110 60 est
2142 823 141 60 circa
2236 823 94 60 ob

499 867 158 70 iectum
610 867 142 70 solum
704 867 189 70 praesens
846 867 95 70 in
893 867 221 70 aenigmate,
1067 867 110 70 per
1130 867 252 70 aenigmaticam
1335 867 252 70 cognitionem,
1540 867 173 70 quoniam
1666 867 189 70 cognitio
1808 867 173 70 apertae
1934 867 189 70 visionis
2076 867 158 70 omnino
2187 867 110 70 est
2234 867 63 70 al

502 926 153 66 terius
609 926 184 66 rationis
747 926 123 66 quam
824 926 107 66 sit
885 926 123 66 illa
962 926 123 66 quae
1039 926 107 66 est
1100 926 92 66 in
1146 926 215 66 aenigmate.
1315 926 92 66 Si
1361 926 123 66 vero
1438 926 184 66 loquamur
1576 926 92 66 de
1622 926 199 66 charitate
1775 926 184 66 patriae,
1913 926 107 66 quo
1975 926 92 66 ad
2021 926 123 66 suam
2082 926 215 66 perfectionem

500 979 92 61 in
546 979 214 61 substantia
713 979 168 61 habitus
836 979 229 61 charitatis,
1019 979 153 61 posset
1126 979 122 61 dici
1202 979 183 61 secundum
1339 979 107 61 iam
1400 979 137 61 dicta
1492 979 122 61 quod
1568 979 107 61 non
1629 979 107 61 est
1690 979 244 61 inconueniens
1889 979 122 61 quod
1965 979 183 61 aequalis
2103 979 107 61 sit
2164 979 107 61 aut
2225 979 107 61 ma-

502 1034 109 58 ior
565 1034 187 58 charitas
705 1034 140 58 vnius
798 1034 202 58 viatoris,
954 1034 125 58 quam
1032 1034 187 58 alterius
1172 1034 296 58 contemplatoris:
1421 1034 93 58 vt
1468 1034 171 58 dicatur
1592 1034 125 58 quod
1670 1034 187 58 cuilibet
1810 1034 93 58 in
1857 1034 202 58 praesenti
2013 1034 140 58 datur
2106 1034 187 58 quicquid
2231 1034 62 58 me

502 1088 144 61 retur
598 1088 96 61 de
646 1088 192 61 augmento
791 1088 208 61 essentiae
951 1088 241 61 charitatis:
1143 1088 96 61 vt
1192 1088 128 61 ipso
1272 1088 160 61 vtatur
1384 1088 96 61 ad
1432 1088 241 61 promerendum
1624 1088 176 61 amplius
1753 1088 128 61 quam
1833 1088 257 61 promereretur
2041 1088 96 61 si
2090 1088 128 61 pars
2154 1088 144 61 reserua

503 1140 142 60 retur
598 1140 220 60 conferenda
771 1140 94 60 in
818 1140 173 60 patria:
944 1140 79 60 &
975 1140 126 60 quod
1054 1140 110 60 hoc
1117 1140 157 60 multum
1227 1140 220 60 attestatur
1400 1140 173 60 diuinae
1526 1140 283 60 misericordiae.
1762 1140 94 60 Si
1809 1140 126 60 enim
1888 1140 110 60 dat
1951 1140 173 60 gratiam
2077 1140 205 60 immeritam
2234 1140 94 60 in

496 1195 229 68 praesenti
672 1195 106 68 vt
725 1195 211 68 videtur,
883 1195 158 68 multo
989 1195 194 68 fortius
1130 1195 123 68 dat
1200 1195 88 68 &
1235 1195 158 68 omnem
1341 1195 211 68 meritam.
1499 1195 123 68 Sed
1570 1195 158 68 adhuc
1675 1195 176 68 multum
1798 1195 176 68 distat
1922 1195 88 68 a
1957 1195 264 68 perfectione
2150 1195 141 68 chari-

499 1249 146 67 tatis
596 1249 195 67 patriae:
742 1249 97 67 vt
791 1249 162 67 dictum
904 1249 130 67 est:
985 1249 97 67 vt
1034 1249 114 67 sic
1099 1249 146 67 finis
1196 1249 227 67 charitatis
1375 1249 178 67 vltimus
1504 1249 114 67 non
1569 1249 114 67 sit
1634 1249 195 67 terminus
1780 1249 195 67 augmenti
1926 1249 97 67 in
1975 1249 114 67 sua
2040 1249 211 67 essentia:
2202 1249 130 67 quod

498 1304 189 54 secundum
640 1304 142 54 istam
735 1304 221 54 positionem
909 1304 111 54 hoc
972 1304 158 54 posset
1082 1304 158 54 haberi
1193 1304 95 54 in
1240 1304 126 54 fine
1319 1304 142 54 vitae
1414 1304 205 54 alicuius:
1572 1304 111 54 sed
1635 1304 205 54 consistat
1793 1304 95 54 in
1840 1304 126 54 eius
1919 1304 237 54 operatione,
2109 1304 126 54 quae
2187 1304 111 54 non
2235 1304 63 54 po

497 1357 132 65 test
579 1357 132 65 esse
661 1357 99 65 in
710 1357 115 65 hac
776 1357 148 65 vita:
875 1357 115 65 sed
941 1357 148 65 solum
1040 1357 99 65 in
1089 1357 181 65 patria:
1221 1357 99 65 vt
1270 1357 165 65 dictum
1385 1357 132 65 est:
1467 1357 99 65 in
1517 1357 115 65 qua
1582 1357 214 65 consistit
1747 1357 214 65 plenitudo
1912 1357 230 65 charitatis
2093 1357 132 65 quae
2158 1357 132 65 augeri

495 1420 115 54 non
560 1420 148 54 pont,
659 1420 132 54 quae
742 1420 99 54 in
791 1420 165 54 nemine
906 1420 115 54 est
972 1420 181 54 quamdiu
1104 1420 115 54 hic
1170 1420 165 54 viuit.
1285 1420 99 54 Et
1335 1420 198 54 secundum
1483 1420 115 54 hoc
1549 1420 181 54 ponendo
1681 1420 132 54 quod
1763 1420 148 54 motus
1862 1420 198 54 augmenti
2010 1420 99 54 in
2060 1420 214 54 charitate
2208 1420 99 54 viae

488 1468 217 64 procedat
650 1468 108 64 in
705 1468 235 64 infinitum
885 1468 217 64 secundum
1048 1468 181 64 dictum
1174 1468 181 64 modum,
1300 1468 217 64 ponendum
1463 1468 126 64 est
1535 1468 126 64 cum
1607 1468 126 64 hoc
1679 1468 144 64 quod
1770 1468 126 64 est
1842 1468 235 64 ordinatus
2022 1468 108 64 ad
2076 1468 235 64 terminum,
2239 1468 54 64 &

502 1518 102 65 ad
553 1518 170 65 finem,
672 1518 136 65 etsi
756 1518 119 65 non
824 1518 102 65 ad
875 1518 271 65 adipiscendum
1095 1518 102 65 in
1146 1518 119 65 hac
1214 1518 153 65 vita,
1316 1518 153 65 tamen
1417 1518 102 65 in
1468 1518 186 65 futura.
1604 1518 136 65 Vnde
1689 1518 85 65 &
1723 1518 237 65 praeceptum
1909 1518 102 65 de
1960 1518 136 65 tali
2045 1518 136 65 modo
2113 1518 186 65 dilectio-

496 1573 115 67 nis
561 1573 115 67 non
627 1573 132 67 fuit
710 1573 148 67 datum
808 1573 99 67 vt
858 1573 165 67 omnino
973 1573 99 67 in
1022 1573 214 67 praesenti
1187 1573 280 67 adimpleretur:
1417 1573 132 67 quia
1500 1573 115 67 hoc
1566 1573 115 67 est
1631 1573 263 67 impossibile:
1846 1573 115 67 sed
1911 1573 99 67 vt
1961 1573 214 67 perfectio
2125 1573 132 67 illa
2208 1573 115 67 qua

494 1624 180 67 impleri
624 1624 163 67 posset
739 1624 294 67 desideraretur.
984 1624 180 67 dicente
1115 1624 229 67 Augustinus
1295 1624 98 67 de
1344 1624 131 67 sen.
1426 1624 180 67 lacobi.
1556 1624 114 67 lbi
1622 1624 147 67 videt
1720 1624 114 67 qui
1785 1624 147 67 recte
1883 1624 147 67 videt
1981 1624 114 67 vbi
2047 1624 82 67 &
2079 1624 163 67 quando
2194 1624 82 67 &
2227 1624 98 67 vn

492 1680 93 63 de
538 1680 185 63 speranda
677 1680 108 63 sit
739 1680 124 63 illa
816 1680 201 63 perfectio
971 1680 108 63 cum
1033 1680 108 63 non
1094 1680 108 63 sit
1156 1680 124 63 quod
1233 1680 155 63 adiici
1342 1680 170 63 possit.
1465 1680 93 63 Si
1512 1680 139 63 autem
1604 1680 201 63 praecepta
1759 1680 108 63 non
1821 1680 155 63 essent
1929 1680 108 63 non
1991 1680 155 63 vtique
2099 1680 139 63 esset
2192 1680 108 63 vbi
2238 1680 62 63 ho

499 1732 104 55 mo
551 1732 104 55 se
603 1732 242 55 inspiceret
793 1732 87 55 &
828 1732 191 55 videret
966 1732 139 55 vnde
1053 1732 277 55 auerteretur:
1278 1732 121 55 quo
1347 1732 277 55 coronatetur:
1573 1732 156 55 quare
1676 1732 294 55 gratularetur:
1919 1732 139 55 quid
2006 1732 260 55 peccaretur.
2196 1732 104 55 Vnde

496 1786 159 65 istam
602 1786 282 65 perfectionem
831 1786 264 65 expectandam
1043 1786 106 65 in
1096 1786 176 65 futuro
1219 1786 123 65 sub
1289 1786 282 65 comparatione
1519 1786 106 65 ad
1571 1786 159 65 illam
1677 1786 141 65 quae
1765 1786 194 65 habetur
1906 1786 106 65 in
1959 1786 247 65 praesenti:
2153 1786 141 65 bene
2224 1786 70 65 ex

502 1846 133 63 ponit
591 1846 133 63 glos.
680 1846 119 63 quae
754 1846 133 63 super
843 1846 133 63 illud
932 1846 133 63 Phil.
1021 1846 119 63 iii.
1095 1846 193 63 Quicumque
1243 1846 178 63 perfecti
1376 1846 133 63 sumus
1465 1846 104 63 hoc
1525 1846 207 63 sentiamus:
1688 1846 133 63 dicit
1776 1846 119 63 sic.
1851 1846 104 63 Hoc
1910 1846 163 63 sentiam
2028 1846 178 63 scilicet
2162 1846 119 63 quod
2221 1846 74 63 non

502 1894 116 64 dum
569 1894 199 64 perfecti
718 1894 149 64 sumus
817 1894 199 64 respectu
966 1894 182 64 futuri.
1098 1894 99 64 &.
1148 1894 132 64 quid
1231 1894 116 64 de.
1297 1894 116 64 non
1363 1894 166 64 loquor
1479 1894 99 64 de
1529 1894 248 64 imperfectis
1727 1894 166 64 quibus
1843 1894 149 64 adhuc
1942 1894 116 64 non
2009 1894 149 64 valeo
2108 1894 149 64 loqui
2191 1894 99 64 sapi

504 1943 170 58 entiam:
627 1943 108 58 qui
689 1943 139 58 adhuc
781 1943 139 58 lacte
874 1943 200 58 potantur:
1028 1943 108 58 non
1089 1943 154 58 solido
1197 1943 123 58 cibo
1274 1943 216 58 pascuntur:
1444 1943 108 58 sed
1506 1943 139 58 illis
1598 1943 123 58 dico
1675 1943 108 58 qui
1737 1943 108 58 iam
1799 1943 185 58 perfecti
1937 1943 123 58 esse
2014 1943 200 58 videntur:
2169 1943 108 58 qui
2215 1943 77 58 mam

497 2002 173 64 ducant
618 2002 190 64 solidum
756 2002 173 64 cibum:
876 2002 138 64 quia
963 2002 259 64 intelligunt
1170 2002 276 64 aequalitatem
1394 2002 155 64 verbi
1497 2002 121 64 cum
1566 2002 173 64 patre:
1687 2002 121 64 sed
1756 2002 173 64 nondum
1877 2002 173 64 vident
1998 2002 155 64 adhuc
2101 2002 190 64 quomodo
2222 2002 69 64 vi

504 2048 164 67 dendum
619 2048 115 67 est
684 2048 148 67 facie
783 2048 99 67 ad
832 2048 181 67 facien.
963 2048 148 67 Certa
1062 2048 131 67 enim
1144 2048 148 67 fides
1242 2048 115 67 hic
1308 2048 164 67 vbique
1423 2048 181 67 inchoat
1554 2048 263 67 cognitionem:
1768 2048 197 67 cognitio
1915 2048 131 67 vero
1998 2048 148 67 certa
2096 2048 115 67 non
2145 2048 148 67 perfici

499 2106 112 65 tur
563 2106 128 65 nisi
643 2106 128 65 post
722 2106 128 65 hanc
802 2106 160 65 vitam,
914 2106 112 65 cum
978 2106 207 65 viderimus
1137 2106 144 65 facie
1233 2106 96 65 ad
1281 2106 176 65 facien.
1408 2106 96 65 Et
1456 2106 160 65 infra.
1568 2106 96 65 Et
1616 2106 191 65 sciendum
1759 2106 128 65 quod
1839 2106 191 65 iustitia
1983 2106 112 65 qua
2047 2106 160 65 iustus
2158 2106 96 65 ex
2190 2106 96 65 fide

504 2161 148 55 viuit:
608 2161 118 55 nunc
682 2161 118 55 vera
755 2161 177 55 iustitia
888 2161 118 55 est:
962 2161 118 55 quae
1036 2161 133 55 licet
1125 2161 103 55 non
1184 2161 177 55 immerito
1317 2161 89 55 in
1361 2161 192 55 aliquibus
1509 2161 148 55 iustis
1612 2161 118 55 nunc
1686 2161 118 55 vera
1760 2161 103 55 pro
1819 2161 133 55 huius
1908 2161 133 55 vitae
1997 2161 207 55 capacitate
2159 2161 74 55 &
2174 2161 118 55 perfe-

499 2214 112 63 cta
563 2214 192 63 dicatur:
707 2214 144 63 parua
803 2214 144 63 tamen
898 2214 112 63 est
962 2214 96 63 ad
1010 2214 144 63 illam
1106 2214 160 63 magnam
1218 2214 128 63 quam
1298 2214 144 63 cepit
1394 2214 224 63 aequalitas
1569 2214 224 63 angelorum.
1745 2214 144 63 Minor
1841 2214 128 63 ista
1921 2214 192 63 iustitia
2064 2214 144 63 facit
2144 2214 144 63 meritum

509 2268 127 69 illa
589 2268 143 69 maior
684 2268 143 69 facit
780 2268 207 69 praemium.
939 2268 191 69 ALIAvero
1082 2268 111 69 est
1146 2268 159 69 opinio
1257 2268 191 69 communis
1401 2268 127 69 quod
1480 2268 191 69 charitas
1623 2268 111 69 quo
1687 2268 96 69 ad
1735 2268 127 69 suam
1814 2268 207 69 essentiam
1974 2268 111 69 non
2037 2268 175 69 habetur
2165 2268 111 69 hic
2212 2268 80 69 per

508 2322 164 60 fecta,
623 2322 115 60 nec
688 2322 164 60 potest
804 2322 164 60 habere
919 2322 214 60 perfectum
1083 2322 230 60 augmentum.
1264 2322 82 60 &
1297 2322 197 60 secundum
1445 2322 148 60 illam
1544 2322 197 60 dicendum
1692 2322 132 60 quod
1774 2322 148 60 tanta
1873 2322 115 60 est
1939 2322 214 60 quantitas
2087 2322 197 60 charitatis

502 2374 184 67 patriae
636 2374 201 67 secundum
787 2374 218 67 essentiam
954 2374 100 67 in
1005 2374 167 67 minimo
1122 2374 167 67 beato:
1239 2374 100 67 vt
1289 2374 184 67 nullius
1423 2374 134 67 vita
1507 2374 184 67 prolixa
1641 2374 117 67 hic
1708 2374 251 67 sanctissima
1909 2374 218 67 sufficiat
2076 2374 100 67 ad
2110 2374 184 67 promeren-

504 2428 117 63 dum
571 2428 218 63 augmentum
739 2428 184 63 aequale
873 2428 218 63 charitati
1040 2428 184 63 illius.
1174 2428 201 63 Secundum
1325 2428 117 63 hoc
1392 2428 218 63 exponitur
1559 2428 167 63 illud.
1676 2428 117 63 Qui
1743 2428 151 63 minor
1844 2428 117 63 est
1911 2428 100 63 in
1961 2428 151 63 regno
2062 2428 201 63 caelorum
2212 2428 117 63 ma-

501 2478 116 71 ior
568 2478 116 71 est
634 2478 150 71 illo,
734 2478 133 71 quod
817 2478 200 71 secundum
967 2478 183 71 priorem
1100 2478 216 71 opinionem
1267 2478 216 71 exponitur
1433 2478 116 71 quo
1499 2478 100 71 ad
1549 2478 200 71 feruorem
1699 2478 166 71 actus.
1816 2478 133 71 Isti
1899 2478 150 71 autem
1999 2478 100 71 ad
2032 2478 266 71 confirmationem

499 2536 151 59 dicti
600 2536 118 59 sui
667 2536 202 59 adducunt
819 2536 185 59 glossam
953 2536 151 59 supra
1054 2536 134 59 idem
1138 2536 134 59 quid
1222 2536 168 59 statim
1340 2536 168 59 supra:
1457 2536 134 59 quae
1541 2536 168 59 dicit.
1659 2536 202 59 Quotquot
1810 2536 202 59 perfecti
1962 2536 151 59 sumus
2063 2536 118 59 hoc
2113 2536 185 59 sentiamus

504 2591 127 63 quod
584 2591 111 63 non
647 2591 111 63 dum
711 2591 191 63 perfecti
854 2591 159 63 sumus:
965 2591 95 63 vt
1013 2591 143 63 illic
1108 2591 238 63 perficiamur
1299 2591 111 63 quo
1362 2591 191 63 perfecte
1505 2591 143 63 adhuc
1601 2591 207 63 currimus,
1760 2591 95 63 vt
1807 2591 111 63 cum
1871 2591 175 63 venerit
1998 2591 127 63 quod
2078 2591 207 63 perfectum
2221 2591 79 63 est

505 2644 200 58 destruatur
662 2644 114 58 quod
733 2644 86 58 ex
776 2644 129 58 parte
862 2644 129 58 esti.
947 2644 100 58 i,.
1005 2644 100 58 non
1062 2644 100 58 iam
1119 2644 86 58 ex
1162 2644 129 58 parte
1247 2644 114 58 sit:
1319 2644 100 58 sed
1376 2644 143 58 tota,.
1476 2644 114 58 quia
1547 2644 129 58 fidei
1633 2644 71 58 &
1662 2644 114 58 spei
1733 2644 100 58 res
1790 2644 114 58 ipsa
1862 2644 114 58 quae
1933 2644 157 58 videtur
2047 2644 71 58 &
2076 2644 157 58 tenetur
2176 2644 114 58 succe-

500 2697 122 60 dit.
576 2697 183 60 charitas
713 2697 122 60 vero
789 2697 122 60 quae
866 2697 107 60 his
927 2697 137 60 maior
1018 2697 107 60 est
1079 2697 107 60 non
1140 2697 213 60 auferetur,
1308 2697 107 60 sed
1369 2697 198 60 augebitur
1521 2697 76 60 &
1552 2697 229 60 implebitur.
1735 2697 91 60 In
1781 2697 107 60 qua
1842 2697 229 60 plenitudine
2025 2697 213 60 implebitur
2192 2697 137 60 illud

502 2751 219 61 praeceptum
675 2751 235 61 charitatis.
863 2751 172 61 Diliges
988 2751 172 61 dominum
1114 2751 125 61 deum
1192 2751 125 61 tuum
1270 2751 94 61 ex
1317 2751 125 61 toto
1396 2751 141 61 corde
1490 2751 110 61 &c.
1552 2751 94 61 Et
1599 2751 172 61 constat
1725 2751 94 61 vt
1772 2751 141 61 dicit
1866 2751 125 61 ista
1944 2751 172 61 secunda
2070 2751 172 61 opinio,
2195 2751 125 61 quod

506 2808 102 54 hoc
565 2808 102 54 non
623 2808 233 54 intelligitur
812 2808 116 54 nisi
884 2808 87 54 de
928 2808 189 54 charitate
1073 2808 174 54 secundum
1204 2808 116 54 suam
1277 2808 233 54 substantiam.
1466 2808 131 54 Illa.
1553 2808 87 54 n.
1596 2808 116 54 sola
1669 2808 174 54 secundum
1800 2808 116 54 quod
1873 2808 189 54 huiusmodi
2018 2808 102 54 non
2076 2808 189 54 aufertur:
2207 2808 87 54 etsi

499 2863 148 66 actus
597 2863 131 66 eius
679 2863 197 66 alterius
827 2863 131 66 modi
909 2863 99 66 in
958 2863 213 66 diligendo
1122 2863 131 66 quam
1205 2863 164 66 habuit
1319 2863 115 66 hic
1385 2863 213 66 succedit:
1549 2863 99 66 vt
1599 2863 148 66 patet
1697 2863 99 66 ex
1746 2863 181 66 dictis.
1878 2863 99 66 Si
1927 2863 131 66 ergo
2009 2863 197 66 impletur
2157 2863 99 66 vt
2190 2863 99 66 fiat

505 2913 133 62 tota:
594 2913 119 62 quid
668 2913 133 62 autem
757 2913 104 62 est
816 2913 133 62 primo
905 2913 89 62 ex
950 2913 148 62 parte:
1053 2913 74 62 &
1083 2913 193 62 postmodum
1231 2913 104 62 sit
1290 2913 148 62 totum:
1394 2913 89 62 si
1439 2913 133 62 illud
1528 2913 104 62 sit
1587 2913 178 62 secundum
1720 2913 148 62 partem
1824 2913 222 62 integrantem
2002 2913 104 62 rei
2061 2913 222 62 quantitatem
2224 2913 74 62 si-

504 2969 119 73 cut
572 2969 221 73 contingit
742 2969 102 73 in
793 2969 238 73 proposito:
980 2969 187 73 oportet
1116 2969 136 73 quod
1201 2969 119 73 hoc
1269 2969 136 73 fiat
1354 2969 119 73 per
1421 2969 238 73 additionem
1608 2969 204 73 alterius
1761 2969 170 73 partis
1880 2969 255 73 integrantis
2067 2969 221 73 quantitatem

511 3018 120 63 quae
586 3018 105 63 non
646 3018 136 63 ponit
737 3018 196 63 augmentum
887 3018 120 63 nisi
963 3018 181 63 secundum
1098 3018 105 63 rei
1159 3018 241 63 substantiam,
1354 3018 120 63 quod
1430 3018 181 63 expresse
1565 3018 181 63 insinuat
1701 3018 136 63 glos.
1791 3018 120 63 quae
1866 3018 196 63 sequitur.
2017 3018 90 63 In
2062 3018 120 63 quae
2122 3018 166 63 plenitudi

509 3075 102 58 ne
560 3075 119 58 &c.
628 3075 102 58 vt
678 3075 203 58 oporteat
831 3075 136 58 quod
916 3075 152 58 aliud
1017 3075 119 58 sit
1085 3075 220 58 plenitudo
1255 3075 152 58 ipsa,
1356 3075 152 58 aliud
1458 3075 203 58 operatio
1610 3075 136 58 quae
1695 3075 203 58 impletur
1848 3075 102 58 ex
1898 3075 136 58 ipsa
1983 3075 271 58 plenitudine.
2186 3075 102 58 Augu

509 3129 160 52 stinus
621 3129 144 52 tamen
717 3129 96 52 in
765 3129 128 52 fine
845 3129 160 52 Enchi.
957 3129 176 52 videtur
1085 3129 176 52 innuere
1213 3129 128 52 quod
1293 3129 128 52 ista
1373 3129 208 52 plenitudo
1533 3129 160 52 possit
1645 3129 160 52 haberi
1757 3129 96 52 in
1805 3129 128 52 vita
1885 3129 144 52 ista.
1981 3129 112 52 vbi
2045 3129 144 52 dicit
2141 3129 128 52 sic.
2205 3129 80 52 Mi-

488 3182 189 85 nuitur
620 3182 170 85 autem
734 3182 245 85 cupiditas
922 3182 245 85 charitate
1111 3182 264 85 crescente:
1319 3182 170 85 donec
1432 3182 189 85 veniat
1564 3182 132 85 hic
1640 3182 113 85 ad
1697 3182 189 85 tantam
1829 3182 302 85 magnitudinem
2074 3182 132 85 qua
2150 3182 170 85 maior
