2401 3729
127 323 179 68 eisdem
252 323 197 68 quatuor
396 323 161 68 modis
503 323 286 68 considerando
736 323 269 68 charitatem,
951 323 215 68 Dicendum
1112 323 125 68 est
1183 323 143 68 quod
1273 323 107 68 si
1326 323 215 68 loquamur
1488 323 107 68 de
1541 323 322 68 concupiscentia
1810 323 107 68 vt
1846 323 90 68 est

137 386 98 57 in
186 386 164 57 radice
301 386 131 57 sua:
383 386 197 57 scilicet
530 386 98 57 in
579 386 197 57 essentia
727 386 197 57 fomitis:
875 386 115 57 sic
940 386 115 57 non
1006 386 230 57 diminuitur
1186 386 115 57 per
1252 386 230 57 charitatem
1432 386 148 57 sicut
1530 386 115 57 nec
1596 386 230 57 econverso:
1776 386 131 57 quia
1842 386 82 57 est

131 441 148 70 extra
229 441 246 70 substantiam
426 441 164 70 animae
541 441 164 70 latens
656 441 99 70 in
705 441 148 70 carne
804 441 279 70 originaliter,
1034 441 99 70 ex
1083 441 115 70 qua
1148 441 115 70 per
1214 441 279 70 coniunctionem
1444 441 115 70 cum
1510 441 131 70 ipsa
1592 441 213 70 contraxit
1739 441 181 70 originale

129 488 195 71 manente
271 488 178 71 fomite
396 488 107 71 in
449 488 160 71 carne
555 488 107 71 in
609 488 195 71 poenam,
750 488 178 71 omnino
875 488 160 71 eodem
981 488 124 71 non
1052 488 213 71 diminuto
1212 488 107 71 in
1265 488 213 71 essentia
1425 488 160 71 sicut
1532 488 178 71 prius.
1656 488 124 71 Quo
1709 488 213 71 impediente

130 545 193 76 charitas
275 545 97 76 in
323 545 129 76 vita
404 545 129 76 ista
484 545 177 76 perfici
613 545 113 76 non
678 545 129 76 pont
758 545 97 76 in
806 545 113 76 suo
871 545 129 76 actu
951 545 129 76 etsi
1032 545 97 76 in
1080 545 209 76 infinitum
1241 545 242 76 augmentetur
1435 545 193 76 secundum
1580 545 258 76 substantiam:
1789 545 97 76 vt
1837 545 113 76 di-

137 603 123 58 ctum
213 603 107 58 est
275 603 153 58 supra.
382 603 77 58 &
412 603 107 58 hoc
474 603 123 58 quia
550 603 92 58 in
596 603 199 58 essentiam
749 603 168 58 fomitis
872 603 92 58 vt
918 603 107 58 est
979 603 92 58 in
1025 603 138 58 carne
1117 603 168 58 tanquam
1239 603 92 58 in
1285 603 153 58 radice
1392 603 138 58 nihil
1484 603 123 58 agit
1561 603 153 58 omnino
1668 603 138 58 ipsum
1745 603 168 58 diminuen-

134 654 109 60 do.
197 654 109 60 Non
259 654 109 60 est
322 654 125 60 enim
400 654 125 60 quid
478 654 141 60 ipsum
572 654 203 60 diminuere
728 654 156 60 possit
838 654 234 60 quemadmodum
1025 654 109 60 nec
1088 654 234 60 charitatem,
1275 654 125 60 nisi
1353 654 141 60 solus
1447 654 141 60 deus:
1541 654 109 60 qui
1603 654 141 60 solus
1697 654 156 60 potest
1791 654 125 60 omnino

131 707 153 69 ipsum
233 707 205 69 auferre:
387 707 153 69 sicut
489 707 85 69 &
523 707 170 69 faciet
642 707 102 69 in
694 707 205 69 gloriosa
847 707 307 69 resurrectione.
1103 707 85 69 &
1137 707 119 69 hoc
1205 707 205 69 operante
1358 707 222 69 meritorie
1529 707 239 69 charitate:
1716 707 153 69 sicut
1802 707 119 69 fomes

131 769 219 62 meritorie
300 769 202 62 operatur
451 769 269 62 corruptionem
670 769 253 62 charitatis:
872 769 101 62 vt
923 769 168 62 dictum
1040 769 135 62 est.
1125 769 101 62 Si
1175 769 202 62 loquamur
1327 769 101 62 de
1377 769 303 62 concupiscentia
1630 769 101 62 vt
1680 769 219 62 consistit
1849 769 101 62 in

137 817 219 60 essentiali
309 817 78 60 &
341 817 188 60 naturali
482 817 250 60 inclinatione
685 817 125 60 quam
763 817 141 60 facit
857 817 94 60 in
904 817 219 60 voluntate,
1076 817 110 60 sic
1139 817 125 60 dico
1217 817 94 60 vt
1264 817 141 60 prius
1358 817 125 60 quod
1436 817 110 60 non
1499 817 219 60 diminuitur
1671 817 110 60 per
1733 817 219 60 charitatem

131 870 137 58 immo
217 870 171 58 semper
336 870 154 58 manet
439 870 223 58 aequalis:
610 870 154 58 sicut
713 870 86 58 &
747 870 154 58 fomes
850 870 103 58 in
902 870 120 58 sua
970 870 223 58 essentia.
1141 870 120 58 est
1210 870 137 58 enim
1295 870 154 58 fomes
1398 870 103 58 vt
1450 870 171 58 pondus
1569 870 188 58 annexum
1706 870 240 58 voluntati:

129 928 139 58 quod
215 928 243 58 necessario
406 928 208 58 secundum
562 928 139 58 suam
649 928 208 58 mensuram
805 928 87 58 &
840 928 156 58 modum
944 928 260 58 quantitatis
1152 928 139 58 suae
1239 928 174 58 trahit
1361 928 174 58 semper
1482 928 87 58 &
1517 928 243 58 aequaliter
1708 928 191 58 quantum
1829 928 87 58 est

136 977 98 69 ex
185 977 114 69 se,
250 977 229 69 voluntatis
430 977 245 69 affectionem
626 977 180 69 deorsum
756 977 229 69 aggrauando
936 977 114 69 eam
1001 977 98 69 ne
1050 977 163 69 possit
1165 977 196 69 perfecta
1312 977 229 69 dilectione
1491 977 196 69 eleuari.
1638 977 147 69 luxta
1736 977 147 69 illud
1834 977 114 69 pro

134 1035 166 64 uerbi.
251 1035 116 64 ix.
317 1035 166 64 Corpus
433 1035 133 64 quid
516 1035 249 64 corrumpitur
716 1035 199 64 aggrauat
865 1035 183 64 animam.
998 1035 166 64 Corpus
1114 1035 133 64 quid
1197 1035 266 64 corrumpitur.
1413 1035 100 64 i.
1463 1035 166 64 habens
1579 1035 199 64 morbidam
1712 1035 216 64 dispositio-

138 1082 119 69 nem
206 1082 187 69 fomitis
342 1082 136 69 quam
427 1082 187 69 necesse
563 1082 119 69 est
631 1082 204 69 corrumpi
784 1082 170 69 ipsum.
903 1082 102 69 Et
954 1082 119 69 est
1022 1082 170 69 simile
1141 1082 102 69 si
1192 1082 136 69 alis
1277 1082 136 69 auis
1362 1082 153 69 esset
1464 1082 204 69 lapillus
1617 1082 204 69 annexus,
1770 1082 187 69 quantum

135 1142 164 66 cunque
249 1142 164 66 virtus
364 1142 164 66 alarum
478 1142 278 66 augmentaretur
708 1142 82 66 &
740 1142 147 66 penae
839 1142 213 66 similiter
1002 1142 98 66 vt
1051 1142 196 66 facilius
1199 1142 164 66 semper
1313 1142 82 66 &
1346 1142 131 66 plus
1428 1142 164 66 posset
1542 1142 229 66 ascendere,
1723 1142 131 66 etsi
1804 1142 98 66 in
1854 1142 98 66 in

136 1187 175 62 finitum
263 1187 286 62 augmentaretur,
502 1187 175 62 nunquam
629 1187 175 62 poendus
757 1187 95 62 in
804 1187 95 62 se
852 1187 111 62 nec
916 1187 223 62 inclinatio
1091 1187 80 62 &
1123 1187 175 62 tractus
1250 1187 127 62 eius
1329 1187 175 62 deorsum
1457 1187 270 62 diminueretur:
1679 1187 143 62 quind
1775 1187 175 62 cessan-

137 1245 96 59 te
185 1245 127 59 actu
264 1245 175 59 penarum
392 1245 159 59 pondus
503 1245 159 59 semper
615 1245 175 59 deorsum
742 1245 207 59 traheret:
902 1245 175 59 dicente
1029 1245 223 59 Augustinus
1204 1245 96 59 i.
1252 1245 223 59 Retractina
1427 1245 127 59 cap.
1507 1245 127 59 vii.
1587 1245 143 59 Ardor
1682 1245 223 59 charitatis
1841 1245 80 59 tam

140 1301 163 63 magnus
254 1301 98 63 vt
303 1301 147 63 vitia
400 1301 163 63 cuncta
514 1301 195 63 consumat
661 1301 98 63 in
710 1301 114 63 hac
775 1301 130 63 vita
856 1301 147 63 nasci
954 1301 81 63 &
987 1301 195 63 crescere
1133 1301 179 63 potest:
1263 1301 212 63 perficere
1426 1301 130 63 vero
1508 1301 179 63 propter
1638 1301 130 63 quod
1719 1301 212 63 nascitur,
1866 1301 65 63 vt

141 1352 167 62 nullum
258 1352 151 62 insit
359 1352 167 62 omnino
476 1352 167 62 vitium
593 1352 117 62 non
660 1352 268 62 consequenter
878 1352 117 62 hoc
944 1352 184 62 potest.
1078 1352 167 62 Reuera
1195 1352 167 62 tantus
1313 1352 167 62 potest
1430 1352 134 62 esse
1513 1352 100 62 in
1564 1352 117 62 hac
1631 1352 134 62 vita
1714 1352 100 62 vt
1748 1352 167 62 consumat

131 1406 165 62 cuncta
247 1406 149 62 vitia
347 1406 199 62 actualia
495 1406 132 62 quae
578 1406 132 62 sunt
661 1406 99 62 in
710 1406 215 62 voluntate
876 1406 99 62 ex
925 1406 265 62 inclinatione
1141 1406 182 62 fomitis
1273 1406 182 62 exorta.
1405 1406 132 62 Quia
1488 1406 149 62 tamen
1587 1406 116 62 sic
1653 1406 199 62 consumat
1802 1406 99 62 vt
1835 1406 83 62 non

141 1459 109 60 sit
204 1459 93 60 in
250 1459 155 60 radice
359 1459 186 60 fomitis,
498 1459 78 60 &
529 1459 202 60 inquantum
684 1459 93 60 in
731 1459 93 60 se
777 1459 109 60 est
839 1459 202 60 quandoque
994 1459 202 60 insurgat,
1150 1459 155 60 omnino
1258 1459 202 60 consumere
1413 1459 109 60 non
1475 1459 155 60 potest
1584 1459 93 60 in
1630 1459 109 60 hac
1692 1459 140 60 vita.
1785 1459 93 60 Et
1816 1459 109 60 econ-

135 1512 120 66 tra
204 1512 207 66 charitas
359 1512 120 66 est
427 1512 155 66 penna
531 1512 258 66 spiritualis
737 1512 241 66 voluntatem
927 1512 189 66 eleuans
1064 1512 172 66 sursum
1185 1512 207 66 secundum
1340 1512 207 66 mensuram
1495 1512 86 66 &
1529 1512 155 66 modum
1632 1512 138 66 suae
1718 1512 241 66 quantitati

134 1565 78 59 &
166 1565 109 59 hoc
228 1565 156 59 semper
338 1565 78 59 &
369 1565 219 59 aequaliter
541 1565 172 59 quamdiu
666 1565 125 59 est,
744 1565 172 59 quantum
869 1565 109 59 est
931 1565 94 59 de
978 1565 109 59 se:
1041 1565 78 59 &
1072 1565 188 59 secundum
1213 1565 266 59 dispositionem
1432 1565 141 59 illam
1525 1565 125 59 quam
1603 1565 109 59 sic
1666 1565 94 59 ex
1713 1565 156 59 seipsa
1807 1565 109 59 impri

140 1618 132 57 mit,
223 1618 182 57 nunquam
356 1618 248 57 diminuitur:
554 1618 149 57 sicut
653 1618 149 57 neque
753 1618 99 57 in
802 1618 116 57 sua
868 1618 248 57 substantia.
1067 1618 99 57 Si
1116 1618 132 57 vero
1199 1618 199 57 loquamur
1348 1618 99 57 de
1398 1618 298 57 concupiscentia
1646 1618 99 57 vt
1695 1618 215 57 consistit
1861 1618 99 57 in

141 1666 260 64 inclinatione
352 1666 146 64 dicta
449 1666 243 64 accidentali
644 1666 130 64 quam
725 1666 178 64 causant
854 1666 97 64 in
903 1666 211 64 voluntate
1065 1666 146 64 actus
1163 1666 178 64 peccati
1292 1666 81 64 &
1325 1666 243 64 charitatis:
1519 1666 114 64 sic
1584 1666 130 64 dico
1665 1666 130 64 quod
1730 1666 195 64 diminuitur

140 1726 215 60 cupiditas
306 1726 116 60 per
372 1726 248 60 charitatem:
571 1726 83 60 &
604 1726 116 60 hoc
670 1726 182 60 praeter
802 1726 149 60 illum
901 1726 149 60 modum
1001 1726 265 60 supradictum:
1216 1726 116 60 quo
1282 1726 232 60 diminuitur
1464 1726 199 60 negatiue
1613 1726 99 60 ne
1662 1726 165 60 possit
1778 1726 99 60 in
1811 1726 116 60 actum

142 1778 224 69 insurgere.
318 1778 96 69 Et
366 1778 208 69 econuerso
526 1778 192 69 charitas
670 1778 112 69 quo
734 1778 96 69 ad
782 1778 144 69 istam
878 1778 272 69 inclinationem
1101 1778 96 69 in
1149 1778 208 69 voluntate
1309 1778 224 69 derelictam
1485 1778 96 69 ex
1533 1778 176 69 actibus
1661 1778 192 69 elicitis
1805 1778 96 69 ex
1837 1778 80 69 cha

136 1835 162 57 ritate
249 1835 227 57 diminuitur
427 1835 113 57 per
492 1835 146 57 actus
589 1835 211 57 veniales.
751 1835 97 57 Et
800 1835 259 57 consimiliter
1011 1835 97 57 si
1059 1835 194 57 loquamur
1205 1835 97 57 de
1254 1835 292 57 concupiscentia
1497 1835 97 57 vt
1545 1835 211 57 consistit
1707 1835 97 57 in
1756 1835 130 57 ipso
1821 1835 97 57 fer-

143 1887 124 67 uore
221 1887 155 67 actus,
330 1887 124 67 ipsa
407 1887 217 67 diminuitur
578 1887 109 67 per
640 1887 140 67 actus
733 1887 233 67 charitatis:
919 1887 78 67 &
950 1887 171 67 econtra
1074 1887 140 67 actus
1167 1887 202 67 charitati
1322 1887 109 67 per
1384 1887 186 67 peccatam
1524 1887 202 67 venialia.
1679 1887 93 67 Et
1725 1887 186 67 secundum
1849 1887 78 67 hoc

144 1943 233 71 exponendae
327 1943 133 71 sunt
411 1943 283 71 auctoritates:
644 1943 166 71 siquae
760 1943 216 71 exprimunt
927 1943 233 71 charitatem
1110 1943 150 71 posse
1209 1943 200 71 diminui:
1359 1943 100 71 vt
1409 1943 150 71 super
1509 1943 150 71 illud
1609 1943 166 71 primae
1725 1943 166 71 Thess.
1825 1943 100 71 vlt.

141 1995 135 67 Deus
226 1995 152 67 pacis
327 1995 254 67 sanctificet
531 1995 119 67 vos
598 1995 119 67 &c.
666 1995 152 67 dicit
768 1995 169 67 Gloss.
886 1995 169 67 Gratia
1005 1995 203 67 spiritus
1157 1995 169 67 sancti
1276 1995 135 67 quae
1360 1995 135 67 data
1445 1995 119 67 est
1513 1995 152 67 nobis
1614 1995 102 67 in
1665 1995 220 67 baptismo,
1817 1995 102 67 ser-

139 2054 157 58 uetur
243 2054 192 58 integra
383 2054 87 58 &
418 2054 262 58 incorrupta:
628 2054 105 58 ne
681 2054 157 58 vitio
785 2054 122 58 nio
855 2054 87 58 &
890 2054 245 58 immunditia
1083 2054 280 58 corrumpatur:
1310 2054 122 58 vel
1380 2054 227 58 minuatur:
1555 2054 122 58 vel
1625 2054 210 58 fugetur.
1782 2054 122 58 Nam
1835 2054 87 58 dum

141 2106 131 67 agit
222 2106 131 67 homo
304 2106 131 67 quae
386 2106 131 67 odit
468 2106 196 67 spiritus
615 2106 196 67 sanctus:
763 2106 180 67 recedit
894 2106 98 67 ab
943 2106 98 67 eo
992 2106 164 67 gratia
1107 2106 131 67 eius
1189 2106 180 67 penitus
1320 2106 115 67 vel
1385 2106 246 67 diminuitur.
1582 2106 98 67 AD
1631 2106 147 67 aliud
1729 2106 131 67 quod
1811 2106 131 67 indu

145 2162 144 62 citur
241 2162 96 62 in
289 2162 192 62 soluendo
433 2162 128 62 quod
513 2162 96 62 si
561 2162 144 62 magna
657 2162 208 62 cupiditas
817 2162 224 62 corrumpit,
993 2162 144 62 parua
1088 2162 208 62 diminuit:
1248 2162 128 62 quia
1328 2162 128 62 sunt
1408 2162 176 62 eiusdem
1536 2162 192 62 generis:
1680 2162 192 62 Dicendum
1824 2162 128 62 quod

135 2208 112 71 non
199 2208 112 71 est
263 2208 144 71 verum
358 2208 96 71 in
406 2208 159 71 genere
518 2208 144 71 moris
613 2208 112 71 vbi
677 2208 191 71 actiones
821 2208 271 71 distinguuntur
1044 2208 80 71 a
1076 2208 144 71 fine.
1172 2208 207 71 Cupiditas
1331 2208 128 71 enim
1411 2208 191 71 venialis
1554 2208 112 71 non
1618 2208 191 71 diuertit
1762 2208 80 71 a
1793 2208 128 71 fine
1857 2208 64 71 si

147 2262 108 75 cut
208 2262 139 75 facit
301 2262 185 75 moralis.
440 2262 93 75 Et
486 2262 124 75 ideo
564 2262 170 75 peccans
687 2262 216 75 venialiter
857 2262 108 75 non
919 2262 139 75 facit
1012 2262 170 75 quantum
1135 2262 108 75 est
1197 2262 93 75 de
1243 2262 93 75 se
1290 2262 170 75 aliquid
1413 2262 108 75 per
1475 2262 124 75 quod
1552 2262 108 75 non
1614 2262 108 75 sit
1676 2262 170 75 luminis
1784 2262 139 75 gratiae

144 2321 233 53 susceptiuus
331 2321 93 53 vt
377 2321 140 53 prius
471 2321 171 53 habitum
595 2321 124 53 est:
673 2321 140 53 sicut
766 2321 140 53 facit
859 2321 171 53 peccans
983 2321 233 53 mortaliter.
1170 2321 93 53 Et
1216 2321 124 53 ideo
1294 2321 109 53 cum
1356 2321 140 53 nihil
1449 2321 140 53 agant
1542 2321 186 53 peccatam
1682 2321 155 53 contra
1775 2321 140 53 gratiam

137 2369 110 77 non
200 2369 189 77 merendo:
342 2369 79 77 &
373 2369 126 77 deus
452 2369 110 77 non
515 2369 204 77 punitnisi
672 2369 189 77 secundum
813 2369 126 77 quod
892 2369 94 77 ex
939 2369 94 77 se
986 2369 189 77 meretur:
1128 2369 110 77 nec
1191 2369 204 77 subtrahit
1348 2369 173 77 aliquid
1474 2369 94 77 ab
1521 2369 94 77 eo
1568 2369 126 77 nisi
1647 2369 126 77 quia
1710 2369 220 77 insusceptibi

138 2427 110 62 lem
201 2427 94 62 se
248 2427 157 62 facit:
358 2427 94 62 vt
406 2427 157 62 dictum
516 2427 126 62 est:
594 2427 126 62 ideo
673 2427 126 62 etsi
751 2427 173 62 mortale
877 2427 173 62 merendo
1003 2427 220 62 corrumpat,
1176 2427 110 62 non
1239 2427 142 62 tamen
1333 2427 173 62 veniale
1459 2427 204 62 diminuit.
1616 2427 110 62 PER
1679 2427 126 62 idem
1758 2427 142 62 patet
1852 2427 94 62 ad

144 2487 126 55 aliud
228 2487 98 55 quo
284 2487 153 55 dicitur
395 2487 112 55 quod
465 2487 112 55 homo
535 2487 98 55 per
590 2487 153 55 veniale
702 2487 126 55 parti
786 2487 70 55 a
813 2487 98 55 Deo
869 2487 195 55 auertitur.
1023 2487 167 55 Dicendum
1148 2487 112 55 quod
1218 2487 139 55 falsum
1315 2487 98 55 est
1371 2487 112 55 quia
1441 2487 98 55 non
1497 2487 98 55 est
1552 2487 153 55 homonis
1664 2487 181 55 conuersio
1803 2487 84 55 ad
1831 2487 84 55 Deum

137 2531 121 57 nisi
212 2531 106 57 per
273 2531 196 57 voluntati
424 2531 241 57 intentionem.
620 2531 75 57 &
650 2531 121 57 hanc
725 2531 166 57 veniale
846 2531 106 57 non
906 2531 181 57 obliquat
1042 2531 106 57 sed
1102 2531 151 57 tantum
1208 2531 181 57 remittit
1344 2531 91 57 vt
1389 2531 136 57 minus
1480 2531 136 57 amet:
1570 2531 91 57 vt
1615 2531 151 57 dictum
1721 2531 121 57 est.
1796 2531 75 57 &
1811 2531 106 57 sicut

137 2588 105 62 ibi
197 2588 135 62 dicit
287 2588 210 62 auctoritas
451 2588 210 62 Augustinus
616 2588 90 62 Ad
661 2588 150 62 aliud:
766 2588 120 62 quod
840 2588 120 62 tunc
915 2588 120 62 deus
990 2588 210 62 aequaliter
1155 2588 195 62 diligeret
1304 2588 195 62 peccantem
1454 2588 210 62 venialiter
1619 2588 75 62 &
1649 2588 105 62 non
1708 2588 210 62 peccantem:
1858 2588 60 62 Di

142 2643 142 60 cendum
241 2643 114 60 quod
312 2643 171 60 dilectio
440 2643 100 60 dei
497 2643 100 60 non
554 2643 100 60 est
611 2643 171 60 affectio
739 2643 85 60 in
782 2643 128 60 ipso:
867 2643 100 60 sed
924 2643 171 60 effectum
1052 2643 142 60 amoris
1151 2643 128 60 notat
1237 2643 85 60 in
1279 2643 142 60 iustis
1379 2643 171 60 praemium
1507 2643 227 60 praeparando.
1692 2643 114 60 Vnde
1763 2643 114 60 quia
1819 2643 100 60 essen

146 2694 136 59 tiale
237 2694 182 59 praemium
373 2694 167 59 aequale
494 2694 197 59 praeparat
646 2694 121 59 deus
721 2694 106 59 vni
782 2694 76 59 &
812 2694 151 59 alteri
918 2694 136 59 quasi
1009 2694 136 59 amore
1100 2694 212 59 essentiali
1267 2694 212 59 aequaliter
1433 2694 121 59 amat
1509 2694 197 59 vtrumque.
1661 2694 121 59 Quia
1736 2694 121 59 vero
1797 2694 121 59 peccam

145 2753 88 62 ti
189 2753 147 62 poenam
292 2753 206 62 temporalem
454 2753 147 62 seruat
557 2753 88 62 in
601 2753 206 62 purgatorio
763 2753 103 62 vel
821 2753 88 62 in
865 2753 206 62 praesenti:
1027 2753 147 62 alteri
1130 2753 118 62 non:
1204 2753 88 62 in
1248 2753 103 62 hoc
1306 2753 132 62 quasi
1395 2753 132 62 amore
1483 2753 220 62 accidentali
1659 2753 118 62 vnum
1733 2753 132 62 magis
1821 2753 118 62 quam

144 2800 187 64 alterum
280 2800 153 64 amat.
382 2800 102 64 Ad
433 2800 187 64 vltimum
569 2800 136 64 quod
654 2800 187 64 veniale
790 2800 204 64 diminuit
943 2800 221 64 feruorem,
1112 2800 119 64 qui
1180 2800 170 64 semper
1299 2800 306 64 proportionatur
1554 2800 204 64 habitui,
1707 2800 170 64 igitur
1809 2800 102 64 dimi

141 2860 127 71 nuit
220 2860 190 71 habitum:
363 2860 190 71 Dicendum
506 2860 190 71 secundum
648 2860 206 71 praedicta
807 2860 127 71 quod
886 2860 95 71 in
933 2860 127 71 bono
1013 2860 143 71 opere
1108 2860 222 71 concurrunt
1282 2860 174 71 liberum
1409 2860 206 71 arbitrium
1567 2860 79 71 &
1599 2860 206 71 charitas:
1758 2860 111 71 ita
1821 2860 127 71 quod

145 2906 150 65 actus
245 2906 117 65 non
312 2906 234 65 necessario
496 2906 200 65 sequitur
646 2906 250 65 quantitatem
846 2906 234 65 charitatis
1030 2906 100 65 in
1080 2906 200 65 feruore:
1230 2906 117 65 sed
1297 2906 150 65 etiam
1397 2906 284 65 dispositionem
1630 2906 250 65 voluntatis.
1814 2906 100 65 Pro-

138 2964 140 64 pter
225 2964 140 64 quod
312 2964 140 64 quia
400 2964 122 64 per
470 2964 210 64 venialia
627 2964 210 64 voluntas
784 2964 122 64 sit
854 2964 280 64 indisposita:
1082 2964 105 64 vt
1134 2964 175 64 dictum
1257 2964 140 64 est:
1344 2964 140 64 ideo
1431 2964 122 64 non
1501 2964 245 64 necessario
1694 2964 210 64 sequitur
1834 2964 87 64 fer

141 3014 131 58 uor
216 3014 206 58 habitus
366 3014 300 58 quantitatem.
610 3014 131 58 Non
685 3014 150 58 enim
779 3014 225 58 sequitur
948 3014 169 58 actus
1060 3014 319 58 dispositionem
1323 3014 206 58 habitus
1473 3014 150 58 nisi
1567 3014 131 58 pro
1642 3014 188 58 quanto
1773 3014 113 58 ab
1810 3014 113 58 ipso

137 3066 242 59 dependet.
323 3066 93 59 &
360 3066 149 59 ideo
453 3066 112 59 si
509 3066 112 59 ex
565 3066 149 59 solo
658 3066 186 59 habitu
788 3066 279 59 dependeret,
1011 3066 279 59 quantitatem
1234 3066 149 59 eius
1327 3066 112 59 in
1383 3066 204 59 feruore
1532 3066 335 59 consequeretur:
1792 3066 130 59 quem-

134 3120 208 69 admodum
285 3120 189 69 feruor
417 3120 113 69 in
474 3120 302 69 calefaciendo
720 3120 283 69 quantitatem
946 3120 227 69 caloris,
1116 3120 113 69 vt
1173 3120 227 69 procedit
1324 3120 208 69 obiectio.
