2423 3731
439 310 150 98 uens
533 310 337 98 intelligentiam
813 310 112 98 vt
869 310 150 98 ipsa
963 310 150 98 post
1056 310 243 98 completam
1243 310 280 98 formationem
1468 310 168 98 huius
1580 310 168 98 verbi
1692 310 224 98 incipiat
1860 310 168 98 quasi
1973 310 187 98 fodere
2085 310 168 98 acumine

432 394 226 60 naturali
602 394 94 60 &
639 394 245 60 discutere
828 394 113 60 in
884 394 245 60 vnoquoque
1072 394 151 60 quid
1167 394 151 60 sit,
1261 394 94 60 &
1298 394 132 60 cui
1374 394 94 60 &
1411 394 207 60 propter
1562 394 151 60 quid
1656 394 188 60 insit,
1788 394 264 60 componendo
1995 394 94 60 &
2033 394 245 60 diuidendo

444 448 91 66 &
480 448 309 66 ratiocinando,
734 448 91 66 &
771 448 127 66 per
843 448 127 66 hoc
916 448 182 66 format
1043 448 109 66 in
1098 448 109 66 se
1152 448 182 66 verbum
1279 448 272 66 incomplexum
1497 448 109 66 de
1552 448 109 66 eo
1606 448 145 66 quod
1697 448 145 66 quid
1788 448 127 66 est
1861 448 218 66 secundum
2024 448 109 66 se
2079 448 127 66 vel
2133 448 109 66 con-

447 505 185 60 plexum,
582 505 236 60 applicando
767 505 135 60 quod
851 505 135 60 quid
935 505 118 60 est
1003 505 101 60 ei
1053 505 151 60 cuius
1154 505 135 60 est,
1238 505 118 60 vel
1306 505 135 60 quod
1390 505 151 60 inest
1491 505 101 60 ei
1541 505 118 60 cui
1608 505 168 60 inest:
1726 505 236 60 terminando
1911 505 252 60 quaestionem
2097 505 151 60 propter

448 562 142 62 quid
537 562 124 62 est
608 562 213 62 respectu
768 562 178 62 ipsius
893 562 160 62 verbi
999 562 213 62 concepti
1159 562 107 62 in
1213 562 267 62 intellectum
1426 562 249 62 conferente
1622 562 89 62 &
1657 562 231 62 diuidente
1835 562 89 62 &
1871 562 267 62 componente,
2084 562 107 62 vt
2120 562 124 62 noti-

445 605 117 64 tia
512 605 101 64 in
563 605 184 64 actuali
697 605 285 64 intelligentia
931 605 134 64 ipsa
1015 605 184 64 memoria
1149 605 168 64 actiue
1267 605 101 64 se
1317 605 168 64 habet:
1434 605 101 64 vt
1485 605 117 64 sic
1552 605 117 64 sit
1619 605 184 64 notitia
1753 605 101 64 in
1803 605 285 64 intelligentia
2038 605 201 64 generata
2172 605 67 64 de

447 662 192 58 notitia
586 662 105 58 in
639 662 209 58 memoria.
796 662 87 58 &
830 662 209 58 respectu
988 662 157 58 huius
1092 662 157 58 verbi
1197 662 279 58 intellectus,
1424 662 105 58 vt
1476 662 122 58 est
1546 662 262 58 discurrens,
1755 662 192 58 actiuus
1895 662 140 58 est:
1982 662 157 58 licet
2069 662 175 58 passiuus

448 715 124 67 sit
519 715 106 67 vt
572 715 248 67 concipiens
767 715 124 67 est
838 715 177 67 ipsum.
962 715 106 67 Et
1015 715 177 67 potest
1139 715 159 67 illud
1245 715 177 67 verbum
1369 715 230 67 distingui
1546 715 266 67 tripliciter
1758 715 159 67 sicut
1865 715 177 67 verbum
1988 715 266 67 praecedens,
2183 715 71 67 vt

448 768 161 65 patet
556 768 233 65 intuenti.
735 768 126 65 SED
807 768 179 65 nondum
932 768 108 65 in
986 768 126 65 hoc
1058 768 233 65 consistit
1237 768 215 65 perfecta
1398 768 161 65 ratio
1506 768 179 65 verbi:
1631 768 143 65 immo
1721 768 126 65 per
1793 768 126 65 hoc
1864 768 143 65 quod
1954 768 269 65 intellectus
2151 768 90 65 fre

453 823 167 56 quenter
574 823 137 56 actum
665 823 106 56 suo
726 823 243 56 intelligendi
923 823 182 56 concipit
1060 823 121 56 tale
1136 823 167 56 verbum,
1257 823 197 56 generatur
1409 823 91 56 in
1454 823 121 56 ipso
1530 823 167 56 habitus
1651 823 243 56 scientialis:
1849 823 106 56 per
1909 823 121 56 quem
1985 823 212 56 inclinatur
2152 823 91 56 vt
2182 823 61 56 de

445 876 161 68 facili
557 876 80 68 &
590 876 193 68 expedite
734 876 209 68 huiusmodi
895 876 161 68 verbum
1007 876 209 68 complexum
1168 876 113 68 iam
1232 876 161 68 dictum
1345 876 225 68 concipiat,
1522 876 209 68 quiquidem
1682 876 96 68 in
1731 876 225 68 intellectu
1907 876 209 68 consistit
2068 876 96 68 vt
2116 876 96 68 in
2149 876 96 68 memo

449 940 126 62 ria.
528 940 110 62 lta
591 940 126 62 quod
670 940 173 62 memoria
796 940 284 62 intellectualis
1033 940 142 62 nihil
1127 940 142 62 aliud
1222 940 110 62 sit
1285 940 173 62 proprie
1411 940 142 62 dicta
1506 940 126 62 quam
1585 940 237 62 intellectus
1774 940 221 62 possibilis
1947 940 95 62 vt
1995 940 110 62 est
2042 940 205 62 contentiuus

445 985 178 61 habitus
575 985 259 61 scientialis:
785 985 114 61 qui
850 985 178 61 virtute
980 985 114 61 est
1045 985 146 61 omnia
1142 985 211 61 scibilia:
1304 985 178 61 dicente
1434 985 227 61 Augustinus
1612 985 162 61 xiiii.
1726 985 97 61 de
1775 985 211 61 trinitate
1937 985 130 61 cap.
2018 985 114 61 vi.
2083 985 195 61 Multarum

445 1041 318 67 disciplinarum
707 1041 206 67 peritus
857 1041 112 67 ea
913 1041 150 67 quae
1006 1041 168 67 nouit
1118 1041 150 67 eius
1212 1041 206 67 memoria
1361 1041 299 67 continentur.
1604 1041 131 67 Nec
1679 1041 131 67 est
1754 1041 150 67 inde
1847 1041 206 67 aliquid
1997 1041 112 67 in
2034 1041 206 67 conspectu

447 1091 185 69 mentis
576 1091 148 69 eius
668 1091 148 69 nisi
761 1091 148 69 bene
853 1091 222 69 cogitat.
1019 1091 203 69 Caetera
1167 1091 111 69 in
1222 1091 185 69 arcana
1352 1091 185 69 quadam
1481 1091 203 69 notitia
1629 1091 148 69 sunt
1721 1091 240 69 recondita
1906 1091 148 69 quae
1998 1091 203 69 memoria
2146 1091 129 69 nun

453 1148 224 60 cupatur:
621 1148 149 60 vnde
715 1148 243 60 formantur
901 1148 261 60 cogitantis
1107 1148 224 60 obtutus.
1275 1148 187 60 Cumque
1405 1148 112 60 ex
1461 1148 243 60 huiusmodi
1648 1148 187 60 habitu
1778 1148 112 60 vt
1834 1148 131 60 est
1909 1148 112 60 in
1965 1148 261 60 intellectu
2152 1148 93 60 me-

459 1201 161 69 moria
567 1201 215 69 formatur
728 1201 215 69 actualis
889 1201 304 69 intelligentia
1140 1201 107 69 de
1193 1201 125 69 eis
1265 1201 107 69 de
1319 1201 179 69 quibus
1444 1201 161 69 prius
1552 1201 251 69 actualiter
1749 1201 125 69 non
1820 1201 251 69 cogitauit,
2017 1201 143 69 tunc
2089 1201 161 69 concipi

462 1250 117 71 tur
529 1250 168 71 verbum
647 1250 101 71 in
697 1250 151 71 nobis
798 1250 185 71 tanquam
932 1250 185 71 notitia
1066 1250 201 71 actualis
1217 1250 101 71 de
1268 1250 235 71 habituali:
1452 1250 117 71 sed
1519 1250 117 71 non
1587 1250 117 71 fit
1654 1250 101 71 in
1704 1250 151 71 nobis
1805 1250 134 71 nisi
1889 1250 235 71 assistente
2056 1250 185 71 simplici-

462 1305 105 70 um
514 1305 296 70 intelligentia
758 1305 192 70 formata
897 1305 105 70 ex
949 1305 244 70 vniuersali
1141 1305 227 70 existente
1315 1305 105 70 in
1368 1305 279 70 phantasmate.
1594 1305 139 70 Quod
1681 1305 227 70 contingit
1856 1305 105 70 ex
1908 1305 261 70 intellectus
2100 1305 139 70 nostri

457 1358 315 55 materialitate:
719 1358 122 55 cui
789 1358 122 55 non
859 1358 140 55 sunt
946 1358 140 55 nata
1034 1358 297 55 repraesentari
1279 1358 262 55 vniuersalia
1489 1358 192 55 obiecta
1629 1358 105 55 ex
1681 1358 175 55 habitu
1804 1358 262 55 scientiali:
2014 1358 157 55 sicut
2101 1358 140 55 angelo

454 1412 209 66 propter
606 1412 152 66 eius
701 1412 209 66 maiorem
853 1412 342 66 abstractionis:
1138 1412 171 66 sicut
1252 1412 209 66 habitum
1403 1412 133 66 est
1479 1412 190 66 supra.
1612 1412 114 66 Vt
1669 1412 228 66 secundum
1840 1412 133 66 hoc
1916 1412 209 66 memoria
2049 1412 190 66 intelle-

460 1468 204 71 ctualis,
613 1468 136 71 siue
698 1468 102 71 in
749 1468 187 71 homine,
885 1468 136 71 siue
970 1468 102 71 in
1021 1468 187 71 angelo,
1157 1468 119 71 non
1225 1468 119 71 sit
1293 1468 238 71 contentiua
1480 1468 221 71 specierum
1650 1468 272 71 impressarum:
1871 1468 153 71 sicut
1973 1468 119 71 est
2041 1468 187 71 memoria
2160 1468 85 71 sen

458 1518 185 70 sitiua:
593 1518 118 70 sed
660 1518 236 70 tantummodo
845 1518 202 70 habituum
997 1518 269 70 scientialium
1216 1518 118 70 qui
1283 1518 168 70 angelo
1401 1518 236 70 sufficiunt
1586 1518 101 70 ad
1637 1518 152 70 actum
1738 1518 269 70 intelligendi
1957 1518 152 70 omnia
2058 1518 168 70 absque
2159 1518 84 70 spe

446 1578 176 65 ciebus:
574 1578 160 65 homini
686 1578 144 65 autem
782 1578 112 65 non
846 1578 160 65 absque
958 1578 224 65 speciebus:
1134 1578 112 65 non
1198 1578 128 65 quas
1278 1578 144 65 habet
1373 1578 96 65 in
1421 1578 96 65 se
1469 1578 256 65 intellectus:
1677 1578 112 65 sed
1741 1578 96 65 in
1789 1578 96 65 vi
1837 1578 224 65 sensitiua.
2013 1578 112 65 lta
2077 1578 128 65 quod
2157 1578 112 65 in-

449 1627 215 73 tellectus
615 1627 166 73 noster
731 1627 166 73 potest
847 1627 132 73 sine
929 1627 166 73 habitu
1045 1627 265 73 intelligere:
1260 1627 116 73 sed
1327 1627 116 73 non
1393 1627 132 73 sine
1476 1627 265 73 phantasmate.
1691 1627 99 73 Et
1740 1627 116 73 sic
1807 1627 166 73 verbum
1923 1627 116 73 non
1989 1627 199 73 formatur
2138 1627 99 73 in
2171 1627 66 73 no

454 1676 133 77 stra
537 1676 282 77 intelligentia
770 1676 100 77 ex
820 1676 166 77 habitu
936 1676 233 77 scientiali
1119 1676 133 77 nisi
1202 1676 233 77 assistente
1385 1676 233 77 simplicium
1568 1676 282 77 intelligentia
1800 1676 100 77 ex
1850 1676 299 77 phantasmatibus
2083 1676 166 77 concepta

483 1731 103 64 DE
534 1731 138 64 modo
620 1731 155 64 autem
724 1731 258 64 formationis
930 1731 155 64 huius
1033 1731 155 64 verbi
1136 1731 224 64 sciendum:
1308 1731 138 64 quod
1394 1731 138 64 quae
1480 1731 172 64 latent
1601 1731 103 64 in
1652 1731 206 64 memoria,
1807 1731 155 64 quand
1910 1731 138 64 oque
1996 1731 120 64 non
2065 1731 138 64 nisi
2134 1731 103 64 post

450 1782 263 76 cogitationis
663 1782 213 76 discursum
827 1782 213 76 occurrunt
991 1782 99 76 vt
1041 1782 115 76 eis
1106 1782 197 76 formetur
1254 1782 279 76 intelligentia
1484 1782 82 76 &
1517 1782 148 76 certa
1615 1782 213 76 scientia:
1779 1782 115 76 ita
1845 1782 131 76 quod
1927 1782 115 76 cum
1993 1782 197 76 antequam
2124 1782 115 76 occur

462 1846 127 61 rant
541 1846 206 61 quandoque
700 1846 95 61 de
748 1846 111 61 eis
811 1846 95 61 an
859 1846 127 61 ipsa
938 1846 127 61 sint
1018 1846 222 61 dubitamus:
1192 1846 127 61 tunc
1272 1846 95 61 vt
1319 1846 143 61 dicit
1415 1846 222 61 Augustinus
1589 1846 79 61 x
1621 1846 95 61 v.
1669 1846 95 61 de
1716 1846 206 61 trinitate
1875 1846 127 61 cap.
1954 1846 95 61 xv
2002 1846 111 61 non
2065 1846 111 61 est
2113 1846 127 61 verbum

458 1898 100 56 de
508 1898 100 56 re
558 1898 100 56 de
608 1898 116 56 qua
674 1898 233 56 dubitamus:
857 1898 116 56 sed
924 1898 100 56 de
974 1898 133 56 ipsa
1057 1898 249 56 dubitatione
1256 1898 166 56 verbum
1373 1898 133 56 est.
1456 1898 183 56 quamuis
1589 1898 133 56 enim
1672 1898 116 56 non
1738 1898 183 56 nouimus
1871 1898 100 56 an
1921 1898 150 56 verum
2021 1898 116 56 sit
2087 1898 133 56 vnde
2171 1898 100 56 du

459 1946 191 56 bitamus,
602 1946 143 56 tamen
697 1946 191 56 dubitare
841 1946 111 56 nos
904 1946 191 56 nouimus:
1047 1946 95 56 ac
1095 1946 111 56 per
1158 1946 111 56 hoc
1222 1946 111 56 cum
1285 1946 111 56 hoc
1349 1946 175 56 dicimus
1476 1946 175 56 verbum,
1603 1946 143 56 verum
1699 1946 127 56 est:
1778 1946 175 56 quoniam
1905 1946 127 56 quod
1985 1946 175 56 nouimus
2096 1946 143 56 dicimus

453 2004 87 67 &
487 2004 191 67 mentiri
626 2004 226 67 possumus,
800 2004 156 67 quiod
904 2004 122 67 cum
974 2004 191 67 facimus
1112 2004 174 67 vtique
1234 2004 208 67 volentes
1390 2004 87 67 &
1425 2004 226 67 scientes,
1599 2004 174 67 falsum
1720 2004 174 67 verbum
1842 2004 208 67 habemus:
1998 2004 122 67 vbi
2067 2004 174 67 verbum
2172 2004 69 67 ve

458 2056 123 67 rum
529 2056 123 67 est
599 2056 193 67 mentiri
740 2056 141 67 nos.
828 2056 123 67 hoc
898 2056 141 67 enim
986 2056 193 67 scimus.
1127 2056 158 67 Multa
1232 2056 158 67 etiam
1338 2056 193 67 dicimus
1479 2056 141 67 quae
1567 2056 229 67 nescimus.
1742 2056 123 67 Nec
1813 2056 246 67 dubitantes
2006 2056 106 67 ea
2059 2056 211 67 dicimus:

456 2110 118 71 sed
523 2110 135 71 vera
608 2110 135 71 esse
692 2110 269 71 arbitrantes:
911 2110 135 71 quae
995 2110 101 71 si
1045 2110 151 71 forte
1146 2110 135 71 vera
1230 2110 151 71 sunt,
1331 2110 101 71 in
1382 2110 151 71 ipsis
1483 2110 151 71 rebus
1584 2110 101 71 de
1634 2110 168 71 quibus
1752 2110 202 71 loquimur
1903 2110 118 71 non
1971 2110 101 71 in
2021 2110 151 71 verbo
2105 2110 135 71 nostro

458 2166 132 61 vera
541 2166 149 61 sunt.
640 2166 165 61 Falsum
756 2166 116 61 est
822 2166 132 61 ergo
904 2166 132 61 isto
987 2166 132 61 modo
1070 2166 165 61 verbum
1185 2166 116 61 cum
1251 2166 215 61 fallimur.
1416 2166 116 61 Sed
1482 2166 132 61 quia
1565 2166 99 61 vt
1614 2166 149 61 dicit
1714 2166 182 61 ibidem,
1846 2166 165 61 verbum
1961 2166 149 61 verum
2060 2166 116 61 non
2126 2166 116 61 est
2176 2166 66 61 ni

463 2217 88 61 si
507 2217 117 61 quod
580 2217 88 61 de
624 2217 88 61 re
668 2217 117 61 quae
742 2217 146 61 scitur
844 2217 190 61 gignitur,
990 2217 102 61 cum
1049 2217 190 61 formabile
1195 2217 161 61 quiddam
1313 2217 146 61 mentis
1415 2217 161 61 nostrae
1532 2217 146 61 nondum
1635 2217 176 61 formatum
1766 2217 102 61 hac
1825 2217 132 61 atque
1913 2217 132 61 illac
2001 2217 176 61 volubili
2133 2217 132 61 quae-

460 2274 132 58 dam
536 2274 208 58 motione
687 2274 246 58 iactamus:
876 2274 132 58 cum
952 2274 95 58 a
990 2274 170 58 nobis
1103 2274 151 58 nunc
1198 2274 132 58 hoc
1273 2274 151 58 nunc
1368 2274 170 58 illud
1481 2274 170 58 sicut
1595 2274 227 58 inuentum
1765 2274 189 58 fuerit
1898 2274 132 58 vel
1973 2274 265 58 occurrerit
2162 2274 76 58 co

455 2325 189 67 gitatur,
597 2325 126 67 tunc
676 2325 142 67 illud
771 2325 111 67 fit
834 2325 142 67 verum
929 2325 174 67 verbum:
1055 2325 158 67 quando
1166 2325 95 67 ad
1213 2325 95 67 id
1260 2325 126 67 quod
1339 2325 158 67 scimus
1450 2325 237 67 peruenerit:
1639 2325 142 67 atque
1734 2325 126 67 inde
1813 2325 189 67 formatur
1955 2325 126 67 eius
2034 2325 205 67 omnimodam
2176 2325 63 67 si

465 2384 229 55 militudinem
648 2384 183 55 capiens:
785 2384 92 55 vt
831 2384 168 55 quomodo
953 2384 107 55 res
1014 2384 214 55 quaecunque
1182 2384 153 55 scitur
1289 2384 107 55 sic
1350 2384 76 55 &
1380 2384 214 55 cogitetur.
1548 2384 92 55 i.
1594 2384 122 55 sine
1670 2384 122 55 voce
1747 2384 122 55 sine
1823 2384 229 55 cogitatione
2006 2384 137 55 vocis
2098 2384 92 55 in
2128 2384 107 55 corde

454 2432 193 61 dicatur.
599 2432 161 61 Verbum
711 2432 145 61 autem
808 2432 145 61 istud
905 2432 177 61 nostrum
1034 2432 97 61 de
1082 2432 161 61 nostra
1195 2432 193 61 scientia
1339 2432 193 61 genitum,
1484 2432 113 61 nec
1549 2432 225 61 concipitur
1726 2432 113 61 cum
1790 2432 225 61 dubitamus:
1967 2432 113 61 nec
2032 2432 113 61 cum
2080 2432 161 61 fallimur

452 2491 114 57 nec
517 2491 114 57 cum
582 2491 212 57 mentimur:
745 2491 114 57 nec
810 2491 114 57 cum
876 2491 196 57 volubili
1022 2491 245 57 cogitatione
1218 2491 261 57 discurrimus:
1430 2491 114 57 sed
1495 2491 114 57 cum
1560 2491 196 57 completo
1707 2491 196 57 discursu
1854 2491 98 57 in
1903 2491 196 57 instanti
2049 2491 98 57 in
2098 2491 98 57 id
2147 2491 130 57 quid

462 2541 225 71 quaerimus
634 2541 190 71 tanquam
773 2541 138 71 vere
859 2541 225 71 conclusum
1032 2541 242 71 incidimus,
1222 2541 86 71 &
1256 2541 242 71 actualiter
1446 2541 259 71 cognoscimus
1654 2541 104 71 in
1705 2541 311 71 intelligentia:
1965 2541 259 71 quemadmodum
2155 2541 86 71 est

462 2590 186 59 latenter
601 2590 93 59 in
647 2590 186 59 memoria:
787 2590 77 59 &
818 2590 170 59 existit
942 2590 93 59 in
988 2590 139 59 rerum
1081 2590 170 59 natura.
1205 2590 93 59 Et
1252 2590 155 59 potest
1360 2590 232 59 tripliciter
1546 2590 217 59 distingui:
1716 2590 139 59 sicut
1809 2590 77 59 &
1840 2590 139 59 verba
1933 2590 232 59 praesentia.
2119 2590 108 59 Sed
2166 2590 77 59 mi-

467 2647 101 71 nus
524 2647 174 71 perfecte
655 2647 159 71 dicitur
770 2647 145 71 verbum
871 2647 130 71 ipsum
958 2647 174 71 obiectum
1088 2647 202 71 conceptum:
1247 2647 174 71 perfecte
1377 2647 116 71 vero
1450 2647 87 71 vt
1493 2647 101 71 est
1551 2647 231 71 informatiuum
1739 2647 145 71 actus:
1840 2647 202 71 perfectius
1999 2647 130 71 autem
2086 2647 116 71 ipse
2144 2647 101 71 actus

461 2699 228 72 informatus:
643 2699 183 72 secundum
780 2699 122 72 quod
856 2699 137 72 dicit
948 2699 213 72 Augustinus
1115 2699 122 72 cap.
1191 2699 122 72 xvi.
1267 2699 198 72 Cogitatio
1419 2699 152 72 nostra
1526 2699 213 72 perueniens
1693 2699 91 72 ad
1739 2699 91 72 id
1785 2699 122 72 quod
1861 2699 167 72 scimus:
1982 2699 137 72 atque
2074 2699 122 72 inde
2134 2699 107 72 forma

467 2756 91 58 ta
512 2756 151 58 verbum
618 2756 136 58 verum
709 2756 121 58 est.
785 2756 121 58 Quod
860 2756 91 58 vt
906 2756 136 58 dicit
997 2756 121 58 cap.
1072 2756 151 58 xiiii.
1178 2756 106 58 non
1239 2756 136 58 habet
1330 2756 136 58 sonum
1420 2756 136 58 neque
1511 2756 242 58 cogitationem
1708 2756 136 58 soni:
1799 2756 106 58 sed
1859 2756 121 58 eius
1935 2756 106 58 rei
1996 2756 121 58 quae
2071 2756 136 58 intus
2147 2756 106 58 lucet

459 2811 113 67 cui
523 2811 145 67 magis
620 2811 145 67 verbi
716 2811 145 67 nomen
813 2811 209 67 competit:
974 2811 145 67 quasi
1070 2811 129 67 quod
1150 2811 177 67 videndo
1279 2811 145 67 intus
1376 2811 193 67 dicitur:
1520 2811 80 67 &
1552 2811 129 67 ideo
1633 2811 177 67 nullius
1762 2811 193 67 linguae.
1906 2811 145 67 Atque
2003 2811 113 67 ita
2067 2811 129 67 inde
2131 2811 113 67 vtrum

464 2866 124 67 quod
541 2866 155 67 simile
649 2866 108 67 est
711 2866 124 67 illi
788 2866 139 67 verbo
881 2866 124 67 dei:
958 2866 170 67 quoniam
1082 2866 108 67 sic
1144 2866 77 67 &
1175 2866 93 67 de
1221 2866 155 67 nostra
1329 2866 185 67 scientia
1468 2866 185 67 nascitur
1607 2866 232 67 quemadmodum
1793 2866 139 67 illud
1886 2866 93 67 de
1932 2866 185 67 scientia
2071 2866 108 67 dei
2117 2866 124 67 patris

461 2918 143 55 natum
556 2918 127 55 est:
636 2918 127 55 nisi
715 2918 127 55 quod
795 2918 159 55 verbum
906 2918 111 55 dei
970 2918 127 55 fine
1049 2918 238 55 cogitatione
1240 2918 175 55 informi
1367 2918 143 55 debet
1462 2918 207 55 intelligi
1621 2918 95 55 vt
1669 2918 143 55 forma
1764 2918 175 55 simplex
1891 2918 111 55 non
1955 2918 159 55 habens
2066 2918 143 55 aliud
2146 2918 95 55 for-

453 2968 172 57 mabile
573 2968 138 57 quid
659 2968 172 57 possit
779 2968 138 57 esse
865 2968 206 57 informe:
1020 2968 138 57 quod
1106 2968 224 57 contingit
1278 2968 103 57 de
1330 2968 155 57 verbo
1433 2968 189 57 nostro:
1570 2968 103 57 vt
1622 2968 155 57 dicit
1725 2968 138 57 cap.
1811 2968 138 57 xvi.
1897 2968 103 57 ET
1949 2968 120 57 est
2017 2968 258 57 aduertendum

461 3018 115 67 quod
533 3018 158 67 quamuis
648 3018 86 67 vt
691 3018 144 67 dictum
791 3018 101 67 est
849 3018 144 67 verbum
950 3018 201 67 perfectius
1108 3018 129 67 dicat
1194 3018 201 67 Augustinus
1352 3018 173 67 formatam
1482 3018 244 67 cogitationem:
1683 3018 129 67 tamen
1769 3018 86 67 si
1813 3018 244 67 perfectissime
2014 3018 173 67 loquamur
2143 3018 86 67 de
2172 3018 72 67 ver

462 3072 103 73 bo,
521 3072 103 73 non
580 3072 162 73 dicitur
698 3072 118 73 nisi
771 3072 118 73 ipsa
845 3072 250 73 intelligentia
1051 3072 118 73 tali
1124 3072 221 73 cogitatione
1301 3072 191 73 informata
1448 3072 132 73 illud
1536 3072 132 73 cuius
1624 3072 118 73 tota
1698 3072 162 73 memoria
1815 3072 103 73 est
1874 3072 162 73 parens:
1992 3072 74 73 &
2021 3072 118 73 ambo
2095 3072 177 73 sequitur

451 3121 99 66 in
500 3121 132 66 tota
582 3121 214 66 voluntate
747 3121 132 66 amor
830 3121 198 66 vtrumque
978 3121 247 66 connectens:
1176 3121 99 66 vt
1225 3121 148 66 sicut
1324 3121 115 66 est
1390 3121 198 66 trinitas
1538 3121 231 66 personarum
1720 3121 214 66 actualium
1884 3121 198 66 parentis
2033 3121 148 66 verbi
2132 3121 82 66 &
2148 3121 99 66 amo-

446 3185 119 58 ris
514 3185 102 58 in
565 3185 187 58 vnitate
701 3185 255 58 substantiae
905 3185 204 58 diuinae:
1058 3185 119 58 sic
1126 3185 119 58 est
1194 3185 204 58 trinitas
1347 3185 238 58 personarum
1535 3185 255 58 iformatarum
1739 3185 102 58 in
1790 3185 187 58 vnitate
1926 3185 255 58 substantiae
2113 3185 136 58 animae
