2431 3730
171 343 202 93 secundum
322 343 134 93 quod
406 343 151 93 dicit
507 343 118 93 ca.
574 343 118 93 xx.
641 343 185 93 Quantum
776 343 202 93 valuimus
927 343 151 93 autem
1028 343 202 93 monuimus
1179 343 118 93 eos
1246 343 118 93 qui
1313 343 202 93 rationem
1464 343 185 93 poscunt
1599 343 101 93 vt
1649 343 118 93 per
1699 343 269 93 intellectualem

172 428 215 62 creaturam
337 428 149 62 velut
436 428 116 62 per
502 428 198 62 speculum
650 428 215 62 cernerent
815 428 165 62 trinum
931 428 132 62 deum
1013 428 99 62 in
1063 428 165 62 nostra
1178 428 198 62 memoria,
1327 428 297 62 intelligentia,
1574 428 231 62 voluntate.
1756 428 99 62 Et
1805 428 198 62 sequitur

175 477 123 71 cap.
251 477 123 71 xxi.
328 477 184 71 Memoriae
466 477 184 71 tribuens
604 477 123 71 omne
680 477 123 71 quid
757 477 169 71 scimus,
880 477 123 71 etsi
956 477 107 71 non
1018 477 92 71 in
1064 477 215 71 cogitemus.
1232 477 276 71 Intelligentiae
1462 477 123 71 vero
1539 477 169 71 proprio
1661 477 123 71 modo
1738 477 169 71 quandam
1845 477 123 71 cogita

167 530 156 71 tionis
277 530 281 71 informationem.
511 530 203 71 Cogitando
668 530 125 71 enim
746 530 125 71 quid
824 530 141 71 verum
918 530 219 71 inuenimus,
1090 530 109 71 hoc
1152 530 125 71 magl
1230 530 234 71 intelligere
1418 530 188 71 dicimus.
1559 530 94 71 Et
1605 530 109 71 hoc
1668 530 156 71 quidem
1777 530 94 71 in
1809 530 156 71 menmoria

171 581 179 73 tursus
296 581 286 73 relinquimus:
529 581 125 73 sed
600 581 143 73 illa
689 581 125 73 est
761 581 250 73 obstrusior
957 581 268 73 profunditas
1172 581 197 73 nostrae
1315 581 232 73 memoriae.
1493 581 143 73 Vnde
1583 581 161 73 etiam
1690 581 125 73 hoc
1761 581 179 73 primum
1869 581 89 73 cum

174 640 253 57 cogitaremus
377 640 219 57 inuenimus
545 640 84 57 &
579 640 202 57 gignitur
731 640 186 57 intimum
866 640 169 57 verbum
984 640 135 57 quod
1068 640 186 57 nullius
1203 640 186 57 linguae
1338 640 118 57 est
1405 640 186 57 tanquam
1540 640 202 57 scientia
1692 640 101 57 de
1743 640 135 57 scia
1827 640 84 57 &
1844 640 118 57 visio

172 689 93 68 de
219 689 187 68 visione:
359 689 78 68 &
391 689 265 68 intelligentia
609 689 125 68 quae
687 689 171 68 apparet
811 689 93 68 in
858 689 249 68 cogitatione,
1060 689 93 68 de
1107 689 265 68 intelligentia
1325 689 125 68 quae
1403 689 93 68 in
1450 689 171 68 menoria
1575 689 109 68 iam
1637 689 156 68 fuerat
1746 689 109 68 sed
1808 689 187 68 latebat.

169 737 99 80 Ex
219 737 166 80 quibus
335 737 166 80 multum
451 737 182 80 clarent
583 737 199 80 superius
732 737 149 80 dicta
832 737 99 80 de
881 737 182 80 notitia
1014 737 215 80 angelorum
1179 737 116 80 per
1245 737 182 80 habitus
1378 737 116 80 non
1444 737 116 80 per
1510 737 182 80 species
1643 737 232 80 impressas.
1825 737 99 80 De
1874 737 116 80 qui

169 790 107 66 bus
230 790 168 66 numquam
352 790 138 66 circa
444 790 107 66 vim
505 790 260 66 intellectiuam
720 790 214 66 Augustinus
888 790 138 66 facit
980 790 214 66 mentionem.
1148 790 107 66 Sed
1209 790 138 66 omnem
1301 790 184 66 notitiam
1439 790 184 66 actualis
1576 790 275 66 intelligentiae
1806 790 92 66 ex
1837 790 122 66 habiti

169 845 121 68 bus
238 845 294 68 scientialibus
480 845 225 68 contentis
653 845 104 68 in
704 845 207 68 memoria,
860 845 121 68 non
929 845 156 68 autem
1033 845 104 68 ex
1085 845 225 68 speciebus
1257 845 156 68 aliis
1361 845 138 68 sibi
1448 845 225 68 impressis
1620 845 225 68 procedere
1793 845 156 68 ponit
1897 845 104 68 in

167 897 122 74 hoc
236 897 139 74 modo
323 897 157 74 verbi
428 897 87 74 &
463 897 104 74 in
515 897 279 74 praecedenti:
741 897 244 74 appellando
933 897 174 74 verbum
1055 897 157 74 ipsum
1159 897 209 74 obiectum
1316 897 226 74 conceptum
1490 897 122 74 aut
1560 897 157 74 actum
1664 897 139 74 ipso
1751 897 244 74 informatum

168 955 230 71 inquantum
345 955 265 71 intellectus
557 955 212 71 discursu
716 955 124 71 suo
787 955 159 71 illud
893 955 194 71 venatus
1034 955 177 71 actiue
1158 955 106 71 se
1211 955 159 71 habet
1317 955 106 71 ad
1370 955 177 71 ipsum:
1494 955 230 71 inquantum
1670 955 141 71 vero
1759 955 141 71 ipso
1829 955 124 71 infor

161 1008 160 59 matur
268 1008 214 59 passiue:
428 1008 160 59 sicut
535 1008 232 59 processit
714 1008 160 59 prima
821 1008 232 59 obiectio.
999 1008 249 59 Appellando
1195 1008 160 59 autem
1302 1008 178 59 verbum
1426 1008 160 59 totam
1533 1008 214 59 actualem
1676 1008 285 59 intelligentiam

171 1066 105 64 vt
223 1066 122 64 est
293 1066 227 64 informata
467 1066 140 64 actu
555 1066 279 64 intelligendi
782 1066 227 64 informato
956 1066 122 64 per
1026 1066 227 64 obiectum,
1201 1066 105 64 et
1253 1066 210 64 parentem
1411 1066 157 64 totam
1515 1066 227 64 memoriam,
1690 1066 87 64 &
1725 1066 175 64 amorem
1830 1066 122 64 totam

173 1120 253 69 voluntatem:
375 1120 202 69 secundum
527 1120 135 69 quod
611 1120 135 69 sunt
695 1120 202 69 propriae
847 1120 168 69 partes
965 1120 219 69 imaginis:
1133 1120 118 69 hoc
1201 1120 135 69 modo
1285 1120 253 69 intellectus
1487 1120 101 69 vt
1538 1120 118 69 est
1605 1120 236 69 informatus
1791 1120 202 69 habitua-

163 1168 108 71 li
217 1168 197 71 notitia
360 1168 179 71 veluti
486 1168 179 71 parens
611 1168 215 71 generans
773 1168 197 71 actiuus
916 1168 143 71 est:
1006 1168 90 71 &
1042 1168 179 71 actiue
1167 1168 108 71 se
1221 1168 161 71 habet
1328 1168 108 71 ad
1382 1168 197 71 verbum:
1526 1168 126 71 non
1597 1168 126 71 quo
1669 1168 108 71 ad
1723 1168 269 71 substantiam

155 1221 249 72 potentiae:
351 1221 124 72 sed
422 1221 124 72 quo
493 1221 107 72 ad
546 1221 142 72 eius
634 1221 213 72 actualem
794 1221 320 72 informationis:
1061 1221 213 72 secundum
1220 1221 142 72 quod
1309 1221 231 72 processit
1487 1221 195 72 secunda
1611 1221 195 72 obiectio.

503 1261 124 83 Irca
581 1261 187 83 secundum
721 1261 187 83 arguitur
861 1261 124 83 quod
939 1261 233 83 intellectus
1125 1261 93 83 de
1172 1261 93 83 re
1218 1261 124 83 sibi
1296 1261 202 83 praesenti
1452 1261 109 83 non
1514 1261 155 83 format
1623 1261 155 83 verbum
1731 1261 140 83 aliud
1825 1261 93 83 ab
1871 1261 124 83 ipsa
1933 1261 47 83 Q

511 1331 166 66 quoniam
632 1331 196 66 propterea
783 1331 91 66 de
828 1331 106 66 deo
888 1331 106 66 cum
949 1331 106 66 est
1009 1331 181 66 praesens
1145 1331 226 66 intellectui
1326 1331 151 66 creato
1432 1331 106 66 per
1492 1331 211 66 essentiam,
1658 1331 106 66 non
1719 1331 151 66 potest
1809 1331 136 66 formari

505 1386 143 62 aliud
601 1386 159 62 verbum
712 1386 127 62 quam
792 1386 112 62 sit
856 1386 143 62 ipse.
951 1386 175 62 CONtra.
1079 1386 159 62 diuina
1190 1386 191 62 essentia
1334 1386 112 62 est
1397 1386 191 62 praesens
1541 1386 159 62 diuino
1652 1386 255 62 intellectui:
1859 1386 80 62 &
1875 1386 64 62 ta

503 1439 115 66 men
568 1439 98 66 de
617 1439 98 66 ea
667 1439 164 66 format
781 1439 180 66 verbum.
912 1439 197 66 DIcendum
1060 1439 197 66 secundum
1207 1439 115 66 iam
1273 1439 148 66 dicta
1371 1439 98 66 in
1420 1439 180 66 proxima
1552 1439 246 66 quaestione:
1748 1439 131 66 quod
1814 1439 131 66 verbum

516 1496 161 63 verum
623 1496 107 63 de
677 1496 107 63 re
730 1496 125 63 non
802 1496 125 63 est
873 1496 143 63 nisi
962 1496 143 63 vera
1052 1496 196 63 notitia
1194 1496 143 63 eius
1284 1496 143 63 apud
1373 1496 286 63 intellectum:
1605 1496 125 63 qua
1676 1496 125 63 res
1748 1496 196 63 cognita
1873 1496 71 63 si

499 1541 114 65 cut
564 1541 114 65 est
629 1541 98 65 in
678 1541 147 65 rerum
776 1541 163 65 natura
890 1541 147 65 intus
988 1541 212 65 obiectiue
1151 1541 147 65 lucet
1248 1541 98 65 in
1297 1541 130 65 ipsa
1379 1541 293 65 intelligentia.
1623 1541 163 65 Lucere
1737 1541 147 65 autem
1819 1541 130 65 potest

162 1609 120 57 res
230 1609 223 57 obiectiue
401 1609 103 57 in
453 1609 137 57 ipsa
538 1609 291 57 intelligentia
778 1609 274 57 cognoscentis
1001 1609 257 57 dupliciter:
1206 1609 120 57 aut
1274 1609 205 57 simplici
1428 1609 308 57 intelligentia:
1685 1609 120 57 aut
1737 1609 223 57 intelligen-

168 1648 104 55 tia
228 1648 208 55 collatiua.
391 1648 163 55 Secundo
510 1648 119 55 modo
584 1648 134 55 nulla
673 1648 104 55 res
733 1648 134 55 quasi
822 1648 89 55 ex
866 1648 89 55 se
911 1648 178 55 praesens
1045 1648 104 55 est
1104 1648 282 55 intelligentiae:
1342 1648 119 55 quia
1416 1648 134 55 nihil
1505 1648 104 55 est
1565 1648 89 55 in
1609 1648 134 55 rebus
1698 1648 119 55 nisi
1773 1648 104 55 sub
1817 1648 134 55 ratione

171 1703 193 72 incomplexi.
325 1703 90 72 Sex
377 1703 103 72 quid
441 1703 90 72 sub
493 1703 141 72 ratione
596 1703 141 72 aliquam
698 1703 154 72 complexi
814 1703 154 72 praesens
930 1703 90 72 est
981 1703 244 72 intelligentiae:
1187 1703 90 72 hoc
1239 1703 90 72 est
1290 1703 90 72 per
1342 1703 103 72 eius
1406 1703 206 72 operationem.
1573 1703 90 72 lta
1624 1703 103 72 quod
1689 1703 129 72 verbum
1779 1703 103 72 omne
1830 1703 116 72 intelli

167 1758 182 62 gentiae
300 1758 231 62 collatiuae
482 1758 198 62 quodammo
630 1758 149 62 aliud
730 1758 116 62 est
796 1758 83 62 a
829 1758 99 62 re
878 1758 99 62 de
928 1758 132 62 quae
1011 1758 248 62 concipitur.
1209 1758 149 62 Primo
1308 1758 132 62 modo
1391 1758 149 62 adhuc
1490 1758 298 62 distinguendum:
1738 1758 132 62 quia
1821 1758 116 62 res
1887 1758 99 62 in

164 1818 195 61 simplici
310 1818 276 61 intelligentia
537 1818 162 61 potest
651 1818 162 61 lucere
764 1818 114 61 aut
829 1818 97 61 in
878 1818 97 61 ea
927 1818 146 61 forma
1024 1818 81 61 &
1056 1818 162 61 natura
1170 1818 130 61 quam
1251 1818 146 61 gerit
1349 1818 97 61 in
1397 1818 114 61 sua
1462 1818 211 61 essentia:
1624 1818 114 61 qua
1689 1818 114 61 est
1754 1818 146 61 illud
1852 1818 130 61 quod

161 1863 129 72 est:
241 1863 80 72 &
273 1863 112 72 qua
338 1863 209 72 consistit
498 1863 96 72 in
546 1863 112 72 sua
611 1863 241 72 existentia:
803 1863 241 72 quemadmodum
996 1863 145 72 videt
1093 1863 161 72 oculus
1205 1863 177 72 colorem
1334 1863 96 72 in
1382 1863 193 72 pariete:
1526 1863 112 72 aut
1591 1863 96 72 in
1639 1863 129 72 eius
1719 1863 193 72 effigie:
1848 1863 96 72 quem

159 1917 199 71 admodum
304 1917 145 71 ouis
394 1917 253 71 imaginatur
593 1917 163 71 lupum
702 1917 109 71 in
756 1917 217 71 generali
919 1917 181 71 quadam
1045 1917 145 71 eius
1136 1917 217 71 effigie,
1299 1917 109 71 vt
1353 1917 271 71 determinata
1570 1917 127 71 non
1642 1917 109 71 ad
1697 1917 145 71 hanc
1769 1917 181 71 materiam

160 1970 140 59 sicut
254 1970 140 59 videt
347 1970 109 59 eum
409 1970 140 59 visu:
502 1970 109 59 sed
564 1970 93 59 ad
610 1970 186 59 rationem
750 1970 140 59 situs
843 1970 78 59 &
874 1970 124 59 vbi:
952 1970 78 59 a
983 1970 155 59 quibus
1092 1970 202 59 abstrahit
1247 1970 233 59 intellectus
1433 1970 186 59 effigiem
1573 1970 109 59 per
1635 1970 124 59 quam
1712 1970 140 59 omnem
1805 1970 140 59 lupum
1883 1970 62 59 co

160 2022 195 73 gnoscit
302 2022 124 73 cum
373 2022 106 73 ei
426 2022 230 73 occurrit.
603 2022 159 73 Primo
709 2022 142 73 modo
798 2022 266 73 intellectus
1010 2022 177 73 noster
1134 2022 159 73 nihil
1241 2022 106 73 in
1294 2022 159 73 mundo
1400 2022 230 73 cognoscit
1577 2022 124 73 per
1648 2022 230 73 essentiam
1807 2022 142 73 cogni-

165 2076 95 71 ti
213 2076 95 71 vt
260 2076 111 71 est
324 2076 95 71 in
372 2076 175 71 corpore
499 2076 191 71 secundum
642 2076 159 71 statum
753 2076 143 71 vitae
848 2076 238 71 praesentis:
1039 2076 127 71 quia
1119 2076 111 71 non
1182 2076 207 71 cognoscit
1341 2076 127 71 nisi
1421 2076 222 71 vniuersale
1595 2076 95 71 in
1643 2076 238 71 phantasmate
1834 2076 95 71 vt
1881 2076 95 71 ob

163 2130 182 58 iectum
290 2130 127 58 per
363 2130 109 58 se
418 2130 91 58 &
454 2130 200 58 primum:
600 2130 91 58 &
636 2130 146 58 nisi
727 2130 109 58 ex
782 2130 255 58 reflexione
982 2130 127 58 non
1055 2130 237 58 cognoscit
1237 2130 255 58 singularia
1437 2130 109 58 vt
1492 2130 109 58 in
1546 2130 273 58 phantasmate
1765 2130 109 58 ad
1820 2130 164 58 modum

166 2184 118 71 quo
233 2184 101 71 in
284 2184 185 71 secundo
418 2184 135 71 modo
503 2184 219 71 praedicto
671 2184 269 71 cognoscuntur
889 2184 202 71 absentia
1041 2184 101 71 ab
1091 2184 252 71 imaginatiua
1293 2184 151 71 ouis:
1394 2184 118 71 non
1461 2184 151 71 autem
1562 2184 101 71 ad
1613 2184 151 71 modum
1714 2184 118 71 quo
1764 2184 185 71 cognoscum

162 2233 114 67 tur
227 2233 229 67 sensibilia
407 2233 147 67 extra
505 2233 82 67 a
537 2233 147 67 sensu
635 2233 261 67 particulari.
848 2233 114 67 lta
913 2233 131 67 quod
995 2233 114 67 est
1060 2233 212 67 difficile
1223 2233 229 67 discernere
1403 2233 163 67 quando
1517 2233 229 67 singularia
1697 2233 261 67 intelligimus
1893 2233 49 67 &

157 2290 169 58 quando
275 2290 101 58 ea
326 2290 254 58 imaginamur.
529 2290 135 58 Vnde
614 2290 135 58 quae
698 2290 186 58 propria
833 2290 254 58 phantasmata
1036 2290 118 58 non
1104 2290 186 58 habent,
1239 2290 118 58 per
1307 2290 101 58 se
1357 2290 85 58 a
1391 2290 169 58 priori
1509 2290 135 58 illa
1594 2290 152 58 nullo
1695 2290 135 58 modo
1763 2290 186 58 cognoscit

159 2344 112 62 sed
223 2344 80 62 a
255 2344 225 62 posteriori
432 2344 80 62 &
464 2344 112 62 per
528 2344 193 62 effectus
673 2344 241 62 sensibiles:
865 2344 144 62 sicut
962 2344 209 62 cognoscit
1122 2344 128 62 deum
1202 2344 80 62 &
1235 2344 193 62 seipsum:
1379 2344 96 62 et
1427 2344 96 62 ea
1475 2344 128 62 quae
1556 2344 128 62 modo
1636 2344 112 62 per
1700 2344 209 62 essentiam
1845 2344 96 62 suam

160 2399 130 70 sunt
241 2399 97 70 in
290 2399 146 70 ipso.
387 2399 146 70 Quare
485 2399 114 70 cum
550 2399 146 70 illud
647 2399 130 70 quod
728 2399 97 70 de
777 2399 146 70 rebus
875 2399 195 70 concipit
1021 2399 114 70 non
1086 2399 114 70 est
1151 2399 130 70 nisi
1232 2399 195 70 effigies
1378 2399 211 70 generalis
1541 2399 114 70 vel
1606 2399 195 70 secundum
1736 2399 211 70 conditiones

164 2452 259 70 particulares
374 2452 129 70 quae
455 2452 129 70 sunt
536 2452 113 70 hic
601 2452 81 70 &
633 2452 162 70 nunci:
746 2452 113 70 vel
811 2452 97 70 vt
860 2452 227 70 abstractum
1038 2452 97 70 ab
1086 2452 129 70 eis:
1167 2452 113 70 non
1232 2452 146 70 autem
1329 2452 97 70 id
1378 2452 129 70 quod
1458 2452 113 70 est
1523 2452 194 70 secundum
1669 2452 129 70 esse
1734 2452 210 70 particulare

158 2505 91 63 in
203 2505 167 63 materia
325 2505 243 63 determinata:
523 2505 152 63 igitur
629 2505 91 63 de
675 2505 228 63 intellectum
857 2505 152 63 nostro
964 2505 152 63 planum
1070 2505 106 63 est
1131 2505 122 63 quod
1207 2505 137 63 nihil
1298 2505 122 63 sibi
1374 2505 137 63 habet
1466 2505 182 63 praesens
1602 2505 106 63 per
1663 2505 198 63 essentiam
1815 2505 91 63 vt
1846 2505 91 63 obie

156 2562 119 66 ctum
230 2562 178 66 cognitum
364 2562 178 66 secundum
498 2562 134 66 modum
587 2562 104 66 quo
646 2562 89 66 in
691 2562 89 66 se
736 2562 163 66 existit
854 2562 104 66 sub
914 2562 119 66 esse
988 2562 223 66 particulari
1166 2562 149 66 extra.
1270 2562 89 66 Et
1315 2562 104 66 sic
1374 2562 178 66 quicquid
1508 2562 193 66 cognoscit
1657 2562 89 66 de
1701 2562 89 66 re
1731 2562 208 66 particulari,

148 2614 106 68 non
209 2614 197 68 cognoscit
360 2614 121 68 nisi
436 2614 91 68 in
482 2614 167 68 effigie
603 2614 106 68 vel
664 2614 228 68 particulari
846 2614 91 68 vt
891 2614 167 68 existit
1013 2614 91 68 in
1058 2614 228 68 phantasmate
1240 2614 137 68 iuxta
1331 2614 182 68 secundum
1468 2614 137 68 modum
1559 2614 228 68 praedictum,
1741 2614 121 68 alia
1817 2614 152 68 quodam

152 2671 115 63 modo
223 2671 72 63 a
252 2671 86 63 re
295 2671 129 63 ipsa.
382 2671 86 63 Et
425 2671 101 63 sic
482 2671 86 63 de
525 2671 158 63 omnibus
640 2671 115 63 quae
712 2671 115 63 sunt
784 2671 86 63 in
827 2671 129 63 rebus
913 2671 144 63 format
1014 2671 216 63 intellectus
1187 2671 144 63 noster
1287 2671 144 63 verbum
1388 2671 129 63 aliud
1474 2671 86 63 ab
1517 2671 115 63 eis.
1589 2671 216 63 Intellectus
1762 2671 129 63 autem
1833 2671 101 63 ange-

159 2719 94 70 li
206 2719 141 70 sicut
300 2719 78 70 &
332 2719 157 70 noster
441 2719 172 70 quoniam
567 2719 219 70 intelligit
739 2719 204 70 separatus
896 2719 110 70 vel
958 2719 219 70 coniunctus
1131 2719 157 70 absque
1241 2719 219 70 adminiculo
1413 2719 251 70 phantasmatis
1617 2719 219 70 intelligit
1789 2719 110 70 res
1836 2719 94 70 sibi

156 2771 238 73 praesentes
343 2771 119 73 per
411 2771 187 73 ipsarum
547 2771 153 73 rerum
649 2771 170 73 formas
768 2771 85 73 &
802 2771 238 73 essentias.
989 2771 119 73 Sed
1057 2771 102 73 de
1107 2771 153 73 ipsis
1209 2771 153 73 rebus
1311 2771 153 73 aliis
1413 2771 85 73 a
1447 2771 119 73 deo
1515 2771 204 73 duplicem
1668 2771 153 73 habet
1753 2771 187 73 cognitio-

153 2825 129 56 nem.
233 2825 209 56 Cognoscit
394 2825 129 56 enim
475 2825 145 56 circa
571 2825 113 56 res
635 2825 145 56 primo
732 2825 177 56 aliquid
861 2825 145 56 sicut
957 2825 129 56 eius
1037 2825 193 56 obiectum
1182 2825 161 56 primum
1295 2825 80 56 &
1327 2825 113 56 per
1391 2825 96 56 se
1439 2825 209 56 cuiusmodi
1600 2825 113 56 est
1665 2825 193 56 quiditas
1793 2825 145 56 vniuer-

157 2876 147 77 salis
255 2876 197 77 cuiusque
402 2876 131 77 rei.
484 2876 180 77 Secundo
615 2876 213 77 cognoscit
779 2876 180 77 aliquid
910 2876 147 77 circa
1008 2876 115 77 res
1074 2876 147 77 sicut
1172 2876 131 77 eius
1254 2876 197 77 obiectum
1401 2876 262 77 secundarium:
1614 2876 213 77 cuiusmodi
1778 2876 115 77 est
1827 2876 115 77 forma

153 2932 101 68 rei
210 2932 217 68 singularis.
384 2932 130 68 Primo
471 2932 116 68 modo
544 2932 188 68 cognoscit
689 2932 101 68 res
747 2932 116 68 quae
819 2932 203 68 praesentes
979 2932 87 68 ei
1022 2932 101 68 non
1080 2932 116 68 sunt
1152 2932 116 68 nisi
1225 2932 87 68 in
1268 2932 101 68 suo
1326 2932 203 68 vniversal:
1486 2932 130 68 sicut
1573 2932 101 68 est
1631 2932 116 68 nunc
1703 2932 217 68 cognoscimus
1863 2932 72 68 res

150 2981 82 67 in
191 2981 95 67 suo
246 2981 191 67 vniversal:
396 2981 123 67 licet
477 2981 82 67 vt
518 2981 177 67 existente
654 2981 82 67 in
695 2981 218 67 phantasmate.
872 2981 136 67 Scundo
968 2981 109 67 modo
1036 2981 109 67 sunt
1104 2981 82 67 ei
1145 2981 191 67 praesentes
1295 2981 82 67 in
1336 2981 109 67 suis
1404 2981 150 67 formis,
1513 2981 177 67 propriis.
1649 2981 123 67 Primo
1731 2981 82 67 ei
1772 2981 109 67 modo
1840 2981 95 67 res
1881 2981 54 67 co

153 3039 174 71 gnoscit
280 3039 95 71 in
327 3039 221 71 vniuersali
501 3039 237 71 cognoscendo
690 3039 142 71 earum
785 3039 221 71 quiditates
959 3039 79 71 &
990 3039 205 71 essentias
1148 3039 95 71 ex
1196 3039 174 71 innatis
1322 3039 205 71 habitibus
1480 3039 190 71 secundum
1622 3039 126 71 quod
1701 3039 142 71 supra
1796 3039 111 71 est
1843 3039 95 71 expo

150 3095 149 71 situm
250 3095 99 71 in
300 3095 232 71 quaestione
482 3095 99 71 de
532 3095 182 71 notitia
664 3095 232 71 angelorum.
846 3095 133 71 Quas
929 3095 116 71 nos
996 3095 116 71 pro
1062 3095 149 71 statu
1161 3095 215 71 praesenti
1327 3095 116 71 non
1393 3095 265 71 cognoscimus,
1609 3095 133 71 nisi
1691 3095 116 71 per
1741 3095 199 71 abstractio

149 3145 119 57 nem
217 3145 221 57 huiusmodi
387 3145 255 57 vniuersalis
591 3145 85 57 a
625 3145 323 57 phantasmatibus:
897 3145 119 57 non
965 3145 153 57 autem
1068 3145 119 57 per
1136 3145 187 57 habitus
1272 3145 187 57 propter
1408 3145 306 57 materialitatem
1663 3145 170 57 nostri
1765 3145 170 57 intelle-

154 3199 153 88 ctus:
256 3199 222 88 inquantum
427 3199 119 88 est
495 3199 239 88 inferioris
682 3199 170 88 gradus
802 3199 188 88 naturae
938 3199 136 88 quam
1023 3199 119 88 sit
1092 3199 256 88 intellectus
1296 3199 239 88 angelicus.
1484 3199 188 88 Secundo
1620 3199 136 88 modo
1705 3199 222 88 cognoscit
1859 3199 85 88 eas
