2460 3772
505 335 92 86 in
551 335 200 86 singulari
704 335 230 86 cognoscendo
889 335 154 86 formas
996 335 154 86 entium
1104 335 230 86 singularium
1288 335 92 86 in
1334 335 169 86 ratione
1457 335 108 86 sui
1519 335 246 86 vniversalis:
1718 335 200 86 inquantum
1872 335 123 86 quid
1949 335 123 86 quid
2026 335 108 86 est
2087 335 77 86 &
2118 335 108 86 vel
2179 335 108 86 rei
2226 335 61 86 vi

507 406 116 74 det
574 406 99 74 in
623 406 132 74 eius
706 406 165 74 natura
822 406 248 74 particulari
1020 406 99 74 in
1070 406 116 74 qua
1136 406 116 74 est
1202 406 132 74 idem
1285 406 132 74 quid
1367 406 149 74 ipsa,
1466 406 198 74 secundum
1615 406 149 74 modum
1714 406 149 74 supra
1814 406 281 74 determinatum.
2045 406 99 74 Si
2095 406 132 74 ergo
2177 406 149 74 loqua

500 463 103 64 mur
559 463 89 64 de
604 463 103 64 rei
663 463 207 64 praesentia
825 463 133 64 primo
913 463 133 64 modo:
1002 463 103 64 sic
1061 463 133 64 omnia
1150 463 118 64 sunt
1223 463 221 64 intellectui
1401 463 177 64 separato
1533 463 207 64 praesentia
1696 463 89 64 in
1740 463 118 64 suis
1814 463 236 64 quiditatibus
2006 463 236 64 vniversalbus
2183 463 103 64 etiam

504 523 169 64 antequam
631 523 113 64 sint
701 523 84 64 in
743 523 197 64 existentia
898 523 141 64 rerum:
997 523 70 64 &
1025 523 127 64 sicut
1109 523 84 64 in
1152 523 127 64 illis
1236 523 113 64 sunt
1306 523 84 64 ei
1349 523 211 64 praesentia,
1518 523 99 64 sic
1574 523 84 64 in
1616 523 183 64 vniversal
1757 523 183 64 cognoscit
1898 523 84 64 ea
1940 523 84 64 in
1982 523 141 64 illis.
2081 523 84 64 Et
2123 523 113 64 quia
2193 523 127 64 ipsum

510 573 108 54 vel
571 573 262 54 essentialiter
787 573 108 54 est
848 573 92 54 in
895 573 123 54 ipso
972 573 185 54 praesens
1110 573 92 54 ei
1157 573 92 54 vt
1203 573 185 54 obiectum
1341 573 185 54 cognitum
1480 573 123 54 quod
1557 573 185 54 informat
1696 573 123 54 eius
1773 573 154 54 actum:
1881 573 77 54 &
1911 573 123 54 tale
1988 573 154 54 verbum
2081 573 200 54 intellectus

505 635 102 69 est
564 635 189 69 inquantum
709 635 204 69 huiusmodi:
869 635 116 69 ideo
942 635 116 69 dico
1015 635 116 69 quod
1087 635 102 69 nec
1145 635 87 69 de
1189 635 233 69 quiditatibus
1378 635 131 69 rerum
1465 635 233 69 vniversalbus
1655 635 102 69 nec
1713 635 87 69 de
1756 635 131 69 rebus
1844 635 87 69 vt
1887 635 87 69 in
1931 635 131 69 ipsis
2018 635 131 69 sunt,
2105 635 73 69 &
2120 635 160 69 cognoscum

495 686 110 57 tur
558 686 94 57 in
605 686 220 57 vniversal,
778 686 157 57 format
888 686 157 57 verbum
997 686 141 57 aliud
1092 686 94 57 ab
1139 686 110 57 eis
1201 686 126 57 nisi
1280 686 110 57 quo
1343 686 94 57 ad
1390 686 110 57 hoc
1452 686 126 57 quod
1531 686 141 57 actus
1625 686 251 57 intelligendi
1829 686 78 57 &
1860 686 141 57 etiam
1955 686 188 57 potentia
2080 686 204 57 intellecti-

501 738 97 79 ua
549 738 211 79 pertinent
712 738 97 79 ad
761 738 211 79 perfectam
923 738 146 79 verbi
1021 738 211 79 rationem,
1183 738 97 79 vt
1232 738 162 79 dictum
1346 738 114 79 est
1411 738 97 79 in
1459 738 244 79 praecedenti
1654 738 244 79 quaestione,
1849 738 130 79 quae
1931 738 130 79 quia
2012 738 130 79 alia
2093 738 130 79 sunt
2174 738 97 79 ab
2207 738 81 79 ip-

506 794 118 61 sis
573 794 151 61 rebus
674 794 269 61 intellectis,
893 794 101 61 de
943 794 151 61 ipsis
1044 794 168 61 format
1162 794 151 61 aliud
1263 794 168 61 verbum
1380 794 101 61 ab
1431 794 134 61 eis.
1515 794 202 61 Loquendo
1666 794 151 61 autem
1767 794 101 61 de
1817 794 134 61 isto
1901 794 134 61 modo
1969 794 319 61 praesentialitatis

500 851 158 54 nuiium
611 851 206 54 singulare
769 851 206 54 creaturae
927 851 111 54 est
990 851 190 54 praesens
1133 851 237 54 intellectui
1322 851 95 54 vt
1370 851 190 54 obiectum
1512 851 206 54 cognitum:
1670 851 127 54 quia
1749 851 158 54 nullum
1860 851 206 54 singulare
2018 851 158 54 potest
2129 851 127 54 esse
2192 851 95 54 eius

509 905 192 61 obiectum
653 905 112 61 per
717 905 96 61 se
766 905 80 61 &
798 905 144 61 primo
894 905 192 61 cognitum
1038 905 96 61 ab
1086 905 112 61 eo:
1150 905 96 61 et
1199 905 128 61 ideo
1279 905 257 61 distinguendo
1487 905 192 61 rationem
1632 905 241 61 vniversalis
1824 905 160 61 contra
1936 905 192 61 rationem
2064 905 225 61 particularis

505 962 113 54 cum
569 962 129 54 isto
650 962 129 54 modo
730 962 225 54 cognoscit,
907 962 113 54 non
971 962 209 54 cognoscit
1132 962 209 54 singulare
1293 962 129 54 nisi
1373 962 96 54 in
1422 962 113 54 suo
1486 962 225 54 vniversal.
1663 962 113 54 Non
1727 962 129 54 ergo
1808 962 145 54 ipsum
1904 962 209 54 cognoscit
2065 962 129 54 nisi
2145 962 96 54 in
2177 962 113 54 verbo

499 1019 130 68 alio
580 1019 81 68 a
612 1019 114 68 se.
677 1019 130 68 Vnde
758 1019 114 68 nec
823 1019 146 68 etiam
921 1019 146 68 suam,
1018 1019 195 68 propriam
1164 1019 211 68 essentiam
1326 1019 146 68 primo
1424 1019 81 68 &
1456 1019 114 68 per
1521 1019 97 68 se
1570 1019 97 68 vt
1619 1019 195 68 obiectum
1765 1019 162 68 primum
1878 1019 81 68 &
1911 1019 114 68 per
1976 1019 97 68 se
2024 1019 114 68 sui
2073 1019 211 68 intellectus

498 1070 208 63 cognoscit
658 1070 128 63 nisi
738 1070 96 63 in
786 1070 240 63 vniuersali.
979 1070 96 63 Et
1027 1070 112 63 ita
1091 1070 112 63 non
1155 1070 128 63 nisi
1235 1070 160 63 verbum
1347 1070 144 63 aliud
1443 1070 80 63 a
1475 1070 112 63 se,
1539 1070 144 63 sicut
1635 1070 208 63 cognoscit
1795 1070 128 63 alia
1876 1070 80 63 a
1908 1070 112 63 se.
1972 1070 96 63 vt
2020 1070 96 63 in
2068 1070 112 63 hoc
2132 1070 144 63 nulla
2212 1070 80 63 sit

499 1132 258 56 differentia
705 1132 103 56 in
757 1132 258 56 cognoscendo
964 1132 103 56 se
1015 1132 86 56 &
1050 1132 258 56 cognoscendo
1256 1132 138 56 alia
1342 1132 86 56 a
1377 1132 120 56 se.
1446 1132 103 56 Si
1497 1132 138 56 vero
1583 1132 207 56 loquamur
1738 1132 103 56 de
1790 1132 120 56 rei
1859 1132 241 56 praesentia
2048 1132 189 56 secundo
2186 1132 138 56 modo

498 1182 116 64 sic
565 1182 149 64 omnia
664 1182 132 64 sunt
747 1182 248 64 intellectui
945 1182 199 64 separato
1094 1182 232 64 praesentia
1276 1182 99 64 in
1326 1182 149 64 eorum
1425 1182 215 64 singulari
1591 1182 99 64 &,
1640 1182 182 64 propria
1773 1182 215 64 essentia:
1938 1182 116 64 sed
2005 1182 116 64 per
2071 1182 199 64 rationem
2203 1182 83 64 sui

507 1235 228 78 vniuersalis
690 1235 107 78 per
750 1235 91 78 se
796 1235 168 78 obiecti
918 1235 107 78 sui
979 1235 122 78 quod
1055 1235 91 78 in
1101 1235 137 78 illis
1192 1235 152 78 videt:
1299 1235 76 78 &
1329 1235 91 78 in
1375 1235 152 78 illius
1482 1235 168 78 ratione
1604 1235 122 78 illa
1680 1235 213 78 cognoscit,
1847 1235 91 78 vt
1893 1235 244 78 determinatum
2091 1235 107 78 est
2152 1235 91 78 in
2198 1235 122 78 quae

501 1292 162 60 stione
614 1292 97 60 de
663 1292 211 60 locutione
825 1292 227 60 angelorum.
1004 1292 97 60 Et
1053 1292 130 60 sic,
1134 1292 195 60 proprias
1280 1292 146 60 rerum
1377 1292 211 60 essentias
1539 1292 97 60 et
1588 1292 179 60 naturas
1718 1292 211 60 cognoscit
1880 1292 97 60 vt
1929 1292 130 60 sibi
2010 1292 195 60 obiectas
2156 1292 114 60 per
2205 1292 81 60 hoc

500 1351 117 62 quod
574 1351 146 62 habent
676 1351 88 62 in
720 1351 88 62 se
764 1351 176 62 rationem
896 1351 146 62 ipsius
998 1351 234 62 vniversalis.
1188 1351 88 62 Et
1232 1351 132 62 sicut
1320 1351 117 62 sunt
1393 1351 88 62 ei
1437 1351 176 62 obiecta,
1569 1351 102 62 sic
1627 1351 117 62 sunt
1701 1351 88 62 ei
1744 1351 205 62 praesentia
1905 1351 88 62 vt
1949 1351 234 62 cognoscenti.
2140 1351 102 62 lta
2198 1351 117 62 quod

501 1404 228 70 inquantum
677 1404 228 70 huiusmoni
852 1404 123 70 non
922 1404 175 70 format
1045 1404 105 70 de
1098 1404 123 70 eis
1168 1404 175 70 verbum
1291 1404 158 70 aliud
1396 1404 105 70 ab
1448 1404 123 70 eis
1518 1404 140 70 nisi
1606 1404 193 70 ratione
1746 1404 158 70 actus
1852 1404 281 70 intelligendi
2080 1404 88 70 &
2097 1404 193 70 potentiae

496 1464 277 66 intellectiuae:
726 1464 200 66 inquantum
880 1464 138 66 cadit
972 1464 92 66 in
1019 1464 169 66 ratione
1142 1464 154 66 verbi,
1249 1464 92 66 vt
1296 1464 154 66 dictum
1403 1464 123 66 est.
1480 1464 108 66 Sic
1542 1464 123 66 enim
1619 1464 231 66 intellectus
1803 1464 200 66 angelicus
1957 1464 108 66 per
2018 1464 200 66 essentiam
2172 1464 108 66 rei
2218 1464 62 66 si

502 1512 94 80 bi
549 1512 220 80 praesentem
722 1512 251 80 determinatur
927 1512 94 80 ad
974 1512 141 80 ipsam
1068 1512 283 80 intelligendam.
1304 1512 94 80 Et
1351 1512 110 80 sic
1414 1512 189 80 secundum
1555 1512 126 80 quod
1634 1512 110 80 res
1697 1512 126 80 sunt
1775 1512 94 80 in
1822 1512 126 80 esse
1901 1512 204 80 singulari
2058 1512 204 80 cognitae,
2215 1512 94 80 in

493 1573 222 62 tellectus
663 1573 102 62 de
715 1573 153 62 ipsis
817 1573 119 62 non
885 1573 170 62 format
1004 1573 188 62 aliquod
1141 1573 170 62 verbum
1260 1573 102 62 re
1311 1573 222 62 differens
1482 1573 102 62 ab
1533 1573 170 62 ipsis.
1652 1573 102 62 vt
1703 1573 102 62 in
1755 1573 119 62 hoc
1823 1573 153 62 nulla
1925 1573 119 62 sit
1993 1573 256 62 differentia
2181 1573 102 62 prae

491 1626 274 66 sentialitatis
717 1626 97 66 in
765 1626 193 66 formando
910 1626 161 66 verbum
1023 1626 97 66 in
1071 1626 113 66 quo
1136 1626 226 66 intelligit
1313 1626 129 66 siue
1394 1626 193 66 seipsum,
1539 1626 129 66 siue
1619 1626 129 66 illa
1700 1626 129 66 quae
1780 1626 113 66 per
1845 1626 242 66 existentiam
2038 1626 210 66 essentiae
2183 1626 97 66 suae

489 1683 150 61 sunt
583 1683 169 61 extra
696 1683 188 61 ipsum.
827 1683 131 61 NEC
902 1683 131 61 est
977 1683 113 61 in
1033 1683 131 61 hoc
1108 1683 281 61 differentia
1333 1683 113 61 in
1390 1683 281 61 cognoscendo
1615 1683 150 61 alia
1709 1683 94 61 &
1746 1683 150 61 deum
1840 1683 150 61 nude
1934 1683 131 61 per
2009 1683 244 61 essentiam
2177 1683 113 61 suam

492 1736 121 68 nisi
567 1736 121 68 quod
643 1736 241 68 singularitas
839 1736 166 68 diuinae
960 1736 196 68 essentiae
1110 1736 166 68 nunquam
1231 1736 226 68 cognoscitur
1412 1736 91 68 in
1457 1736 196 68 vniversal
1608 1736 166 68 proprio
1729 1736 136 68 neque
1819 1736 91 68 in
1865 1736 256 68 singularitate
2076 1736 106 68 sua
2136 1736 106 68 sub
2181 1736 106 68 ratio

493 1786 96 74 ne
541 1786 193 74 alicuius
686 1786 257 74 vniversalis:
895 1786 129 74 quia
975 1786 113 74 non
1040 1786 145 74 habet
1136 1786 113 74 eam
1200 1786 145 74 sicut
1297 1786 161 74 habent
1410 1786 145 74 omnes
1506 1786 225 74 creaturae,
1683 1786 96 74 vt
1731 1786 145 74 alibi
1828 1786 241 74 exposuimus.
2021 1786 96 74 Et
2069 1786 113 74 sic
2133 1786 129 74 sola
2198 1786 96 74 diui

486 1843 104 62 na
538 1843 207 62 essentia
693 1843 190 62 ratione
831 1843 311 62 singularitatis
1091 1843 138 62 suae
1177 1843 259 62 intellectum
1384 1843 207 62 proprium
1540 1843 86 62 &
1574 1843 225 62 creaturae
1747 1843 173 62 potest
1868 1843 190 62 mouere.
2006 1843 207 62 Essentia
2162 1843 156 62 autem

488 1898 229 55 creaturae
665 1898 211 55 secundum
823 1898 211 55 rationem
982 1898 317 55 singularitatis
1246 1898 141 55 suae
1334 1898 106 55 vt
1387 1898 123 55 per
1458 1898 106 55 se
1511 1898 88 55 &
1546 1898 176 55 primum
1669 1898 211 55 obiectum
1828 1898 176 55 nuilum
1951 1898 264 55 intellectum
2145 1898 141 55 potest

499 1953 175 70 omnino
621 1953 192 70 mouere.
760 1953 140 70 QVOD
848 1953 140 70 ergo
935 1953 209 70 arguitur
1092 1953 157 70 primo
1197 1953 105 70 de
1249 1953 140 70 deo:
1336 1953 209 70 Dicendum
1494 1953 140 70 quod
1581 1953 122 70 non
1651 1953 122 70 est
1720 1953 175 70 simile
1843 1953 105 70 de
1895 1953 140 70 ipso
1982 1953 87 70 &
2017 1953 105 70 de
2070 1953 157 70 rebus
2157 1953 122 70 aliis

498 2009 180 73 quoniam,
633 2009 90 73 vt
678 2009 150 73 dictum
783 2009 120 73 est:
859 2009 120 73 ipse
934 2009 105 73 non
994 2009 105 73 est
1054 2009 120 73 nisi
1129 2009 240 73 singularitas
1324 2009 165 73 quaedam
1445 2009 105 73 non
1505 2009 150 73 habens
1610 2009 180 73 rationem
1745 2009 225 73 vniversalis
1925 2009 135 73 sicut
2016 2009 135 73 habet
2106 2009 135 73 omnis
2181 2009 105 73 crea-

491 2063 154 70 tura,
593 2063 188 70 propter
730 2063 137 70 quid
816 2063 120 70 aut
884 2063 120 70 non
953 2063 274 70 intelligitur
1175 2063 120 70 aut
1243 2063 120 70 sua
1312 2063 274 70 singularitas
1534 2063 120 70 est
1602 2063 120 70 per
1671 2063 103 70 se
1722 2063 85 70 &
1756 2063 154 70 primo
1859 2063 274 70 propriaratio
2081 2063 120 70 qua
2132 2063 154 70 intelli

492 2119 165 78 gatur:
607 2119 115 78 ita
673 2119 132 78 quod
755 2119 99 78 ex
804 2119 148 78 nullo
903 2119 165 78 habitu
1018 2119 230 78 scientiali
1199 2119 148 78 habet
1298 2119 214 78 cognosci.
1463 2119 181 78 propter
1595 2119 132 78 quod
1677 2119 247 78 intelligens
1874 2119 115 78 eum
1940 2119 148 78 nullo
2039 2119 132 78 alio
2121 2119 148 78 verbo
2204 2119 82 78 con

491 2176 165 73 cipit
600 2176 146 73 eum.
692 2176 146 73 Vnde
783 2176 146 73 quia
875 2176 183 73 verbum
1003 2176 256 73 complexum,
1204 2176 110 73 vt
1258 2176 183 73 dictum
1386 2176 146 73 est,
1478 2176 256 73 quodammodo
1679 2176 165 73 aliud
1788 2176 128 73 est
1862 2176 128 73 are
1935 2176 165 73 dequa
2044 2176 219 73 formatur
2191 2176 91 73 cum

492 2225 130 69 deus
573 2225 98 69 in
622 2225 114 69 sua
687 2225 130 69 nuda
768 2225 195 69 essentia
915 2225 179 69 videtur
1045 2225 114 69 aut
1110 2225 277 69 intelligitur:
1338 2225 98 69 ex
1386 2225 130 69 tali
1468 2225 179 69 visione
1598 2225 146 69 nullo
1695 2225 146 69 verbo
1793 2225 195 69 complexo
1939 2225 179 69 concipi
2070 2225 179 69 potest:
2200 2225 114 69 sed

493 2291 211 72 tantummodo
658 2291 181 72 simplici
794 2291 271 72 intelligentia:
1019 2291 105 72 qua
1080 2291 181 72 simplici
1215 2291 165 72 intuitu
1335 2291 286 72 repraesententur
1576 2291 120 72 ipsa
1651 2291 75 72 &
1681 2291 120 72 quod
1757 2291 90 72 in
1802 2291 90 72 ea
1847 2291 256 72 intelligitur:
2057 2291 135 72 licet
2148 2291 120 72 viso
2208 2291 75 72 ver

497 2338 99 74 bo
547 2338 231 74 intellectu
729 2338 215 74 naturalis
894 2338 298 74 intelligentiae
1142 2338 165 74 possit
1258 2338 182 74 formare
1390 2338 165 74 verbum
1506 2338 215 74 complexum
1671 2338 99 74 de
1721 2338 116 74 his
1787 2338 132 74 quae
1870 2338 149 74 videt
1969 2338 99 74 in
2018 2338 165 74 diuina
2118 2338 165 74 essentia

492 2392 114 74 siue
563 2392 114 74 sint
634 2392 185 74 attributa
776 2392 156 74 diuinae
890 2392 199 74 essentiae,
1046 2392 114 74 siue
1117 2392 128 74 alia.
1202 2392 156 74 Caetera
1316 2392 128 74 autem
1401 2392 128 74 omnia
1486 2392 85 74 vt
1529 2392 128 74 omnes
1614 2392 185 74 creaturae
1756 2392 99 74 non
1813 2392 114 74 nisi
1884 2392 99 74 sub
1941 2392 156 74 ratione
2055 2392 213 74 vniversalis
2225 2392 85 74 in

495 2438 240 82 telliguntur
687 2438 96 82 in
735 2438 112 82 sua
799 2438 288 82 singularitate.
1039 2438 96 82 Et
1087 2438 128 82 ideo
1167 2438 112 82 non
1231 2438 144 82 solum
1327 2438 160 82 verbum
1440 2438 208 82 complexum
1600 2438 176 82 possunt
1728 2438 160 82 habere
1840 2438 144 82 aliud
1936 2438 80 82 a
1968 2438 112 82 se,
2032 2438 112 82 sed
2080 2438 208 82 incomplexum

500 2508 208 72 quodammo,
660 2508 96 72 vt
708 2508 144 72 visum
804 2508 128 72 est.
884 2508 96 72 Ex
932 2508 112 72 quo
995 2508 160 72 patet:
1107 2508 128 72 quod
1187 2508 160 72 multum
1299 2508 128 72 alio
1379 2508 80 72 &
1411 2508 128 72 alio
1491 2508 128 72 modo
1571 2508 256 72 intelligitur
1779 2508 160 72 diuina
1890 2508 192 72 essentia
2034 2508 128 72 quam
2098 2508 176 72 creaturae

500 2558 78 58 &
532 2558 125 58 quod
609 2558 140 58 multo
703 2558 218 58 simplicior
874 2558 109 58 sit
937 2558 125 58 eius
1014 2558 218 58 conceptus:
1186 2558 109 58 ita
1248 2558 125 58 quod
1326 2558 171 58 nullius
1451 2558 109 58 rei
1513 2558 187 58 cognitio
1653 2558 202 58 completur
1809 2558 125 58 nisi
1887 2558 202 58 reducatur
2042 2558 93 58 ad
2074 2558 202 58 cognitionem

501 2609 156 72 diuinae
614 2609 185 72 essentiae
757 2609 85 72 vt
799 2609 85 72 in
842 2609 114 72 ipsa
913 2609 227 72 cognoscatur:
1098 2609 99 72 ita
1154 2609 128 72 etiam
1240 2609 114 72 quod
1311 2609 185 72 perfectio
1453 2609 256 72 intellectualis
1666 2609 185 72 creaturae
1808 2609 114 72 quae
1879 2609 185 72 consistit
2021 2609 85 72 in
2064 2609 99 72 sua
2106 2609 171 72 operatione

495 2663 269 59 intellectuali
717 2663 174 59 perfici
843 2663 111 59 non
906 2663 158 59 potest
1017 2663 142 59 omnia
1112 2663 127 59 alia
1191 2663 237 59 cognoscendo
1381 2663 95 59 in
1428 2663 190 59 propriis
1570 2663 174 59 formis:
1697 2663 111 59 sed
1760 2663 142 59 solum
1855 2663 95 59 ea
1903 2663 237 59 cognoscendo
2092 2663 95 59 in
2124 2663 158 59 simplici

499 2722 170 69 intuitu
622 2722 170 69 diuinae
746 2722 217 69 essentiae:
917 2722 124 69 cum.
994 2722 186 69 scilicet
1133 2722 139 69 omnem
1226 2722 170 69 nostram
1350 2722 201 69 scientiam
1505 2722 108 69 vno
1567 2722 139 69 simul
1660 2722 170 69 intuitu
1784 2722 217 69 videbimus:
1954 2722 139 69 sicut
2047 2722 139 69 dicit
2140 2722 124 69 Augs
2202 2722 77 69 xi.

495 2772 90 80 de
540 2772 196 80 trinitate
691 2772 181 80 capitulo
827 2772 121 80 xvi.
902 2772 90 80 vt
947 2772 121 80 ipsa
1023 2772 151 80 diuina
1128 2772 181 80 essentia
1264 2772 106 80 sit
1324 2772 151 80 seipsa
1430 2772 196 80 informans
1580 2772 136 80 actum
1671 2772 166 80 nostrum
1792 2772 256 80 intelligendi:
2003 2772 75 80 &
2033 2772 106 80 per
2093 2772 106 80 hoc
2153 2772 106 80 sit
2199 2772 75 80 ver

498 2827 106 78 bum
559 2827 198 78 conceptum
711 2827 91 78 in
756 2827 152 78 nobis,
863 2827 76 78 &
893 2827 137 78 forma
984 2827 228 78 intellectus
1167 2827 152 78 nostri
1273 2827 91 78 in
1319 2827 122 78 ipso
1395 2827 106 78 per
1455 2827 137 78 actum
1546 2827 243 78 intelligendi
1744 2827 182 78 expressa
1881 2827 137 78 licet
1972 2827 106 78 non
2033 2827 198 78 impressa.
2185 2827 122 78 Quid

497 2886 142 68 anquam
596 2886 184 68 continget
738 2886 170 68 perfecte
865 2886 85 68 ei
908 2886 156 68 similes
1021 2886 113 68 esse
1092 2886 99 68 non
1149 2886 184 68 possumus.
1290 2886 170 68 secundum
1418 2886 184 68 quoddicit
1559 2886 198 68 Augustinus
1715 2886 99 68 xv.
1772 2886 85 68 de
1814 2886 184 68 trinitate
1956 2886 142 68 catulo
2055 2886 113 68 xvi.
2126 2886 128 68 Illud
2211 2886 99 68 quo

504 2934 98 76 que
560 2934 168 76 fatendum
686 2934 98 76 est
741 2934 112 76 quod
811 2934 154 76 similes
923 2934 84 76 ei
965 2934 140 76 erimus
1063 2934 140 76 quando
1161 2934 182 76 videbimus
1300 2934 98 76 eum
1356 2934 140 76 sicuti
1454 2934 112 76 est:
1524 2934 112 76 quod
1594 2934 140 76 vtique
1691 2934 98 76 qui
1747 2934 140 76 dixit,
1845 2934 112 76 hanc
1915 2934 210 76 proculdubio
2082 2934 112 76 quae
2152 2934 112 76 nunc
2208 2934 70 76 est

499 2989 312 51 dissimilitudinem
764 2989 202 51 attendit.
920 2989 78 51 &
951 2989 156 51 subdit
1060 2989 171 51 dicens.
1185 2989 109 51 Tum
1247 2989 109 51 cum
1309 2989 109 51 hoc
1372 2989 171 51 fuerit,
1496 2989 171 51 formata
1621 2989 125 51 erit
1699 2989 202 51 creatura.
1854 2989 187 51 scilicet
1995 2989 187 51 potentia
2119 2989 156 51 intelle-

496 3040 130 64 ctus
577 3040 163 64 nostri
691 3040 81 64 &
724 3040 130 64 eius
805 3040 147 64 actus
903 3040 277 64 intelligendi,
1131 3040 130 64 quae
1212 3040 228 64 formabilis
1391 3040 147 64 fuit,
1489 3040 98 64 vt
1538 3040 147 64 nihil
1635 3040 147 64 desit
1733 3040 130 64 eius
1814 3040 163 64 formae
1928 3040 98 64 ad
1977 3040 130 64 quam
2058 3040 212 64 peruenire
2205 3040 65 64 de

490 3094 187 58 beret:
621 3094 112 58 ad
677 3094 149 58 quam
770 3094 336 58 reminiscendam,
1050 3094 243 58 videndam,
1237 3094 280 58 diligendam,
1461 3094 112 58 vt
1517 3094 131 58 eam
1591 3094 280 58 recordetur,
1815 3094 131 58 eam
1890 3094 317 58 contempletur,
2151 3094 112 58 in
2189 3094 93 58 eam

496 3143 242 59 delectetur
686 3143 173 59 debeat
807 3143 138 59 homo
893 3143 190 59 referre
1031 3143 155 59 totum
1135 3143 138 59 quod
1221 3143 173 59 viuit:
1342 3143 104 59 vt
1394 3143 121 59 sic
1463 3143 173 59 diuina
1584 3143 207 59 essentia
1739 3143 121 59 non
1809 3143 259 59 cognoscatur
2016 3143 138 59 nisi
2102 3143 207 59 seipsain

501 3201 197 79 mediate
644 3201 250 79 informante
841 3201 161 79 actum
948 3201 232 79 conceptus
1127 3201 197 79 nostri.
1270 3201 125 79 lta
1341 3201 143 79 quod
1431 3201 107 79 de
1484 3201 143 79 ipsa
1574 3201 179 79 nuilum
1699 3201 179 79 verbum
1824 3201 161 79 aliud
1931 3201 107 79 ab
1985 3201 143 79 ipsa
2056 3201 215 79 concipimus

499 3256 140 82 nisi
587 3256 123 82 quo
657 3256 105 82 ad
710 3256 123 82 hoc
780 3256 140 82 quod
868 3256 158 82 actus
974 3256 228 82 conceptus
1149 3256 176 82 nostri
1272 3256 228 82 inquantum
1448 3256 211 82 pertinet
1606 3256 105 82 ad
1658 3256 176 82 verbum
1781 3256 211 82 nostrum,
1939 3256 158 82 aliud
2045 3256 123 82 est
2115 3256 105 82 ab
2150 3256 123 82 ipsa.
