2413 3712
425 263 154 87 sicut
528 263 137 87 ergo
613 263 103 87 in
664 263 257 87 productione
870 263 154 87 verbi
972 263 120 87 dei
1041 263 154 87 actus
1143 263 188 87 dicendi
1280 263 205 87 proprius
1434 263 120 87 est
1503 263 171 87 patri:
1622 263 120 87 sic
1691 263 103 87 in
1742 263 239 87 formatione
1930 263 154 87 verbi
2033 263 171 87 nostri
2135 263 86 87 per

425 336 164 82 fecti
534 336 164 82 totus
643 336 236 82 discursus
825 336 91 82 &
861 336 164 82 actus
970 336 291 82 intelligendi
1206 336 109 82 in
1261 336 273 82 discurrendo
1479 336 164 82 debet
1588 336 218 82 attribui
1751 336 236 82 memoriae:
1933 336 109 82 vt
1988 336 200 82 solummo
2133 336 127 82 di-

427 391 144 71 catur
523 391 128 71 esse
603 391 144 71 actus
698 391 287 71 intelligentiae
938 391 239 71 intelligere
1129 391 176 71 formata
1257 391 255 71 cogitatione.
1465 391 96 71 Et
1513 391 112 71 sic
1576 391 128 71 quid
1656 391 144 71 supra
1752 391 255 71 determinatum
1960 391 128 71 est,
2039 391 128 71 quod
2103 391 112 71 intel

424 458 175 57 lectus
546 458 280 57 nosteractiue
774 458 105 57 se
826 458 158 57 habet
931 458 105 57 ad
984 458 175 57 verbum
1106 458 245 57 formandum:
1299 458 123 57 hoc
1369 458 123 57 non
1439 458 280 57 intelligatur
1666 458 105 57 de
1719 458 245 57 intellectu
1911 458 105 57 vt
1964 458 123 57 est
2016 458 210 57 intelligen

432 498 149 82 tiae:
532 498 116 82 sed
598 498 215 82 solummodo
763 498 99 82 vt
813 498 116 82 est
879 498 215 82 memoriae.
1044 498 116 82 lta
1110 498 132 82 quod
1193 498 248 82 intellectus
1391 498 297 82 intelligentiae
1639 498 99 82 vt
1688 498 281 82 intelligentia
1920 498 132 82 est,
2002 498 116 82 non
2068 498 132 82 nisi
2134 498 83 82 pas

423 560 156 60 siue
521 560 215 60 dicatur
677 560 117 60 se
736 560 195 60 habere
872 560 117 60 ad
931 560 195 60 verbum
1048 560 195 60 nostrum.

765 606 212 80 Equuntur
924 606 265 80 pertinentia
1137 606 106 80 ad
1190 606 212 80 actiones
1349 606 265 80 voluntatis.
1561 606 177 80 Quorum
1685 606 177 80 primum
1808 606 88 80 &
1844 606 177 80 vnicum
1967 606 141 80 erat
2056 606 106 80 de
2091 606 124 80 actio

772 667 100 60 ne
822 667 134 60 eius
906 667 100 60 in
956 667 201 60 conmuni:
1107 667 151 60 vtrum
1207 667 201 60 voluntas
1358 667 117 60 per
1425 667 251 60 operationem
1626 667 134 60 suam
1709 667 117 60 sit
1776 667 184 60 alicubi
1910 667 117 60 vbi
1977 667 167 60 corpus
2094 667 117 60 non
2144 667 84 60 sit

764 728 207 57 animatum
919 728 156 57 cuius
1023 728 121 57 est
1092 728 138 57 illa
1179 728 225 57 voluntas.
1352 728 190 57 Quaedam
1490 728 138 57 vero
1576 728 138 57 alia
1663 728 104 57 de
1715 728 190 57 actibus
1853 728 242 57 voluntatis
2043 728 104 57 in
2078 728 138 57 specia

766 768 121 53 li.
835 768 155 53 ClRca
938 768 172 53 primum
1058 768 207 53 arguitur
1213 768 138 53 quod
1299 768 138 53 sic.
1386 768 138 53 quia
1472 768 155 53 dicit
1575 768 138 53 Ber.
1661 768 103 53 de
1713 768 189 53 dispen.
1850 768 86 53 &
1885 768 241 53 praecepto.
2057 768 172 53 Voluntas

749 819 126 71 non
821 819 161 71 minus
928 819 126 71 est
1000 819 126 71 vbi
1072 819 215 71 amatquam
1233 819 126 71 vbi
1305 819 197 71 animat.
1449 819 126 71 sed
1520 819 144 71 amat
1610 819 126 71 vbi
1682 819 179 71 corpus
1807 819 126 71 non
1879 819 144 71 est.
1969 819 144 71 ergo
2059 819 126 71 &c.
2112 819 108 71 ltem

774 876 209 67 Augustinus
938 876 104 67 ix.
998 876 89 67 de
1042 876 194 67 trinitate
1191 876 134 67 dicit
1281 876 119 67 quod
1355 876 179 67 voluntas
1489 876 209 67 extenditur
1653 876 134 67 extra
1742 876 119 67 suum
1817 876 209 67 subiectum.
1981 876 119 67 quod
2055 876 104 67 non
2115 876 104 67 est
2159 876 60 67 ni

760 931 107 69 si
814 931 179 69 agendo
939 931 125 69 vbi
1010 931 179 69 corpus
1135 931 143 69 suum
1224 931 125 69 non
1296 931 143 69 est.
1385 931 143 69 ergo
1474 931 125 69 &c.
1546 931 196 69 CONtra,
1688 931 214 69 potentia
1849 931 125 69 non
1921 931 232 69 separatur
2099 931 89 69 a
2135 931 125 69 sub

427 990 184 62 stantia
561 990 151 62 neque
662 990 201 62 operatio
813 990 84 62 a
846 990 218 62 potentia.
1014 990 117 62 cum
1081 990 134 62 ergo
1164 990 235 62 substantia
1349 990 117 62 non
1416 990 117 62 est
1483 990 134 62 nisi
1567 990 117 62 vbi
1634 990 168 62 corpus
1751 990 134 62 est,
1835 990 134 62 ipso
1918 990 218 62 existente
2086 990 168 62 anima-

434 1038 117 63 to:
501 1038 151 63 quare
602 1038 151 63 neque
702 1038 201 63 voluntas
853 1038 117 63 per
920 1038 134 63 eius
1004 1038 268 63 operationem.
1222 1038 134 63 Quia
1305 1038 101 63 vt
1356 1038 151 63 dicit
1456 1038 235 63 Augustinus
1641 1038 168 63 oquens
1758 1038 101 63 de
1808 1038 151 63 raptu
1909 1038 168 63 Pauli.
2026 1038 134 63 xii.
2110 1038 151 63 super

437 1094 128 62 Gen.
517 1094 112 62 cap
581 1094 128 62 iii.
661 1094 144 62 neque
757 1094 192 62 spiritus
901 1094 128 62 sine
981 1094 176 62 corpore
1109 1094 96 62 ad
1157 1094 128 62 loca
1237 1094 224 62 corporalia
1412 1094 128 62 rapi
1492 1094 176 62 potest.
1620 1094 96 62 Et
1668 1094 96 62 si
1716 1094 112 62 non
1780 1094 128 62 ipse
1860 1094 208 62 spiritus,
2020 1094 144 62 multo
2100 1094 112 62 minus

439 1142 124 70 nec
510 1142 212 70 potentia
669 1142 229 70 spiritus,
845 1142 229 70 cuiusmodi
1022 1142 124 70 est
1092 1142 229 70 voluntas:
1269 1142 159 70 agere
1375 1142 159 70 autem
1481 1142 159 70 nihil
1587 1142 177 70 potest
1710 1142 177 70 seipso
1834 1142 124 70 vbi
1904 1142 124 70 non
1975 1142 141 70 est.
2063 1142 141 70 DIco
2134 1142 88 70 igi

444 1212 119 56 tur
512 1212 136 56 quod
597 1212 205 56 voluntas
751 1212 205 56 spiritus
904 1212 239 56 existentis
1092 1212 102 56 in
1143 1212 205 56 corpore,
1297 1212 119 56 per
1365 1212 256 56 operationem
1570 1212 136 56 suam
1655 1212 154 56 nullo
1757 1212 136 56 modo
1843 1212 171 56 potest
1962 1212 136 56 esse
2047 1212 119 56 vbi
2099 1212 136 56 corpus

439 1261 127 62 non
511 1261 145 62 sit.
602 1261 108 62 Et
656 1261 127 62 hoc
728 1261 181 62 maxime
855 1261 145 62 quia
945 1261 127 62 non
1018 1261 163 62 habet
1126 1261 271 62 operationem
1343 1261 145 62 nisi
1433 1261 271 62 intellectus
1650 1261 90 62 &
1687 1261 271 62 voluntatis.
1904 1261 217 62 Operatio
2066 1261 163 62 autem
2157 1261 72 62 vo

449 1307 213 62 luntatis
609 1307 213 62 dependet
769 1307 107 62 ab
823 1307 249 62 operatione
1018 1307 285 62 intellectus:
1250 1307 213 62 operatio
1410 1307 160 62 autem
1516 1307 267 62 intellectus
1730 1307 213 62 dependet
1890 1307 107 62 ab
1943 1307 178 62 organo
2050 1307 178 62 corpora-

444 1360 120 69 li.
512 1360 189 69 propter
650 1360 137 69 quid
735 1360 189 69 operari
873 1360 120 69 non
941 1360 172 69 potest
1061 1360 137 69 nisi
1147 1360 120 69 vbi
1216 1360 154 69 habet
1319 1360 189 69 organum
1456 1360 240 69 corporale.
1645 1360 120 69 hoc
1713 1360 154 69 autem
1816 1360 120 69 non
1885 1360 154 69 habet
1988 1360 137 69 nisi
2074 1360 120 69 vbi
2142 1360 120 69 ani

451 1415 138 59 mat:
537 1415 86 59 &
571 1415 121 59 non
640 1415 121 59 est
709 1415 138 59 nisi
796 1415 121 59 vbi
865 1415 190 59 animat.
1003 1415 190 59 Propter
1141 1415 121 59 hoc
1210 1415 172 59 igitur
1330 1415 121 59 non
1399 1415 207 59 operatur
1554 1415 138 59 nisi
1641 1415 121 59 vbi
1710 1415 138 59 est:
1796 1415 138 59 quia
1882 1415 138 59 suum
1968 1415 190 59 operari
2089 1415 138 59 alicu-

450 1468 100 69 bi
500 1468 268 69 praesupponit
718 1468 134 69 suum
802 1468 134 69 esse
886 1468 184 69 ibidem,
1020 1468 167 69 maxime
1137 1468 117 69 cum
1204 1468 117 69 est
1271 1468 218 69 coniuncta
1438 1468 167 69 anima.
1555 1468 134 69 Quia
1639 1468 100 69 si
1689 1468 151 69 esset
1790 1468 201 69 separata
1940 1468 100 69 vt
1991 1468 201 69 angelus,
2125 1468 100 69 tunc

442 1522 206 66 secundum
597 1522 224 66 opinionem
769 1522 206 66 dicentem
924 1522 138 66 quod
1010 1522 189 66 angelus
1147 1522 120 66 non
1216 1522 120 66 est
1285 1522 189 66 alicubi
1422 1522 138 66 nisi
1508 1522 120 66 per
1577 1522 138 66 suam
1663 1522 310 66 operationeims:
1921 1522 258 66 contingeret
2111 1522 120 66 econ-

444 1578 159 58 trario
556 1578 127 58 quod
635 1578 111 58 non
699 1578 143 58 esset
794 1578 175 58 alicubi
922 1578 127 58 nisi
1002 1578 127 58 quia
1081 1578 111 58 ibi
1145 1578 239 58 operaretur.
1336 1578 127 58 ltem
1416 1578 127 58 quod
1495 1578 96 58 si
1543 1578 159 58 posset
1655 1578 96 58 in
1702 1578 191 58 pluribus
1846 1578 143 58 locis
1941 1578 175 58 operari
2069 1578 159 58 simul,
2164 1578 64 58 po

444 1631 179 62 neretur
574 1631 97 62 in
622 1631 195 62 pluribus
769 1631 146 62 locis
866 1631 130 62 esse
947 1631 162 62 simul.
1061 1631 179 62 Quomodo
1191 1631 146 62 autem
1288 1631 97 62 in
1337 1631 162 62 extasi
1451 1631 114 62 vel
1516 1631 97 62 in
1564 1631 146 62 somno
1662 1631 179 62 apparet
1792 1631 97 62 ei
1840 1631 130 62 quod
1921 1631 114 62 sit
1986 1631 114 62 vbi
2051 1631 146 62 tamen
2133 1631 97 62 cor-

455 1686 119 66 pus
523 1686 136 66 suum
608 1686 119 66 non
675 1686 136 66 est.
760 1686 85 66 &
794 1686 136 66 quod
879 1686 220 66 voluntate
1048 1686 119 66 sua
1116 1686 186 66 aliquid
1252 1686 119 66 ibi
1320 1686 220 66 operetur:
1489 1686 119 66 cum
1557 1686 153 66 tamen
1659 1686 153 66 totum
1760 1686 136 66 quod
1845 1686 186 66 apparet
1981 1686 203 66 interius
2133 1686 102 66 in
2167 1686 68 66 vi

448 1744 148 62 sione
546 1744 280 62 intellectuali
777 1744 115 62 aut
843 1744 231 62 imaginaria
1025 1744 247 62 perficitur:
1223 1744 198 62 secundum
1371 1744 132 62 quod
1454 1744 231 62 Augustinus
1635 1744 231 62 determinat
1817 1744 99 62 in
1866 1744 297 62 consequentibus
2097 1744 132 62 capitu

455 1796 115 67 lis:
526 1796 86 67 de
569 1796 100 67 hoc
627 1796 129 67 nihil
713 1796 86 67 ad
756 1796 186 67 praesens.
899 1796 129 67 Ratio
985 1796 129 67 autem
1071 1796 143 67 illius
1171 1796 115 67 est,
1243 1796 115 67 quod
1315 1796 172 67 spiritus
1444 1796 158 67 creatus
1558 1796 186 67 limitatus
1702 1796 115 67 est,
1773 1796 86 67 vt
1816 1796 186 67 vbicumque
1960 1796 115 67 sit,
2031 1796 129 67 totus
2103 1796 129 67 ibiesn:

452 1848 112 56 ita
516 1848 128 56 quod
596 1848 144 56 nihil
693 1848 128 56 eius
773 1848 160 56 possit
885 1848 144 56 alibi
981 1848 144 56 esse.
1078 1848 80 56 &
1110 1848 128 56 ideo
1190 1848 112 56 cum
1254 1848 193 56 secundum
1399 1848 241 56 substantiam
1591 1848 128 56 suam
1671 1848 112 56 est
1736 1848 144 56 actus
1832 1848 193 56 alicuius
1976 1848 209 56 corporis,
2121 1848 112 56 extra

455 1901 154 69 ipsum
557 1901 154 69 nihil
660 1901 137 69 eius
745 1901 137 69 esse
831 1901 188 69 potest:
967 1901 154 69 quare
1070 1901 154 69 neque
1172 1901 205 69 operari:
1326 1901 137 69 quia
1411 1901 120 69 non
1480 1901 205 69 operatur
1633 1901 137 69 nisi
1719 1901 120 69 vbi
1787 1901 137 69 est.
1872 1901 102 69 AD
1924 1901 171 69 primum
2043 1901 102 69 in
2077 1901 154 69 opposi-

452 1959 108 59 tum
513 1959 92 59 de
559 1959 169 59 Bernar.
682 1959 185 59 dicendum
821 1959 123 59 quod
898 1959 108 59 cum
960 1959 123 59 esse
1036 1959 108 59 vbi
1098 1959 169 59 dicatur
1221 1959 123 59 esse
1298 1959 92 59 in
1344 1959 139 59 loco,
1437 1959 77 59 &
1467 1959 123 59 esse
1544 1959 92 59 in
1591 1959 169 59 aliquo,
1714 1959 139 59 licet
1806 1959 154 59 multis
1914 1959 139 59 modis
2006 1959 185 59 dicatur:
2129 1959 108 59 maxi-

456 2005 95 66 me
504 2005 143 66 tamen
599 2005 190 66 proprius
741 2005 143 66 modus
836 2005 174 66 essendi
963 2005 95 66 in
1010 2005 158 66 aliquo
1121 2005 111 66 est
1185 2005 143 66 sicut
1280 2005 127 66 esse
1359 2005 95 66 in
1406 2005 127 66 vase
1486 2005 79 66 &
1517 2005 158 66 omnino
1628 2005 95 66 vt
1676 2005 95 66 in
1723 2005 127 66 loco
1802 2005 143 66 esse.
1897 2005 143 66 sicut
1992 2005 190 66 dicitur.
2119 2005 111 66 iiii.

455 2065 178 72 physico.
589 2065 119 72 Nunc
663 2065 133 72 autem
752 2065 104 72 ita
811 2065 119 72 est:
885 2065 119 72 quod
959 2065 104 72 cum
1019 2065 163 72 aliquid
1137 2065 252 72 multipliciter
1345 2065 178 72 dicitur,
1479 2065 133 72 modus
1568 2065 119 72 ille
1642 2065 178 72 secundum
1775 2065 119 72 quem
1849 2065 163 72 dicitur
1968 2065 252 72 principaliter
2176 2065 89 72 ad

457 2128 142 53 alios
552 2128 268 53 significandos
772 2128 221 53 frequenter
946 2128 236 53 transfertur
1135 2128 173 53 propter
1261 2128 173 53 aliquam
1387 2128 268 53 similitudinem
1608 2128 95 53 ad
1655 2128 158 53 illum:
1765 2128 142 53 sicut
1860 2128 126 53 quia
1939 2128 173 53 currere
2065 2128 173 53 dicitur
2175 2128 63 53 de

452 2167 123 68 motu
528 2167 154 68 veloci
636 2167 184 68 animalis
774 2167 77 68 &
805 2167 92 68 de
851 2167 138 68 fluxu
943 2167 154 68 veloci
1051 2167 154 68 aquae:
1158 2167 77 68 &
1189 2167 261 68 principaliter
1404 2167 169 68 dicitur
1527 2167 154 68 cursus
1635 2167 108 68 qui
1696 2167 108 68 sit
1758 2167 169 68 pedibus
1881 2167 92 68 in
1927 2167 184 68 animali:
2065 2167 123 68 ideo
2126 2167 108 68 trans

456 2224 159 66 latiue
568 2224 127 66 aqua
647 2224 175 66 dicitur
774 2224 191 66 currere.
918 2224 127 66 Nunc
997 2224 143 66 autem
1093 2224 223 66 proprietas
1268 2224 127 66 loci
1348 2224 111 66 est
1411 2224 127 66 quod
1491 2224 191 66 terminat
1634 2224 143 66 motum
1730 2224 127 66 eius
1809 2224 127 66 quod
1889 2224 143 66 habet
1984 2224 127 66 esse
2064 2224 96 66 in
2112 2224 127 66 ipso
2175 2224 64 66 na

467 2277 234 67 turaliter:
651 2277 84 67 &
684 2277 117 67 res
751 2277 150 67 habet
852 2277 100 67 in
902 2277 134 67 ipso
985 2277 234 67 quiescere.
1169 2277 150 67 Inter
1269 2277 150 67 alios
1369 2277 150 67 autem
1470 2277 150 67 modos
1570 2277 184 67 essendi
1703 2277 251 67 enumeratos.
1904 2277 150 67 iiii.
2004 2277 200 67 physico.
2138 2277 100 67 vnus

465 2329 143 64 eorum
560 2329 111 64 est
624 2329 143 64 sicut
719 2329 95 64 in
767 2329 175 64 optimo,
893 2329 79 64 &
925 2329 159 64 omnino
1036 2329 143 64 sicut
1131 2329 95 64 in
1179 2329 143 64 fine.
1274 2329 143 64 lllud
1369 2329 143 64 autem
1465 2329 127 64 quod
1544 2329 127 64 motu
1623 2329 111 64 suo
1687 2329 175 64 mouetur
1814 2329 95 64 in
1861 2329 159 64 finem,
1972 2329 95 64 in
2020 2329 127 64 fine
2099 2329 143 64 habet
2179 2329 63 64 mo

468 2394 122 57 tum
537 2394 139 57 suum
624 2394 226 57 terminare
798 2394 87 57 &
832 2394 243 57 quiescere.
1023 2394 156 57 Motus
1128 2394 156 57 autem
1232 2394 243 57 voluntatis
1423 2394 122 57 est
1492 2394 104 57 in
1544 2394 174 57 amatum
1666 2394 104 57 vt
1718 2394 104 57 in
1770 2394 174 57 finem.
1892 2394 104 57 Et
1944 2394 139 57 ideo
2031 2394 122 57 cum
2083 2394 156 57 compla-

468 2436 116 71 cet
535 2436 99 71 ei
584 2436 99 71 in
634 2436 149 71 illo,
733 2436 99 71 in
783 2436 133 71 ipso
866 2436 166 71 sistit
982 2436 149 71 motus
1081 2436 232 71 voluntatis
1264 2436 83 71 &
1297 2436 215 71 quiescit,
1462 2436 116 71 non
1529 2436 149 71 aliud
1628 2436 149 71 extra
1727 2436 232 71 quaerendo:
1910 2436 116 71 sed
1976 2436 149 71 circa
2075 2436 149 71 illud
2158 2436 83 71 af-

456 2491 216 63 ficiendo.
623 2491 183 63 Propter
756 2491 133 63 quod
839 2491 116 63 cum
905 2491 116 63 hoc
972 2491 216 63 voluntati
1138 2491 216 63 contingit
1305 2491 150 63 circa
1404 2491 183 63 amatum,
1537 2491 183 63 dicitur
1671 2491 133 63 suum
1754 2491 116 63 vbi
1820 2491 133 63 siue
1903 2491 150 63 locus
2003 2491 133 63 esse
2086 2491 183 63 amatum:

465 2552 81 60 &
497 2552 114 60 per
562 2552 114 60 hoc
627 2552 130 60 ipse
708 2552 179 60 dicitur
838 2552 130 60 esse
920 2552 114 60 vbi
984 2552 146 60 amat.
1082 2552 114 60 Non
1147 2552 130 60 quia
1228 2552 114 60 per
1293 2552 244 60 substantiam
1488 2552 130 60 vere
1569 2552 211 60 localiter
1732 2552 114 60 sit
1797 2552 114 60 vbi
1861 2552 211 60 localiter
2024 2552 114 60 est
2089 2552 179 60 amatum:

466 2595 126 71 sed
538 2595 144 71 quia
628 2595 126 71 per
699 2595 269 71 affectionem
915 2595 251 71 requiescit
1112 2595 108 71 in
1166 2595 161 71 ipso,
1273 2595 126 71 per
1345 2595 269 71 substantiam
1560 2595 144 71 enim
1650 2595 144 71 suam
1740 2595 90 71 &
1776 2595 144 71 suae
1865 2595 215 71 actionis
2027 2595 126 71 non
2098 2595 144 71 amat
2170 2595 72 71 ni

458 2652 100 64 si
508 2652 100 64 in
558 2652 117 64 suo
625 2652 183 64 corpore
759 2652 100 64 vt
809 2652 100 64 in
859 2652 117 64 suo
925 2652 167 64 locali
1042 2652 133 64 quod
1125 2652 267 64 propriissime
1342 2652 167 64 habere
1459 2652 183 64 potest.
1593 2652 83 64 &
1626 2652 117 64 sic
1693 2652 117 64 non
1759 2652 150 64 minus
1859 2652 117 64 est
1926 2652 100 64 vt
1976 2652 100 64 in
2026 2652 133 64 fine
2110 2652 100 64 in
2160 2652 117 64 quo

470 2705 213 58 finaliter
634 2705 148 58 motus
732 2705 246 58 affectionis
929 2705 197 58 quiescit
1077 2705 115 58 vbi
1142 2705 148 58 amat:
1241 2705 131 58 quam
1323 2705 115 58 vbi
1389 2705 181 58 animat.
1520 2705 98 58 In
1569 2705 131 58 illo
1651 2705 131 58 enim
1733 2705 148 58 sicut
1832 2705 98 58 in
1881 2705 115 58 suo
1947 2705 131 58 situ
2029 2705 82 58 &
2061 2705 131 58 loco
2127 2705 115 58 quie-

466 2763 151 66 scit:
567 2763 117 66 vel
634 2763 167 66 potius
751 2763 151 66 sicut
851 2763 151 66 forma
951 2763 100 66 in
1001 2763 201 66 materia.
1152 2763 100 66 Et
1202 2763 117 66 sic
1269 2763 217 66 aequiuoce
1436 2763 151 66 sumit
1537 2763 134 66 esse
1620 2763 117 66 vbi
1687 2763 134 66 Ber.
1771 2763 84 66 &
1804 2763 234 66 argumentum
1988 2763 201 66 procedit
2139 2763 100 66 ac
2172 2763 67 66 si

469 2813 164 67 eodem
578 2813 146 67 modo
669 2813 219 67 scilicet
833 2813 237 67 localiter
1015 2813 237 67 existendo
1197 2813 200 67 alicubi
1343 2813 273 67 acciperetur
1561 2813 255 67 vtrobique.
1762 2813 109 67 Ad
1816 2813 219 67 secundum
1980 2813 219 67 dicendum
2126 2813 109 67 quod

478 2876 219 55 voluntas
642 2876 164 55 extra
751 2876 237 55 subiectum
933 2876 255 55 extenditur
1133 2876 127 55 non
1206 2876 127 55 quo
1279 2876 109 55 ad
1334 2876 237 55 potentiae
1516 2876 255 55 essentiam:
1716 2876 127 55 sed
1789 2876 127 55 quo
1862 2876 109 55 ad
1916 2876 200 55 obiecta
2044 2876 200 55 volibilia

468 2921 95 64 in
516 2921 127 64 quae
595 2921 174 64 tendit.
721 2921 237 64 quemadmodum
911 2921 142 64 dicit
1006 2921 221 64 Augustinus
1180 2921 142 64 iiii.
1275 2921 95 64 de
1322 2921 206 64 trinitate
1481 2921 127 64 cap.
1560 2921 127 64 xii.
1639 2921 190 64 Secundum
1781 2921 127 64 quod
1860 2921 142 64 mente
1955 2921 174 64 aliquid
2082 2921 190 64 aeternum

464 2975 237 66 secundum
642 2975 158 66 quod
741 2975 237 66 possumus
919 2975 237 66 capimus,
1097 2975 138 66 non
1176 2975 119 66 in
1235 2975 138 66 hoc
1314 2975 178 66 mundo
1433 2975 198 66 sumus:
1571 2975 99 66 &
1611 2975 198 66 omnium
1749 2975 237 66 iustorum
1927 2975 257 66 spiritus.
2105 2975 138 66 etiam

452 3029 176 73 adhuc
570 3029 117 73 in
628 3029 176 73 carne
746 3029 274 73 viuentium,
961 3029 254 73 inquantum
1156 3029 195 73 diuina
1293 3029 235 73 sapiunt,
1469 3029 137 73 non
1547 3029 156 73 sunt
1645 3029 117 73 in
1703 3029 137 73 hoc
1782 3029 195 73 mundo.
