2332 3627
69 301 214 77 tumcunque
233 301 181 77 solenne
364 301 82 77 &
397 301 230 77 quaecunque
578 301 230 77 huiusmodi,
759 301 131 77 sint
841 301 99 77 de
890 301 164 77 genere
1005 301 181 77 talium:
1137 301 131 77 dico
1219 301 131 77 quod
1301 301 279 77 occurrentibus
1531 301 164 77 causis
1629 301 214 77 dispensatio

63 360 123 74 nis
134 360 106 74 in
187 360 211 74 talibus,
345 360 123 74 non
416 360 159 74 solum
522 360 176 74 potest
645 360 211 74 superior
803 360 247 74 legislator
997 360 106 74 in
1050 360 123 74 eis
1121 360 264 74 dispensare:
1332 360 141 74 immo
1420 360 159 74 debet
1526 360 88 74 &
1561 360 211 74 reuocare
1720 360 159 74 quic-

67 413 143 70 quid
157 413 107 70 in
210 413 250 70 contrarium
407 413 161 70 actum
514 413 143 70 est:
603 413 89 70 &
639 413 107 70 ad
693 413 125 70 hoc
764 413 179 70 cogere
889 413 107 70 si
943 413 125 70 est
1015 413 161 70 opus.
1122 413 107 70 AD
1176 413 161 70 illud
1283 413 143 70 quod
1372 413 161 70 dicit
1479 413 250 70 decretalis
1676 413 143 70 quod
1748 413 89 70 nec

73 460 194 58 summus
208 460 233 58 pontifex
383 460 194 58 possit
519 460 252 58 licentiam
713 460 272 58 indulgere.
927 460 233 58 Dicendum
1101 460 155 58 quod
1198 460 175 58 illud
1315 460 233 58 secundum
1490 460 233 58 communem
1664 460 155 58 vsum
1742 460 97 58 lo-

80 519 174 60 quendi
202 519 209 60 censetur
358 519 261 60 impossibile
567 519 105 60 ad
620 519 139 60 quod
707 519 139 60 homo
794 519 122 60 non
864 519 157 60 debet
968 519 227 60 inclinari
1142 519 105 60 vt
1195 519 174 60 faciat
1317 519 139 60 nisi
1404 519 105 60 in
1456 519 157 60 summa
1561 519 279 60 necessitate:
1770 519 52 60 &

78 571 122 73 cum
147 571 157 73 summa
252 571 297 73 difficultate:
497 571 262 73 quemadmodum
706 571 105 73 de
759 571 210 73 assuetis
916 571 105 73 ad
968 571 140 73 mala
1056 571 192 73 dicitur
1195 571 140 73 quod
1283 571 140 73 bene
1370 571 157 73 agere
1475 571 122 73 non
1545 571 210 73 possunt,
1702 571 122 73 sic
1754 571 70 73 su

77 622 144 69 mitur
173 622 128 69 hic.
253 622 96 69 Et
302 622 128 69 ideo
382 622 144 69 dicit
478 622 225 69 glossator.
655 622 112 69 Non
719 622 193 69 potestid
863 622 128 69 iest
943 622 112 69 non
1008 622 225 69 consueuit.
1184 622 96 69 Et
1232 622 128 69 ideo
1313 622 144 69 tales
1409 622 289 69 dispensationes
1649 622 160 69 debent
1746 622 80 69 ra-

74 678 198 70 rissime
218 678 162 70 fieri
326 678 90 70 &
362 678 126 70 cum
434 678 306 70 difficultate:
687 678 126 70 nec
759 678 108 70 in
813 678 306 70 consuetudinem
1047 678 162 70 deduci.

411 745 220 107 Equuntur
576 745 220 107 quaesita
741 745 110 107 de
796 745 202 107 actibus
942 745 257 107 voluntatis
1144 745 312 107 exterioribus.
1400 745 110 107 Et
1455 745 165 107 erant
1565 745 202 107 quaedam
1694 745 128 107 perti

409 832 177 69 nentia
533 832 106 69 ad
587 832 160 69 actus
693 832 231 69 virtutis:
871 832 195 69 quaedam
1013 832 142 69 vero
1101 832 106 69 ad
1155 832 160 69 actus
1261 832 213 69 peccati.
1421 832 160 69 ClRca
1527 832 177 69 primum
1652 832 124 69 duo
1723 832 142 69 quae

409 885 209 69 runtur.
561 885 209 69 Primum:
712 885 171 69 vtrum
826 885 171 69 omnes
940 885 246 69 teneantur
1130 885 114 69 ad
1186 885 303 69 correctionem
1433 885 265 69 fraternam.
1622 885 209 69 Secundum:

412 950 160 56 vtrum
519 950 178 56 liceat
644 950 232 56 dimittere
822 950 214 56 diuitias
982 950 125 56 sub
1053 950 232 56 proposito
1231 950 249 56 mendicandi
1427 950 107 56 in
1481 950 214 56 saeculo.
1641 950 160 56 ClRca
1730 950 107 56 pri.

381 990 130 66 mum
456 990 224 66 arguitur
624 990 149 66 quod
717 990 130 66 non
791 990 149 66 quia
885 990 130 66 nec
959 990 112 66 de
1015 990 205 66 peccato
1164 990 205 66 occulto
1313 990 168 66 debet
1425 990 149 66 vnus
1518 990 242 66 corripere
1686 990 149 66 alium:

384 1043 132 67 nec
460 1043 113 67 de
516 1043 264 67 manifesto.
724 1043 94 67 &
761 1043 132 67 non
837 1043 151 67 sunt
931 1043 170 67 plura
1044 1043 283 67 corrigenda.
1270 1043 132 67 Non
1346 1043 226 67 occulto:
1515 1043 151 67 quia
1610 1043 207 67 dicitur
1742 1043 94 67 Mat

401 1091 175 73 thaei.
524 1091 175 73 xiiii.
647 1091 105 73 de
699 1091 193 73 peccato
839 1091 280 73 corripiendo.
1067 1091 175 73 Aduoca
1190 1091 140 73 vnum
1277 1091 123 73 vel
1347 1091 140 73 duos
1435 1091 193 73 testes.
1575 1091 140 73 tale
1663 1091 158 73 autem
1750 1091 88 73 pec

80 1146 170 66 ctatum
199 1146 102 66 de
250 1146 119 66 quo
318 1146 187 66 possunt
454 1146 170 66 haberi
573 1146 187 66 testes,
709 1146 204 66 occultum
862 1146 119 66 non
930 1146 136 66 est.
1015 1146 119 66 Non
1083 1146 102 66 de
1134 1146 238 66 manifesto:
1321 1146 136 66 quia
1406 1146 170 66 dicit,
1525 1146 119 66 Dic
1593 1146 238 66 ecclesiae.
1763 1146 68 66 Ma

82 1203 190 73 nifestum
224 1203 142 73 autem
319 1203 126 73 dici
398 1203 111 73 non
461 1203 190 73 oportet.
604 1203 126 73 ltem
683 1203 111 73 nec
746 1203 190 73 inferior
888 1203 142 73 debet
983 1203 205 73 corripere
1141 1203 237 73 superiorem,
1330 1203 142 73 quia.
1425 1203 111 73 ii.
1488 1203 174 73 Retinus
1615 1203 142 73 iiii.
1694 1203 142 73 dicitur

83 1253 100 69 de
133 1253 151 69 Asm,a
234 1253 134 69 quod
318 1253 151 69 morte
418 1253 184 69 punitus
552 1253 117 69 est
619 1253 134 69 quia
703 1253 184 69 tetigit
837 1253 167 69 arcam:
954 1253 134 69 quae
1037 1253 151 69 tamen
1138 1253 100 69 se
1188 1253 251 69 inclinauit.
1389 1253 117 69 Per
1456 1253 151 69 arcam
1556 1253 234 69 inclinatam
1724 1253 117 69 signi

86 1309 185 62 ficatur
221 1309 218 62 praelatus
388 1309 252 62 delinquens:
590 1309 118 62 per
657 1309 118 62 Asa
724 1309 134 62 vero
808 1309 218 62 subditus.
976 1309 118 62 Nec
1043 1309 201 62 superior
1194 1309 252 62 inferiorem:
1396 1309 134 62 quia
1479 1309 101 62 in
1530 1309 185 62 actuum.
1664 1309 101 62 v.
1698 1309 134 62 Petrus

79 1358 201 69 Ananiam
225 1358 92 69 &
262 1358 201 69 aphyram
408 1358 128 69 non
482 1358 256 69 corripuit:
683 1358 128 69 sed
756 1358 183 69 statim
885 1358 238 69 damnauit.
1068 1358 128 69 Nec
1141 1358 128 69 par
1214 1358 183 69 parem:
1342 1358 147 69 quia
1434 1358 128 69 nec
1507 1358 110 69 de
1562 1358 201 69 occulto
1709 1358 128 69 nec
1764 1358 73 69 de

79 1413 224 66 manifesto,
255 1413 96 66 vt
303 1413 160 66 dictum
415 1413 128 66 est.
495 1413 96 66 IN
543 1413 224 66 contrarium
719 1413 112 66 est
783 1413 160 66 glossa
895 1413 128 66 quae
974 1413 144 66 dicit
1070 1413 144 66 super
1166 1413 160 66 illud,
1278 1413 96 66 Si
1326 1413 224 66 peccauerit
1502 1413 96 66 in
1550 1413 112 66 te.
1614 1413 160 66 Tantum
1710 1413 128 66 peccat

84 1465 130 56 qui
159 1465 204 56 fratrem
307 1465 148 56 suum
400 1465 204 56 peccare
548 1465 167 56 videt
659 1465 93 56 &
696 1465 185 56 tacet:
826 1465 167 56 sicut
937 1465 130 56 qui
1011 1465 222 56 peccanti
1178 1465 130 56 non
1252 1465 241 56 indulget.
1438 1465 222 56 Quilibet
1605 1465 167 56 autem
1697 1465 130 56 tene-

88 1519 125 66 tur
159 1519 231 66 indulgere
337 1519 107 66 ne
391 1519 196 66 peccet.
533 1519 142 66 ergo
622 1519 125 66 &c.
694 1519 214 66 DIcendum
854 1519 107 66 ad
907 1519 142 66 hoc:
996 1519 142 66 quod
1085 1519 107 66 si
1139 1519 196 66 aliquis
1281 1519 160 66 alium
1388 1519 214 66 diligit,
1548 1519 160 66 bonum
1655 1519 142 66 eius
1726 1519 107 66 pro-

89 1567 176 64 curare
213 1567 211 64 satagit.
371 1567 141 64 quia
459 1567 211 64 secundum
617 1567 176 64 Greti.
741 1567 211 64 probaito
899 1567 264 64 dilectionis
1110 1567 229 64 exhibitio
1286 1567 123 64 est
1357 1567 194 64 operis.
1498 1567 141 64 Nunc
1586 1567 158 64 autem
1674 1567 158 64 eiusdem

87 1620 214 71 rationis
248 1620 143 71 sunt
337 1620 161 71 bonum
444 1620 196 71 dilecto
587 1620 250 71 procurare,
783 1620 89 71 &
819 1620 125 71 eum
890 1620 89 71 a
926 1620 143 71 malo
1015 1620 232 71 liberare.
1194 1620 125 71 Cum
1265 1620 143 71 ergo
1354 1620 161 71 omnes
1461 1620 107 71 ad
1515 1620 196 71 proximi
1640 1620 196 71 dilectio-

82 1675 123 58 nem
153 1675 228 58 teneantur
328 1675 158 58 iuxta
433 1675 158 58 illud
538 1675 228 58 Matthaei.
714 1675 175 58 xxiii.
836 1675 193 58 Diliges
977 1675 210 58 proximum
1135 1675 140 58 tuum
1222 1675 158 58 sicut
1327 1675 210 58 teipsum:
1485 1675 158 58 sicut
1591 1675 140 58 ergo
1678 1675 105 58 ex
1713 1675 123 58 prae-

87 1727 169 62 cepto
200 1727 113 62 de
256 1727 263 62 dilectione
463 1727 206 62 proximi
613 1727 169 62 omnes
725 1727 225 62 tenentur
894 1727 113 62 ad
951 1727 225 62 fraterni
1120 1727 150 62 boni
1214 1727 338 62 procurationem:
1495 1727 169 62 omnes
1608 1727 150 62 ergo
1683 1727 150 62 tenen-

78 1781 123 58 tur
149 1781 106 58 ad
202 1781 212 58 fraterni
360 1781 141 58 mali
449 1781 247 58 amotionem:
642 1781 123 58 hoc
713 1781 159 58 autem
819 1781 123 58 fit
889 1781 212 58 fraterna
1048 1781 282 58 correptione:
1277 1781 141 58 Dico
1365 1781 141 58 ergo
1453 1781 141 58 quod
1541 1781 159 58 omnes
1647 1781 106 58 ad
1682 1781 159 58 frater-

83 1832 126 73 nam
155 1832 289 73 correptionem
390 1832 235 73 tenentur.
570 1832 144 73 Hinc
661 1832 199 73 dicitur
805 1832 325 73 Ecclesiastici.
1076 1832 181 73 xxvii.
1202 1832 217 73 Mandauit
1365 1832 144 73 deus
1455 1832 235 73 vnicuique
1635 1832 108 73 de
1672 1832 162 73 proximo

76 1888 165 69 suo.
180 1888 186 69 Modus
304 1888 186 69 autem
428 1888 289 69 corrigendi
655 1888 248 69 dependet
841 1888 124 69 ex
903 1888 269 69 solutione
1110 1888 351 69 argumentorum.
1399 1888 124 69 AD
1461 1888 207 69 primum
1606 1888 124 69 in
1647 1888 186 69 opposi-

87 1941 120 56 tum
156 1941 138 56 quod
242 1941 120 56 nec
310 1941 103 56 de
362 1941 189 56 occulto
500 1941 155 56 debet
603 1941 155 56 fieri
706 1941 224 56 correptio
878 1941 120 56 nec
947 1941 103 56 de
999 1941 241 56 manifesto:
1188 1941 206 56 Dicendum
1343 1941 138 56 quod
1429 1941 172 56 duplex
1549 1941 120 56 est
1618 1941 189 56 peccati
1739 1941 103 56 cor-

85 1990 192 71 reptio,
224 1990 192 71 quaedam
364 1990 280 71 charitatiua,
592 1990 105 71 ad
644 1990 157 71 solam
749 1990 280 71 emendationem
976 1990 245 71 peccantis:
1169 1990 140 71 alia
1256 1990 140 71 vero
1343 1990 122 71 est
1413 1990 262 71 potestatiua
1623 1990 105 71 ad
1658 1990 175 71 terrorem

80 2047 268 60 aspicientis.
298 2047 151 60 Prima
399 2047 117 60 est
466 2047 218 60 correptio
634 2047 285 60 admonitionis:
869 2047 134 60 quae
953 2047 168 60 tantum
1070 2047 151 60 debet
1171 2047 134 60 esse
1255 2047 101 60 de
1305 2047 201 60 occultis
1456 2047 84 60 &
1490 2047 101 60 in
1540 2047 201 60 occulto.
1691 2047 101 60 ad
1741 2047 134 60 quam

87 2103 209 57 quilibet
243 2103 191 57 tenetur
382 2103 226 57 inquantum
556 2103 122 57 est
626 2103 209 57 peccanti
783 2103 226 57 proximus.
957 2103 191 57 Secunda
1096 2103 122 57 est
1165 2103 226 57 correptio
1339 2103 261 57 punitionis:
1548 2103 139 57 quae
1635 2103 174 57 tantum
1757 2103 122 57 de-

88 2152 121 57 bet
157 2152 138 57 esse
243 2152 103 57 de
295 2152 259 57 manifestis:
501 2152 121 57 aut
570 2152 121 57 per
639 2152 121 57 rei
708 2152 259 57 euidentiam:
915 2152 121 57 aut
984 2152 121 57 per
1053 2152 190 57 testes:
1191 2152 121 57 aut
1260 2152 121 57 per
1329 2152 207 57 propriam
1484 2152 293 57 confessionem.
1725 2152 86 57 &
1760 2152 121 57 de-

89 2207 124 58 bet
160 2207 160 58 fieri
267 2207 107 58 in
320 2207 196 58 aperto:
463 2207 107 58 ad
516 2207 142 58 quam
605 2207 160 58 solum
711 2207 213 58 tenentur
871 2207 231 58 praelati.
1049 2207 107 58 de
1102 2207 124 58 qua
1174 2207 160 58 dicit
1280 2207 178 58 Paulus
1405 2207 178 58 primae
1529 2207 160 58 Timo.
1636 2207 89 58 v
1653 2207 196 58 Peccantem

87 2258 165 67 coram
197 2258 201 67 omnibus
343 2258 165 67 argue
453 2258 110 67 vt
508 2258 201 67 caeteri
654 2258 201 67 timorem
801 2258 220 67 habeant.
966 2258 128 67 vbi
1039 2258 165 67 dicit
1149 2258 165 67 glos.
1259 2258 183 67 Quando
1387 2258 110 67 in
1442 2258 110 67 te
1497 2258 256 67 peccauerit
1680 2258 165 67 corripe

87 2311 120 55 eum
156 2311 155 55 inter
259 2311 103 55 te
310 2311 86 55 &
345 2311 155 55 ipsum
448 2311 155 55 solum
551 2311 103 55 i,
603 2311 103 55 i.
655 2311 172 55 quando
775 2311 103 55 tu
827 2311 138 55 scis
913 2311 138 55 quod
999 2311 241 55 peccauerit
1188 2311 138 55 tunc
1274 2311 189 55 secreto
1412 2311 172 55 argue:
1532 2311 103 55 ne
1584 2311 103 55 si
1636 2311 189 55 publice
1756 2311 86 55 ar-

81 2362 187 68 gueris,
217 2362 119 68 non
285 2362 119 68 sis
352 2362 220 68 corrector
522 2362 119 68 sed
590 2362 220 68 proditor.
759 2362 136 68 Hinc
844 2362 153 68 dicit
946 2362 237 68 Augustinus
1133 2362 170 68 sermo.
1251 2362 119 68 xv.
1319 2362 102 68 de
1370 2362 170 68 verbis
1489 2362 187 68 domini.
1625 2362 187 68 Corripe
1760 2362 119 68 in-

77 2419 126 70 ter
149 2419 108 70 te
203 2419 90 70 &
239 2419 162 70 ipsum
347 2419 198 70 intuens
491 2419 288 70 correptionem
725 2419 126 70 non
797 2419 216 70 pudorem.
959 2419 162 70 Forte
1066 2419 144 70 enim
1156 2419 144 70 prae
1246 2419 252 70 verecundia
1444 2419 198 70 incipit
1588 2419 234 70 defendere
1750 2419 90 70 pec

84 2469 151 73 catum
185 2469 151 73 suum:
286 2469 84 73 &
319 2469 134 73 quem
403 2469 118 73 vis
471 2469 168 73 facere
588 2469 269 73 correctiorem
807 2469 151 73 facis
907 2469 252 73 deteriorem.
1109 2469 101 73 Et
1159 2469 134 73 quod
1243 2469 218 73 obiicitur
1411 2469 168 73 contra
1529 2469 118 73 hoc
1596 2469 101 73 de
1646 2469 101 73 eo
1697 2469 134 73 quid
1781 2469 101 73 di

80 2521 133 58 cit
156 2521 228 58 dominus:
327 2521 190 58 Aduoca
460 2521 171 58 vnum:
574 2521 133 58 vel
650 2521 152 58 duos
745 2521 209 58 testes:
897 2521 152 58 tale
991 2521 171 58 autem
1105 2521 133 58 non
1181 2521 133 58 est
1257 2521 247 58 occultum:
1447 2521 228 58 Dicendum
1618 2521 152 58 quod
1713 2521 171 58 aduo-

76 2575 131 64 cari
158 2575 181 64 possunt
289 2575 164 64 testes
404 2575 246 64 dupliciter.
601 2575 115 64 vel
666 2575 148 64 coram
765 2575 164 64 iudice
880 2575 98 64 vt
929 2575 279 64 testificentur
1159 2575 164 64 illud.
1274 2575 115 64 Sic
1339 2575 115 64 non
1405 2575 115 64 est
1471 2575 213 64 occultum:
1635 2575 115 64 nec
1700 2575 115 64 sic
1766 2575 115 64 in-

78 2629 222 66 telligit
244 2629 222 66 dominus.
410 2629 129 66 vel
484 2629 111 66 ad
539 2629 295 66 percipiendum
779 2629 222 66 peccatum
945 2629 148 66 soli
1038 2629 258 66 correptori
1241 2629 185 66 notum:
1370 2629 185 66 quibus
1499 2629 166 66 adhuc
1610 2629 129 66 est
1665 2629 185 66 occultum

77 2680 105 58 Et
129 2680 122 58 sic
199 2680 244 58 intelligit
390 2680 192 58 dominus
530 2680 139 58 quod
617 2680 139 58 post
704 2680 209 58 secretam
861 2680 279 58 correptionem
1087 2680 105 58 si
1140 2680 209 58 peccatum
1296 2680 244 58 defenderit
1488 2680 87 58 &
1523 2680 105 58 se
1575 2680 209 58 emendare
1715 2680 139 58 nolue-

76 2738 147 61 rit,
168 2738 147 61 ante
259 2738 331 61 denunciationem
535 2738 165 61 debet
646 2738 184 61 vocare
774 2738 165 61 illos
885 2738 147 61 quos
977 2738 165 61 nouit
1087 2738 165 61 velle
1197 2738 221 61 prodesse
1363 2738 92 61 &
1399 2738 129 61 non
1473 2738 184 61 obesse
1602 2738 110 61 vt
1638 2738 221 61 cognoscant

75 2782 187 66 peccatum
216 2782 125 66 quod
294 2782 125 66 ipse
372 2782 156 66 nouit,
481 2782 219 66 attendendo
653 2782 141 66 facta
747 2782 156 66 illius
856 2782 203 66 correpti:
1013 2782 94 66 vt
1059 2782 187 66 postquam
1200 2782 156 66 testes
1309 2782 156 66 habuit
1419 2782 156 66 iudici
1528 2782 219 66 denunciet:
1700 2782 94 66 vt
1731 2782 125 66 habeat

72 2840 158 62 iudex
178 2840 175 62 testes
300 2840 123 62 per
371 2840 140 62 quos
458 2840 175 62 factum
581 2840 140 62 sibi
669 2840 210 62 notorium
826 2840 140 62 fiat
914 2840 105 62 vt
967 2840 175 62 ipsum:
1089 2840 228 62 corrigat,
1265 2840 175 62 melius
1388 2840 123 62 est
1458 2840 140 62 enim
1545 2840 105 62 vt
1598 2840 123 62 per
1651 2840 210 62 dispendium

75 2890 286 66 aliquantulum
307 2890 161 66 famae
415 2890 143 66 suae
504 2890 232 66 emendetur
683 2890 143 66 quam
772 2890 107 66 in
826 2890 197 66 peccato
969 2890 125 66 suo
1040 2890 250 66 permaneat.
1237 2890 107 66 Ad
1290 2890 214 66 secundum
1451 2890 143 66 quod
1540 2890 125 66 nec
1612 2890 214 66 superior
1773 2890 125 66 de-

67 2940 120 68 bet
135 2940 223 68 corripere
307 2940 120 68 nec
375 2940 223 68 inferior:
546 2940 205 68 Dicendum
700 2940 137 68 quod
786 2940 154 68 omnes
888 2940 291 68 indifferenter
1128 2940 205 68 fraterne
1282 2940 205 68 tenentur
1436 2940 240 68 corripere.
1624 2940 103 68 Et
1676 2940 137 68 quod
1761 2940 137 68 indu

71 2995 170 67 citur
185 2995 114 67 de
241 2995 151 67 Asa:
336 2995 227 67 dicendum
507 2995 151 67 quod
601 2995 227 67 immundus
772 2995 151 67 erat
866 2995 95 67 &
904 2995 227 67 indignus
1075 2995 208 67 tangere
1226 2995 170 67 arcam
1340 2995 170 67 iuxta
1453 2995 246 67 praecepta
1643 2995 170 67 legis
1737 2995 133 67 Mosai

63 3046 151 64 cae.
157 3046 113 64 Et
214 3046 264 64 significat
421 3046 226 64 subditum
590 3046 132 64 qui
666 3046 245 64 imperiose
854 3046 94 64 &
892 3046 132 64 cum
967 3046 226 64 scandalo
1137 3046 245 64 praelatum
1325 3046 226 64 corripit
1494 3046 94 64 &
1532 3046 113 64 in
1589 3046 207 64 aperto.
1739 3046 132 64 Non
1796 3046 75 64 il
