2439 3730
151 318 278 89 conditiones:
376 318 139 89 quod
463 318 208 89 scilicet
619 318 156 89 omnia
723 318 174 89 donat:
845 318 87 89 &
879 318 121 89 hoc
949 318 243 89 intentione
1140 318 208 89 sequendi
1296 318 191 89 dominum
1435 318 121 89 non
1504 318 208 89 otiandi,
1660 318 104 89 vt
1712 318 260 89 proficiendo

163 395 137 62 recom
254 395 153 62 penset
361 395 92 62 in
407 395 137 62 bonis
499 395 244 62 spiritalibus
697 395 122 62 bona
774 395 214 62 temporalia
942 395 122 62 quae
1018 395 199 62 mendicat:
1171 395 76 62 &
1201 395 122 62 quod
1278 395 107 62 per
1339 395 107 62 hoc
1400 395 92 62 ab
1446 395 122 62 omni
1522 395 260 62 sollicitudine
1736 395 229 62 absoluitur,
1904 395 46 62 &

166 443 112 71 non
230 443 160 71 maiori
342 443 144 71 fatue
438 443 240 71 implicatur:
631 443 96 71 ad
679 443 144 71 curam
775 443 112 71 dei
839 443 192 71 pertinet
983 443 256 71 specialiter.
1192 443 96 71 Ad
1240 443 208 71 secundum:
1400 443 128 71 quod
1480 443 144 71 talis
1576 443 96 71 se
1624 443 160 71 multis
1737 443 208 71 periculis
1881 443 80 71 ex-

167 504 173 72 ponit:
288 504 208 72 dicendum
444 504 139 72 quod
531 504 121 72 hoc
600 504 121 72 non
669 504 121 72 est
739 504 173 72 verum,
860 504 121 72 dum
929 504 156 72 tamen
1033 504 121 72 cor
1103 504 104 72 in
1155 504 139 72 deum
1241 504 173 72 habeat
1363 504 173 72 fixum:
1484 504 87 72 &
1519 504 121 72 cum
1588 504 260 72 discretione
1796 504 121 72 hoc
1848 504 104 72 agat

164 550 86 66 &
198 550 171 66 adsint
318 550 154 66 aliae
421 550 257 66 conditiones
609 550 223 66 praetactae.

454 617 211 56 AEquentur
616 617 195 56 quaesita
762 617 243 56 pertinentia
957 617 97 56 ad
1006 617 146 56 actus
1103 617 195 56 peccati,
1249 617 81 56 &
1281 617 146 56 erant
1379 617 146 56 tria.
1476 617 179 56 Primum:
1606 617 146 56 vtrum
1703 617 162 56 liceat
1817 617 146 56 alium
1898 617 65 56 &s

474 661 201 53 occidere
625 661 100 53 ne
675 661 234 53 occidatur.
859 661 217 53 Secundum:
1026 661 150 53 vtrum
1126 661 150 53 licet
1227 661 184 53 pugnare
1360 661 100 53 in
1410 661 184 53 duello.
1544 661 201 53 Tertium:
1695 661 150 53 vtrum
1795 661 184 53 tegulam
1912 661 50 53 &

494 726 192 56 positam
633 726 105 56 in
686 726 157 56 certo
791 726 140 56 loco
878 726 122 56 per
948 726 140 56 quam
1035 726 192 56 aliquis
1175 726 192 56 dicitur
1315 726 245 56 fascinatus
1507 726 122 56 aut
1577 726 297 56 maleficiatus:
1822 726 87 56 &
1857 726 122 56 non
1910 726 52 56 s

498 767 159 69 posset
609 767 159 69 curari
721 767 127 69 nisi
800 767 111 69 per
864 767 159 69 ipsius
975 767 175 69 tegulae
1102 767 254 69 depositionem
1308 767 95 69 de
1356 767 143 69 loco:
1451 767 159 69 liceat
1563 767 111 69 eam
1626 767 191 69 deponere
1769 767 127 69 siue
1849 767 95 69 de
1880 767 64 69 lo

485 821 95 71 co
533 821 127 71 illo
612 821 190 71 tollere.
755 821 143 71 ClRca
850 821 158 71 primum
961 821 190 71 arguitur
1103 821 127 71 quod
1182 821 127 71 non:
1262 821 127 71 quia
1341 821 222 71 Augustinus
1515 821 143 71 dicit
1610 821 143 71 libro
1705 821 95 71 de
1753 821 158 71 libero
1848 821 95 71 arbi

471 873 158 68 trio.
577 873 123 68 Non
647 873 141 68 sunt
735 873 176 68 liberi
858 873 88 68 a
894 873 193 68 peccato
1034 873 123 68 qui
1105 873 123 68 pro
1175 873 123 68 his
1245 873 158 68 rebus
1351 873 141 68 quas
1439 873 211 68 contemni
1597 873 211 68 oportet,
1756 873 176 68 humana
1861 873 88 68 cae

494 929 109 66 de
548 929 199 66 polluti
693 929 163 66 sunt.
801 929 163 66 Inter
910 929 145 66 quae
1000 929 217 66 computat
1163 929 163 66 vitam
1272 929 235 66 propriam.
1453 929 199 66 CONtra.
1597 929 271 66 vnusquisque
1796 929 145 66 potius

158 984 142 66 debet
253 984 142 66 vitam
348 984 127 66 suam
427 984 221 66 conseruare
601 984 127 66 quam
680 984 206 66 alterius.
838 984 127 66 ergo
917 984 158 66 potius
1028 984 142 66 debet
1123 984 142 66 alium
1218 984 190 66 occidere
1360 984 95 66 vt
1407 984 190 66 saluetur
1550 984 127 66 vita
1629 984 111 66 sua
1692 984 127 66 quam
1755 984 190 66 permittere

161 1038 150 61 occidi
266 1038 90 61 vt
311 1038 180 61 saluetur
445 1038 120 61 vita
520 1038 195 61 alterius.
670 1038 105 61 HIC
730 1038 105 61 est
790 1038 239 61 aduertendum:
984 1038 120 61 quod
1059 1038 135 61 sicut
1149 1038 180 61 secundum
1283 1038 210 61 philosopum
1448 1038 165 61 secundo
1568 1038 180 61 Physicae
1703 1038 135 61 eorum
1792 1038 120 61 quae
1852 1038 90 61 sunt

162 1092 233 62 generaliter
349 1092 93 62 in
396 1092 202 62 vniuerso,
551 1092 171 62 quaedam
675 1092 140 62 fiunt
769 1092 78 62 a
800 1092 171 62 natura:
924 1092 171 62 quaedam
1048 1092 78 62 a
1080 1092 140 62 casu:
1173 1092 171 62 quaedam
1297 1092 78 62 a
1328 1092 218 62 proposito:
1499 1092 109 62 sic
1561 1092 78 62 &
1592 1092 218 62 quaecumque
1763 1092 140 62 fiunt
1857 1092 93 62 in
1888 1092 62 62 no

166 1145 123 64 bis.
242 1145 92 64 In
288 1145 153 64 quibus
396 1145 107 64 ita
457 1145 92 64 se
503 1145 138 64 habet
595 1145 92 64 in
641 1145 153 64 nobis,
748 1145 123 64 quod
825 1145 92 64 ab
870 1145 107 64 eis
932 1145 123 64 quae
1008 1145 92 64 in
1054 1145 138 64 nobis
1146 1145 138 64 fiunt
1238 1145 77 64 a
1269 1145 169 64 natura,
1391 1145 138 64 neque
1483 1145 123 64 boni
1560 1145 138 64 neque
1652 1145 123 64 mali
1728 1145 215 64 efficimur,
1882 1145 61 64 ne

162 1196 124 66 que
233 1196 231 66 laudamur,
411 1196 160 66 neque
517 1196 284 66 vituperamur:
748 1196 106 66 vt
801 1196 195 66 dicitur
943 1196 195 66 secundo
1085 1196 248 66 Ethicorum:
1280 1196 106 66 et
1333 1196 124 66 ita
1404 1196 160 66 neque
1510 1196 195 66 meremur
1652 1196 160 66 neque
1741 1196 213 66 demeremur.

161 1261 199 58 Similiter
313 1261 137 58 etiam
405 1261 137 58 neque
497 1261 92 58 ab
543 1261 107 58 eis
604 1261 122 58 quae
680 1261 137 58 fiunt
772 1261 92 58 in
818 1261 137 58 nobis
909 1261 76 58 a
940 1261 137 58 casu,
1031 1261 153 58 optima
1138 1261 122 58 enim
1215 1261 199 58 concedere
1368 1261 183 58 fortunae
1505 1261 244 58 perniciosum,
1704 1261 92 58 vt
1749 1261 168 58 dicitur
1856 1261 92 58 pri-

165 1309 95 66 mo
213 1309 206 66 Etlosoer.
371 1309 95 66 Et
418 1309 95 66 si
466 1309 111 66 non
529 1309 174 66 optimum
656 1309 95 66 vt
703 1309 174 66 virtus:
830 1309 142 66 quare
925 1309 142 66 neque
1020 1309 190 66 pessimum
1162 1309 95 66 vt
1209 1309 174 66 vitium:
1336 1309 127 66 quia
1415 1309 95 66 ab
1463 1309 158 66 eisdem
1573 1309 206 66 generatur
1732 1309 79 66 &
1747 1309 206 66 corrumpitur

162 1367 92 59 &
198 1367 185 59 vitium
328 1367 259 59 inducitur.
531 1367 185 59 Virtus
660 1367 148 59 ergo
753 1367 92 59 &
789 1367 185 59 vitium
919 1367 92 59 &
956 1367 185 59 velite
1085 1367 92 59 a
1122 1367 185 59 quibus
1251 1367 222 59 laudamur
1417 1367 129 59 aut
1491 1367 296 59 vituperamur,
1731 1367 129 59 aut
1787 1367 166 59 meremur

166 1421 118 59 aut
233 1421 235 59 demeremur,
418 1421 185 59 necesse
553 1421 118 59 est
620 1421 151 59 fieri
721 1421 84 59 a
755 1421 219 59 proposito
923 1421 84 59 &
957 1421 202 59 volutate
1108 1421 84 59 &
1142 1421 235 59 electione.
1327 1421 101 59 In
1377 1421 202 59 eligendo
1529 1421 135 59 enim
1613 1421 135 59 bona
1697 1421 118 59 aut
1764 1421 135 59 mala
1848 1421 135 59 qua-

164 1473 118 53 les
231 1473 168 53 quidem
349 1473 168 53 sumus,
467 1473 101 53 vt
517 1473 202 53 dicitur.
668 1473 134 53 iii.
752 1473 151 53 Ethi.
853 1473 118 53 vbi
920 1473 151 53 dicit
1021 1473 202 53 Comment.
1172 1473 118 53 Vel
1239 1473 134 53 enim
1323 1473 134 53 boni
1407 1473 118 53 vel
1475 1473 151 53 mali.
1575 1473 84 53 &
1609 1473 118 53 hoc
1676 1473 151 53 ideo:
1777 1473 134 53 quia
1844 1473 101 53 sci-

163 1518 147 68 licet
261 1518 180 68 electio
391 1518 98 68 in
440 1518 212 68 moralibus
603 1518 229 68 determinat
783 1518 98 68 ea
832 1518 131 68 quae
914 1518 131 68 sunt
995 1518 98 68 ad
1044 1518 163 68 finem.
1158 1518 196 68 Voluntas
1305 1518 147 68 autem
1403 1518 114 68 per
1469 1518 245 68 intentionem
1664 1518 98 68 ad
1713 1518 147 68 finem
1795 1518 147 68 dirigit

166 1580 168 63 Morales
288 1580 138 63 autem
380 1580 183 63 actiones
517 1580 168 63 speciem
639 1580 183 63 secundum
777 1580 199 63 operantis
930 1580 229 63 intentionem
1113 1580 214 63 recipiunt.
1281 1580 107 63 Cum
1342 1580 122 63 enim
1419 1580 183 63 intentio
1556 1580 138 63 nihil
1648 1580 138 63 aliud
1739 1580 107 63 sit
1800 1580 122 63 quam
1862 1580 76 63 vo-

160 1626 156 66 luntas
269 1626 171 66 directa
394 1626 93 66 in
441 1626 156 66 finem:
550 1626 78 66 &
581 1626 93 66 in
627 1626 140 66 finem
721 1626 109 66 non
783 1626 202 66 dirigitur
939 1626 125 66 nisi
1017 1626 280 66 concupiscentia
1250 1626 78 66 &
1281 1626 156 66 amore:
1390 1626 125 66 quae
1468 1626 93 66 si
1515 1626 125 66 bona
1593 1626 156 66 fuerit
1702 1626 140 66 bonum
1795 1626 109 66 est
1842 1626 93 66 opus

164 1685 217 58 inquantum
331 1685 117 58 est
398 1685 100 58 ex
448 1685 150 58 parte
548 1685 234 58 operantis:
732 1685 150 58 malum
832 1685 150 58 autem
932 1685 100 58 si
982 1685 150 58 mala.
1082 1685 133 58 Vnde
1165 1685 234 58 Augustinus
1349 1685 100 58 in
1399 1685 217 58 principio
1566 1685 100 58 de
1616 1685 167 58 libero
1733 1685 200 58 arbitrio
1866 1685 67 58 in

168 1734 195 64 uestigans
318 1734 120 64 quae
393 1734 105 64 sit
453 1734 135 64 causa
543 1734 120 64 mali
618 1734 90 64 in
663 1734 195 64 exteriori
813 1734 150 64 opere,
918 1734 150 64 dicit.
1023 1734 105 64 Dum
1082 1734 90 64 tu
1127 1734 135 64 foris
1217 1734 90 64 in
1262 1734 120 64 ipso
1337 1734 135 64 facto
1427 1734 120 64 quod
1502 1734 105 64 iam
1562 1734 150 64 videri
1667 1734 150 64 potest
1772 1734 135 64 malum
1847 1734 90 64 quae

165 1797 109 58 ris
228 1797 171 58 pateris
352 1797 218 58 angustias.
523 1797 93 58 Et
570 1797 187 58 sequitur
710 1797 125 58 post
788 1797 156 58 pauca.
897 1797 156 58 Clarum
1006 1797 125 58 enim
1084 1797 109 58 est
1146 1797 109 58 iam
1208 1797 140 58 nihil
1302 1797 140 58 aliud
1395 1797 125 58 quam
1473 1797 202 58 libidinem
1629 1797 93 58 in
1675 1797 125 58 toto
1738 1797 202 58 malefacien-

164 1841 92 67 di
210 1841 154 67 genere
317 1841 184 67 damnari,
456 1841 123 67 quae
533 1841 138 67 nihil
625 1841 138 67 aliud
717 1841 108 67 est
779 1841 123 67 quam
855 1841 277 67 concupiscentia
1086 1841 138 67 mala:
1178 1841 123 67 quae
1255 1841 138 67 facit
1347 1841 231 67 intentionem
1532 1841 154 67 malam:
1640 1841 123 67 quam
1716 1841 92 67 vt
1763 1841 138 67 dicit
1839 1841 108 67 Augu-

170 1893 163 63 stinus
284 1893 163 63 ibidem
398 1893 131 63 alio
480 1893 163 63 nomine
595 1893 163 63 cupido
709 1893 229 63 nominatur,
889 1893 98 63 vt
938 1893 98 63 si
987 1893 196 63 intentio
1134 1893 114 63 sit
1199 1893 147 63 bona,
1297 1893 98 63 si
1346 1893 180 63 aliquid
1477 1893 180 63 praeter
1608 1893 245 63 intentionem
1804 1893 98 63 in
1837 1893 114 63 opere

170 1947 112 66 vel
234 1947 96 66 ex
282 1947 128 66 ipso
362 1947 208 66 contingit
522 1947 112 66 non
586 1947 208 66 reputatur
747 1947 96 66 ad
795 1947 160 66 laudem
907 1947 112 66 vel
971 1947 176 66 meritum
1099 1947 192 66 operanti
1243 1947 96 66 si
1291 1947 112 66 sit
1355 1947 160 66 bonum:
1467 1947 144 66 neque
1564 1947 208 66 imputatur
1724 1947 96 66 ad
1756 1947 192 66 vituperium

168 1996 112 70 vel
232 1996 209 70 demeritum
393 1996 96 70 si
441 1996 112 70 sit
505 1996 161 70 malum:
617 1996 112 70 sed
682 1996 144 70 inter
778 1996 193 70 fortuita
923 1996 80 70 &
955 1996 193 70 casualia
1099 1996 193 70 respectu
1244 1996 209 70 operantis
1404 1996 241 70 computatur.
1597 1996 177 70 dicente
1725 1996 209 70 Augustino
1886 1996 96 70 in

163 2055 190 73 epistola
306 2055 95 73 ad
353 2055 238 73 Publicolam.
544 2055 111 73 Nec
607 2055 127 73 reus
686 2055 111 73 est
750 2055 158 73 mortis
860 2055 174 73 alienae
987 2055 111 73 qui
1051 2055 111 73 cum
1114 2055 127 73 suae
1193 2055 238 73 possessioni
1383 2055 143 73 murum
1479 2055 269 73 circunduxerit
1700 2055 174 73 aliquis
1827 2055 95 73 ex
1859 2055 95 73 ipso

164 2106 134 68 muro
248 2106 218 68 percussus
416 2106 218 68 intereat.
584 2106 118 68 Nec
651 2106 134 68 reus
735 2106 118 68 est
803 2106 252 68 Christianus
1004 2106 101 68 si
1055 2106 118 68 bos
1122 2106 134 68 eius
1206 2106 185 68 aliquem
1340 2106 118 68 vel
1407 2106 151 68 equus
1508 2106 168 68 calcem
1626 2106 202 68 iaciendo
1777 2106 202 68 occidat:

163 2176 120 53 Aut
231 2176 171 53 igitur
351 2176 120 53 non
419 2176 171 53 debent
539 2176 239 53 Christiani
727 2176 154 53 boues
830 2176 171 53 habere
949 2176 188 53 cornua,
1086 2176 120 53 aut
1155 2176 154 53 equus
1257 2176 205 53 vngulas:
1411 2176 120 53 aut
1479 2176 171 53 dentes
1599 2176 171 53 canis.
1719 2176 120 53 aut
1787 2176 137 53 vero
1856 2176 85 53 bea

167 2224 105 64 tus
227 2224 150 64 Paulus
332 2224 150 64 quando
436 2224 195 64 satisegit
586 2224 90 64 vt
631 2224 90 64 in
676 2224 165 64 tribuni
796 2224 180 64 notitiam
930 2224 224 64 perferretur
1110 2224 180 64 insidias
1245 2224 120 64 sibi
1319 2224 75 64 a
1349 2224 195 64 quibusdam
1499 2224 180 64 perditis
1634 2224 224 64 praeparari:
1813 2224 75 64 &
1843 2224 90 64 ob
1873 2224 75 64 hoc

170 2279 237 62 deductores
356 2279 186 62 accepit
492 2279 203 62 armatos:
644 2279 102 62 si
695 2279 102 62 in
746 2279 135 62 illa
830 2279 135 62 arma
915 2279 220 62 scelerati
1084 2279 186 62 homines
1220 2279 271 62 cecidissent,
1440 2279 169 62 Paulus
1559 2279 102 62 in
1609 2279 220 62 effusione
1762 2279 186 62 sanguinis

165 2326 152 59 eorum
267 2326 135 59 suum
351 2326 169 59 crimen
470 2326 254 59 agnosceret.
673 2326 102 59 Et
724 2326 220 59 sequitur,
893 2326 135 59 quod
978 2326 203 59 notabile
1130 2326 135 59 est.
1215 2326 152 59 Absit
1316 2326 102 59 vt
1367 2326 102 59 ea
1418 2326 135 59 quae
1503 2326 186 59 propter
1638 2326 152 59 bonum
1740 2326 119 59 aut
1791 2326 152 59 licitum

167 2377 184 67 facimus,
305 2377 107 67 aut
366 2377 184 67 habemus:
504 2377 92 67 si
550 2377 123 67 quid
626 2377 107 67 per
687 2377 107 67 hoc
749 2377 168 67 praeter
871 2377 168 67 nostram
994 2377 214 67 voluntatem
1162 2377 168 67 cuiquam
1285 2377 123 67 mali
1361 2377 214 67 acciderit,
1530 2377 138 67 nobis
1621 2377 214 67 imputetur.
1790 2377 184 67 alioquin

163 2437 123 59 nec
234 2437 247 59 ferramenta
428 2437 247 59 domestica,
622 2437 123 59 nec
693 2437 212 59 agrestia
851 2437 141 59 sunt
940 2437 212 59 habenda:
1098 2437 106 59 ne
1151 2437 141 59 quis
1239 2437 106 59 se
1292 2437 123 59 vel
1363 2437 194 59 alterum
1504 2437 247 59 interimat,
1698 2437 123 59 nec
1769 2437 159 59 arbor
1857 2437 88 59 aut

176 2489 170 69 restis,
299 2489 93 69 ne
346 2489 124 69 quis
423 2489 93 69 se
470 2489 139 69 indae
563 2489 217 69 suspendat,
733 2489 108 69 nec
795 2489 186 69 fenestra
934 2489 186 69 facienda
1074 2489 124 69 est,
1151 2489 93 69 ne
1198 2489 108 69 per
1260 2489 124 69 hanc
1337 2489 93 69 se
1383 2489 124 69 quis
1461 2489 248 69 praecipitet.
1662 2489 124 69 Quid
1740 2489 108 69 est
1802 2489 124 69 enim
1879 2489 93 69 in

178 2538 117 76 vsu
245 2538 184 76 hominum
379 2538 133 76 bono
462 2538 117 76 aut
529 2538 184 76 licito,
662 2538 133 76 vnde
746 2538 150 76 etiam
846 2538 117 76 non
912 2538 167 76 possit
1029 2538 217 76 pernicies
1196 2538 217 76 irrogari.
1363 2538 117 76 AAD
1430 2538 234 76 propositum
1613 2538 167 76 igitur
1730 2538 250 76 descendendo

174 2601 90 57 an
219 2601 135 57 licet
309 2601 180 57 quemquam
444 2601 135 57 alium
534 2601 180 57 occidere
670 2601 90 57 ne
715 2601 120 57 ipse
790 2601 90 57 ab
835 2601 120 57 illo
910 2601 210 57 occidatur:
1075 2601 105 57 cum
1135 2601 135 57 talis
1225 2601 165 57 occisio
1345 2601 105 57 non
1405 2601 105 57 sit
1465 2601 120 57 nisi
1541 2601 105 57 sub
1601 2601 150 57 specie
1706 2601 240 57 defensionis,
1886 2601 60 57 vt

173 2652 161 69 propria
290 2652 117 69 vita
364 2652 234 69 conseruetur:
554 2652 117 69 quae
627 2652 88 69 si
671 2652 146 69 aliter
773 2652 132 69 salua
861 2652 117 69 esse
934 2652 161 69 posset,
1051 2652 132 69 nullo
1139 2652 117 69 modo
1212 2652 205 69 occideret,
1373 2652 102 69 aut
1431 2652 176 69 occidere
1563 2652 161 69 vellet:
1680 2652 190 69 distinguo
1826 2652 117 69 quod
1885 2652 59 69 hu

171 2707 171 66 iusmodi
296 2707 186 66 defensio
435 2707 109 66 aut
497 2707 109 66 est
560 2707 109 66 cum
622 2707 217 66 moderamine
792 2707 217 66 inculpatae
963 2707 171 66 tutelae
1087 2707 93 66 id
1134 2707 109 66 est
1196 2707 124 66 quod
1274 2707 109 66 tam
1336 2707 186 66 moderate
1475 2707 93 66 se
1522 2707 186 66 defendat
1662 2707 124 66 quod
1739 2707 93 66 in
1786 2707 155 66 tuendo
1879 2707 62 66 se

171 2770 150 55 nulla
271 2770 166 55 omnino
387 2770 150 55 culpa
487 2770 166 55 cadat:
604 2770 116 55 aut
670 2770 116 55 est
737 2770 116 55 cum
803 2770 166 55 aliquo
919 2770 183 55 excessu
1052 2770 183 55 illatae
1185 2770 249 55 violentiae.
1385 2770 100 55 Si
1435 2770 183 55 secundo
1568 2770 150 55 modo:
1667 2770 133 55 tunc
1751 2770 233 55 subdistin-

168 2809 137 67 guo.
254 2809 137 67 quia
339 2809 206 67 occidens
493 2809 120 67 aut
562 2809 137 67 vice
647 2809 120 67 aut
716 2809 171 67 ordine
836 2809 188 67 praeest
973 2809 188 67 publica
1110 2809 240 67 potestate:
1298 2809 120 67 aut
1367 2809 137 67 non.
1452 2809 103 67 Si
1504 2809 188 67 secundo
1641 2809 154 67 modo,
1743 2809 120 67 sic
1795 2809 154 67 neminem

167 2864 151 65 licet
268 2864 201 65 occidere
419 2864 101 65 ne
469 2864 235 65 occidatur:
654 2864 134 65 quia
737 2864 151 65 licet
838 2864 218 65 huiusmodi
1006 2864 151 65 actus
1106 2864 218 65 occidendi
1274 2864 101 65 ex
1324 2864 235 65 principali
1509 2864 235 65 intentione
1693 2864 151 65 finis
1777 2864 168 65 principa

171 2918 124 61 lis
242 2918 160 61 bonus
349 2918 142 61 est,
437 2918 106 61 vt
491 2918 124 61 iam
562 2918 213 61 dicetur:
721 2918 160 61 malus
828 2918 160 61 tamen
934 2918 124 61 est
1005 2918 106 61 ex
1059 2918 142 61 modo
1147 2918 266 61 directionis
1360 2918 142 61 eius
1449 2918 106 61 in
1502 2918 177 61 finem.
1627 2918 106 61 Vt
1680 2918 142 61 enim
1769 2918 160 61 actio
1857 2918 89 61 mo-

171 2967 133 67 ralis
260 2967 104 67 sit
319 2967 133 67 bona,
408 2967 163 67 necesse
526 2967 104 67 est
585 2967 177 67 secundum
718 2967 222 67 philosopum.
896 2967 104 67 vi.
955 2967 207 67 Ethicorum,
1118 2967 118 67 quod
1192 2967 118 67 opus
1266 2967 222 67 perficiatur
1443 2967 74 67 &
1473 2967 177 67 secundum
1606 2967 222 67 prudentiam,
1783 2967 74 67 &
1798 2967 148 67 secundum

172 3027 192 58 moralem
311 3027 227 58 virtutem.
486 3027 192 58 Moralis
625 3027 140 58 enim
713 3027 175 58 virtus
835 3027 122 58 est
905 3027 140 58 quae
992 3027 157 58 finem
1097 3027 227 58 voluntati
1271 3027 262 58 praestituit
1481 3027 244 58 informando
1673 3027 279 58 intentionem,
1882 3027 70 58 vt

168 3081 120 58 sit
236 3081 171 58 recta:
356 3081 86 58 &
391 3081 223 58 prudentia
562 3081 291 58 particularium
802 3081 137 58 quae
887 3081 206 58 secundum
1041 3081 240 58 exigentiam
1230 3081 154 58 finis
1332 3081 154 58 opera
1435 3081 103 58 in
1487 3081 154 58 finem
1589 3081 223 58 dirigenda
1743 3081 206 58 determinat

175 3134 93 66 vt
221 3134 124 66 sint
298 3134 201 66 moderata,
453 3134 124 66 quia
530 3134 93 66 vt
576 3134 139 66 dicit
669 3134 154 66 ibidem
777 3134 247 66 philosophus,
978 3134 154 66 Virtus
1086 3134 124 66 enim
1163 3134 232 66 intentionem
1349 3134 139 66 facit
1441 3134 170 66 rectam:
1565 3134 201 66 prudentia
1719 3134 139 66 autem
1812 3134 124 66 quae
1889 3134 93 66 ad

171 3190 154 75 hanc.
274 3190 137 75 Vnde
359 3190 154 75 talis
462 3190 154 75 licet
565 3190 206 75 expresse
720 3190 154 75 nullo
822 3190 137 75 modo
908 3190 189 75 haberet
1045 3190 103 75 in
1097 3190 120 75 sua
1165 3190 240 75 intentione
1354 3190 223 75 occidere:
1525 3190 120 75 sed
1594 3190 223 75 solummodo
1765 3190 103 75 se
1817 3190 171 75 tueri:
