2399 3730
476 254 114 103 ita
541 254 147 103 etiam
639 254 130 103 quod
720 254 98 103 si
769 254 196 103 crederet
916 254 196 103 occidere
1062 254 212 103 quocumque
1225 254 147 103 modo,
1323 254 114 103 non
1388 254 98 103 se
1437 254 212 103 tueretur:
1600 254 293 103 interpretatiue
1844 254 147 103 tamen
1942 254 196 103 censetur
2089 254 147 103 velle
2170 254 98 103 occi

478 351 138 62 dere
564 351 121 62 pro
633 351 156 62 tanto
737 351 225 62 inquantum
910 351 156 62 modum
1014 351 208 62 excedit:
1170 351 104 62 eo
1222 351 138 62 quod
1308 351 121 62 hoc
1378 351 242 62 voluntarie
1568 351 156 62 facit
1672 351 87 62 &
1706 351 121 62 non
1775 351 138 62 sine
1862 351 208 62 libidine
2018 351 87 62 &
2052 351 156 62 nimio
2139 351 121 62 amore

470 399 217 62 viuendi,
633 399 127 62 hoc
705 399 127 62 est
778 399 199 62 improba
923 399 272 62 cupiditate,
1140 399 145 62 quae
1231 399 145 62 tunc
1321 399 163 62 maior
1430 399 127 62 est
1502 399 181 62 quando
1629 399 217 62 expresse
1792 399 163 62 habet
1901 399 109 62 in
1955 399 254 62 intentione
2136 399 127 62 occi-

470 447 158 74 dere,
576 447 105 74 ne
628 447 246 74 occidatur:
822 447 88 74 &
857 447 140 74 ideo
944 447 105 74 in
997 447 246 74 defensione
1190 447 193 74 excedit
1331 447 263 74 exasperatus
1541 447 105 74 ex
1594 447 193 74 iniuria
1734 447 140 74 sibi
1822 447 193 74 illata.
1963 447 140 74 Vnde
2050 447 246 74 Augustinus

468 503 150 73 metum
568 503 116 73 quo
635 503 133 73 quis
718 503 183 73 occidit
851 503 133 73 isto
934 503 150 73 modo,
1033 503 100 73 ad
1083 503 216 73 libidinem
1249 503 183 73 reducit
1382 503 100 73 in
1432 503 216 73 principio
1598 503 100 73 de
1648 503 166 73 libero
1764 503 216 73 arbitrio,
1931 503 116 73 vbi
1997 503 166 73 dicit.
2113 503 116 73 Qui
2163 503 100 73 metu

480 565 112 64 ens
544 565 176 64 hominem
672 565 192 64 occidit:
817 565 144 64 cupit
913 565 160 64 vtique
1025 565 128 64 fine
1105 565 128 64 metu
1186 565 176 64 viuere.
1314 565 96 64 Et
1362 565 160 64 infra.
1474 565 160 64 Cupere
1586 565 160 64 namque
1699 565 128 64 fine
1779 565 128 64 metu
1859 565 176 64 viuere,
1987 565 112 64 non
2052 565 160 64 tantum
2164 565 128 64 bono

475 627 121 57 rum,
551 627 106 57 sed
611 627 137 57 etiam
703 627 167 57 malorum
824 627 152 57 omnium
930 627 121 57 est.
1006 627 137 57 verum
1097 627 106 57 hoc
1158 627 197 57 interest:
1310 627 121 57 quod
1386 627 91 57 id
1431 627 121 57 boni
1507 627 197 57 appetunt,
1659 627 197 57 auertendo
1811 627 152 57 amorem
1917 627 91 57 ab
1962 627 106 57 his
2023 627 137 57 rebus
2114 627 121 57 quae
2175 627 91 57 sine

477 671 215 67 amittendi
643 671 198 67 periculo
791 671 198 67 nequeunt
940 671 182 67 haberi.
1072 671 132 67 Mali
1155 671 149 67 autem
1254 671 99 67 vt
1303 671 116 67 his
1369 671 198 67 fruendis
1518 671 116 67 cum
1584 671 231 67 securitate
1766 671 231 67 incumbant,
1947 671 198 67 remouere
2079 671 182 67 impedimen

468 721 104 75 ta
520 721 226 75 conantur.
694 721 156 75 Talis
798 721 139 75 ergo
885 721 122 75 qui
954 721 104 75 in
1007 721 174 75 tuendo
1128 721 104 75 se
1181 721 209 75 excedit:
1337 721 87 75 &
1372 721 122 75 per
1441 721 122 75 hoc
1511 721 209 75 occidit:
1667 721 122 75 hoc
1737 721 122 75 non
1807 721 139 75 nisi
1893 721 156 75 nimio
1998 721 156 75 amore
2102 721 191 75 viuendi
2224 721 52 75 l

475 780 158 57 facit
581 780 123 57 qui
651 780 123 57 est
721 780 228 57 cupiditas
897 780 140 57 illa
985 780 140 57 quae
1072 780 176 57 libido
1195 780 246 57 nominatur:
1388 780 140 57 quae
1476 780 158 57 nihil
1581 780 158 57 aliud
1687 780 123 57 est
1757 780 140 57 quam
1845 780 176 57 nimius
1968 780 140 57 amor
2055 780 158 57 earum
2143 780 123 57 rerum

476 828 138 80 quas
562 828 190 80 quisque
700 828 172 80 potest
821 828 190 80 inuitus
959 828 224 80 amittere.
1131 828 138 80 Vnde
1217 828 241 80 Augustinus
1407 828 207 80 continuo
1562 828 103 80 de
1614 828 138 80 tali
1700 828 224 80 homicidio
1872 828 207 80 loquitur
2028 828 207 80 subdens.
2166 828 103 80 Mihi

477 888 272 64 discutiendum
698 888 187 64 videtur
834 888 153 64 vtrum
936 888 170 64 hostis
1054 888 187 64 irruens
1190 888 119 64 vel
1258 888 238 64 infidiator
1445 888 204 64 sicarius
1598 888 136 64 siue
1683 888 119 64 pro
1751 888 153 64 vita,
1852 888 136 64 siue
1937 888 119 64 pro
2005 888 238 64 libertate,
2175 888 85 64 si-

476 940 106 64 ue
529 940 124 64 pro
600 940 247 64 pudicitia,
794 940 141 64 sine
883 940 141 64 vlla
971 940 300 64 interficiatur
1218 940 230 64 libidine.
1395 940 106 64 Et
1448 940 230 64 respondet
1625 940 194 64 dicens.
1766 940 194 64 Quomodo
1908 940 177 64 possum
2031 940 230 64 arbitrari
2190 940 71 64 ca

471 1000 134 62 rere
555 1000 151 62 istos
656 1000 218 62 libidine:
823 1000 117 62 qui
890 1000 117 62 pro
957 1000 117 62 his
1024 1000 151 62 rebus
1125 1000 268 62 digladiantur
1342 1000 134 62 quas
1426 1000 184 62 possunt
1560 1000 201 62 amittere
1711 1000 184 62 inuiti:
1845 1000 117 62 aut
1912 1000 101 62 si
1962 1000 117 62 non
2029 1000 201 62 possunt,
2180 1000 117 62 quo

471 1045 138 72 modo
557 1045 138 72 opus
644 1045 121 72 est
713 1045 121 72 pro
782 1045 121 72 his
851 1045 156 72 vsque
955 1045 104 72 ad
1006 1045 190 72 hominis
1145 1045 156 72 necem
1248 1045 225 72 progredi:
1421 1045 104 72 Si
1473 1045 138 72 vero
1559 1045 207 72 occidens
1715 1045 104 72 ex
1767 1045 225 72 ordinaria
1940 1045 294 72 iurisdictione
2164 1045 104 72 prae

476 1095 121 73 est
545 1095 207 73 publicae
700 1095 241 73 potestati,
890 1095 121 73 aut
959 1095 155 73 gerit
1062 1095 155 73 vicem
1165 1095 190 73 illius:
1303 1095 172 73 iterum
1424 1095 241 73 distinguo.
1614 1095 121 73 Aut
1683 1095 138 73 enim
1769 1095 121 73 lex
1838 1095 155 73 dedit
1941 1095 241 73 praeceptum
2114 1095 155 73 occidem

482 1151 103 61 di
533 1151 172 61 talem,
654 1151 86 61 &
688 1151 258 61 consimilem,
894 1151 120 61 aut
963 1151 138 61 non,
1049 1151 120 61 sed
1118 1151 155 61 solum
1221 1151 224 61 permisit.
1393 1151 103 61 Si
1445 1151 189 61 secundo
1582 1151 155 61 modo:
1685 1151 120 61 sic
1754 1151 155 61 adhuc
1857 1151 120 61 non
1926 1151 155 61 licet
2029 1151 206 61 occidere
2167 1151 103 61 vllo

476 1203 157 69 modo.
580 1203 157 69 primo
685 1203 139 69 modo
772 1203 174 69 licet.
893 1203 139 69 Vnde
981 1203 209 69 arguendo
1137 1203 157 69 legen
1242 1203 139 69 esse
1329 1203 209 69 iniustam
1485 1203 139 69 quae
1573 1203 244 69 permittit,
1764 1203 122 69 aut
1834 1203 226 69 praecipit
2008 1203 209 69 occidere
2147 1203 122 69 illum

486 1267 117 63 qui
553 1267 134 63 vult
637 1267 217 63 occidere,
804 1267 100 63 si
854 1267 117 63 non
921 1267 150 63 licet
1021 1267 217 63 quemlibet
1188 1267 150 63 talem
1288 1267 217 63 occidere,
1455 1267 150 63 dicit
1556 1267 234 63 Augustinus
1739 1267 100 63 de
1789 1267 150 63 libro
1890 1267 117 63 ar.
1957 1267 117 63 Non
2023 1267 134 63 ergo
2107 1267 117 63 lex
2157 1267 117 63 iusta

476 1316 120 64 est
545 1316 137 64 quae
630 1316 120 64 dat
699 1316 240 64 potestatem
888 1316 120 64 vel
957 1316 206 64 viatori,
1111 1316 103 64 vt
1163 1316 206 64 latronem
1317 1316 103 64 ne
1369 1316 103 64 ab
1420 1316 103 64 eo
1472 1316 137 64 ipse
1558 1316 240 64 occidatur,
1747 1316 206 64 occidat,
1901 1316 120 64 vel
1970 1316 189 64 cuipiam
2107 1316 137 64 viro
2176 1316 86 64 vel

477 1369 237 58 foeminae,
659 1369 110 58 vt
714 1369 237 58 violenter
897 1369 274 58 stupratorem
1116 1369 237 58 irruentem
1298 1369 146 58 ante
1390 1369 201 58 illatum
1536 1369 201 58 stuprum
1682 1369 110 58 si
1737 1369 183 58 possit
1864 1369 256 58 interimat.
2065 1369 128 58 Nam
2120 1369 146 58 militi

484 1422 179 69 iubetur
614 1422 114 69 est
679 1422 130 69 lege
761 1422 98 69 vt
810 1422 163 69 hostem
924 1422 163 69 necet.
1038 1422 81 69 a
1070 1422 114 69 qua
1136 1422 147 69 caede
1233 1422 98 69 si
1282 1422 244 69 tempauerit,
1478 1422 98 69 ab
1527 1422 228 69 imperatore
1706 1422 163 69 poenas
1820 1422 147 69 luit.
1918 1422 114 69 Num
1983 1422 147 69 istas
2081 1422 147 69 leges
2179 1422 114 69 in-

475 1474 185 65 iustas,
610 1474 118 65 vel
677 1474 168 65 potius
795 1474 168 65 nullas
912 1474 168 65 dicere
1030 1474 235 65 audebimus:
1215 1474 118 65 Nam
1282 1474 118 65 lex
1349 1474 134 65 mihi
1433 1474 134 65 esse
1517 1474 118 65 non
1585 1474 185 65 videtur
1719 1474 134 65 quae
1803 1474 151 65 iusta
1904 1474 118 65 non
1971 1474 219 65 fuerigsEt
2123 1474 134 65 respon

475 1532 123 66 det
546 1532 211 66 continuo
704 1532 193 66 dicens.
845 1532 158 66 Legem
950 1532 176 66 quidem
1073 1532 158 66 satis
1179 1532 158 66 video
1284 1532 141 66 esse
1372 1532 193 66 munitam
1513 1532 176 66 contra
1636 1532 229 66 huiusmodi
1812 1532 281 66 accusationem
2040 1532 106 66 in
2093 1532 106 66 eo
2128 1532 141 66 populo

484 1581 136 67 quem
569 1581 170 67 regit,
688 1581 136 67 quae
773 1581 221 67 minoribus
944 1581 238 67 malefactis
1131 1581 102 67 ne
1182 1581 170 67 maiora
1301 1581 307 67 comnmittantur,
1557 1581 153 67 dedit
1659 1581 238 67 licentiam.
1846 1581 153 67 Multo
1948 1581 136 67 enim
2034 1581 153 67 minus
2136 1581 119 67 est
2187 1581 85 67 eum

483 1635 127 60 qui
555 1635 199 60 alienae
700 1635 163 60 vitae
808 1635 253 60 insidiatur
1007 1635 145 60 quam
1098 1635 127 60 eum
1170 1635 127 60 qui
1242 1635 145 60 suam
1333 1635 181 60 tuetur
1459 1635 199 60 occidi:
1604 1635 90 60 &
1640 1635 163 60 multo
1749 1635 127 60 est
1821 1635 217 60 immanius
1984 1635 199 60 inuitum
2110 1635 163 60 hominem

484 1692 186 63 stuprum
620 1692 203 63 perpeti,
772 1692 136 63 quam
857 1692 119 63 eum
925 1692 85 63 a
959 1692 119 63 quo
1027 1692 136 63 illa
1111 1692 119 63 vis
1179 1692 203 63 infertur
1332 1692 102 63 ab
1383 1692 102 63 eo
1433 1692 119 63 cui
1501 1692 186 63 inferre
1637 1692 186 63 conatur
1772 1692 220 63 interimi.
1942 1692 119 63 lam
2010 1692 136 63 vero
2094 1692 153 63 miles
2179 1692 85 63 ho-

487 1741 140 65 stem
574 1741 297 65 interficiendo
819 1741 210 65 minister
976 1741 122 65 est
1046 1741 175 65 legis:
1169 1741 157 65 quare
1274 1741 210 65 officium
1431 1741 140 65 suum
1519 1741 175 65 facile
1641 1741 157 65 nulla
1746 1741 210 65 libidine
1904 1741 227 65 impleuit.
2079 1741 157 65 Porro
2166 1741 105 65 ipsa

481 1798 119 58 lex
549 1798 135 58 quae
633 1798 169 58 tuendi
752 1798 169 58 populi
871 1798 152 58 causa
972 1798 135 58 lata
1057 1798 135 58 est,
1141 1798 186 58 nullius
1277 1798 220 58 libidinis
1446 1798 152 58 argui
1548 1798 186 58 potest.
1683 1798 169 58 Potest
1802 1798 135 58 ergo
1887 1798 135 58 illi
1971 1798 135 58 legi
2056 1798 135 58 quae
2141 1798 169 58 tuendo

483 1849 121 69 rum
552 1849 173 69 ciuium
673 1849 155 69 causa
776 1849 121 69 vim
845 1849 207 69 hostilem
1001 1849 155 69 eadem
1104 1849 104 69 vi
1156 1849 190 69 repelli
1294 1849 173 69 iubet,
1415 1849 138 69 sine
1501 1849 207 69 libidine
1657 1849 276 69 obtemperari.
1881 1849 86 69 &
1915 1849 104 69 de
1967 1849 190 69 omnibus
2088 1849 190 69 ministris

484 1912 119 60 qui
552 1912 136 60 vice
637 1912 153 60 atque
739 1912 170 60 ordine
859 1912 272 60 potestatibus
1080 1912 221 60 quibusque
1250 1912 204 60 subiecti
1404 1912 153 60 sunt,
1506 1912 102 60 id
1557 1912 136 60 dici
1642 1912 187 60 potest.
1778 1912 119 60 Sed
1846 1912 136 60 illi
1931 1912 187 60 homines
2068 1912 136 60 lege
2136 1912 136 60 incul-

488 1953 144 75 pata
578 1953 198 75 quomodo
722 1953 233 75 inculpati
901 1953 180 75 queant
1027 1953 144 75 esse
1117 1953 126 75 non
1188 1953 180 75 video.
1314 1953 126 75 Non
1386 1953 144 75 enim
1476 1953 126 75 lex
1548 1953 126 75 eos
1619 1953 162 75 cogit
1727 1953 233 75 occidere,
1907 1953 126 75 sed
1979 1953 233 75 relinquit
2158 1953 108 75 in
2194 1953 72 75 po

487 2013 202 66 testate.
638 2013 185 66 Liberum
773 2013 168 66 itaque
890 2013 118 66 eis
958 2013 118 66 est
1025 2013 185 66 neminem
1159 2013 202 66 occidere
1310 2013 118 66 pro
1378 2013 118 66 his
1445 2013 151 66 rebus
1545 2013 134 66 quas
1629 2013 168 66 inuiti
1747 2013 185 66 possunt
1881 2013 218 66 amittere.
2049 2013 101 66 Et
2083 2013 168 66 postquam

492 2076 204 59 continuo
645 2076 204 59 ostendit
798 2076 136 59 quod
883 2076 153 59 vita,
985 2076 85 59 &
1019 2076 238 59 pudicitia,
1206 2076 102 59 &e
1257 2076 153 59 talia
1359 2076 136 59 sunt
1445 2076 238 59 huiusmodi,
1632 2076 170 59 subdit
1751 2076 187 59 dicens.
1887 2076 238 59 Quapropter
2074 2076 153 59 legem
2176 2076 119 59 non

486 2122 243 70 apprehendo
676 2122 139 70 quae
763 2122 156 70 tales
867 2122 225 70 permittit
1041 2122 243 70 interfici:
1231 2122 121 70 sed
1301 2122 121 70 quo
1370 2122 156 70 pacto
1474 2122 156 70 istos
1578 2122 208 70 defendit
1734 2122 121 70 qui
1804 2122 277 70 interficiunt
2029 2122 121 70 non
2099 2122 208 70 inuenio:

490 2171 146 74 quos
581 2171 146 74 reos
672 2171 164 74 nulla
781 2171 127 74 lex
854 2171 182 74 tenet:
981 2171 127 74 sed
1054 2171 164 74 earum
1163 2171 146 74 quae
1254 2171 109 74 ab
1309 2171 237 74 hominibus
1491 2171 237 74 leguntur.
1673 2171 127 74 Nam
1745 2171 182 74 nescio
1873 2171 164 74 vtrum
1982 2171 127 74 non
2055 2171 182 74 aliqua
2164 2171 109 74 vehe

487 2228 233 68 mentiore,
667 2228 108 68 ac
721 2228 287 68 secretissima
954 2228 144 68 lege
1044 2228 251 68 teneantur:
1241 2228 108 68 si
1295 2228 162 68 nihil
1403 2228 162 68 rerum
1511 2228 126 68 est
1583 2228 144 68 quod
1672 2228 126 68 non
1744 2228 269 68 administret
1960 2228 180 68 diuina
2067 2228 198 68 prouiden-

484 2293 146 57 tia.
575 2293 201 57 Quomodo
721 2293 146 57 enim
812 2293 146 57 apud
904 2293 128 57 eam
977 2293 146 57 sunt
1068 2293 146 57 isti
1159 2293 201 57 peccato
1305 2293 201 57 liberi,
1451 2293 128 57 qui
1524 2293 128 57 pro
1597 2293 128 57 his
1670 2293 164 57 rebus
1780 2293 146 57 quas
1871 2293 219 57 contemni
2035 2293 219 57 oportet,
2181 2293 73 57 hu

486 2341 152 62 mana
581 2341 171 62 caede
695 2341 209 62 polluti
847 2341 171 62 sunt:
961 2341 209 62 Videtur
1113 2341 152 62 ergo
1208 2341 152 62 mihi
1303 2341 95 62 &
1341 2341 171 62 legem
1455 2341 171 62 istam
1569 2341 152 62 quae
1664 2341 190 62 populo
1797 2341 209 62 regendo
1949 2341 266 62 scribitur,
2139 2341 133 62 recte

489 2387 147 67 ista
581 2387 276 67 permittere,
802 2387 92 67 &
838 2387 129 67 per
912 2387 202 67 diuinam
1059 2387 295 67 prouidentiam
1298 2387 258 67 vindicari.
1501 2387 110 67 Ea
1556 2387 147 67 enim
1648 2387 258 67 vindicanda
1851 2387 147 67 sibi
1943 2387 129 67 hic
2016 2387 202 67 assumit
2164 2387 147 67 quae

492 2433 159 78 satis
598 2433 142 78 sint
687 2433 283 78 conciliandae
917 2433 142 78 paci
1005 2433 230 78 hominibus
1182 2433 248 78 imperitis:
1377 2433 88 78 &
1412 2433 177 78 quanta
1536 2433 195 78 possunt
1678 2433 124 78 per
1748 2433 195 78 hominem
1890 2433 159 78 regi.
1996 2433 159 78 Illae
2102 2433 142 78 vero
2173 2433 106 78 cul-

487 2495 119 78 pae
555 2495 153 78 alias
657 2495 170 78 poenas
775 2495 186 78 apertas
911 2495 186 78 habent:
1046 2495 85 78 a
1080 2495 170 78 quibus
1199 2495 136 78 mihi
1284 2495 186 78 videtur
1419 2495 136 78 sola
1504 2495 153 78 posse
1606 2495 203 78 liberare
1758 2495 237 78 sapientia.
1945 2495 136 78 Soli
2030 2495 136 78 ergo
2114 2495 119 78 qui
2165 2495 102 78 prae

491 2561 177 57 ceptum
615 2561 177 57 habent
739 2561 106 57 ex
792 2561 141 57 lege
880 2561 230 57 occidere,
1057 2561 194 57 possunt
1198 2561 177 57 licite
1322 2561 212 57 occidere
1481 2561 159 57 illos
1587 2561 124 57 qui
1657 2561 106 57 se
1710 2561 177 57 volunt
1834 2561 230 57 occidere,
2011 2561 88 57 &
2046 2561 247 57 quoscunque

487 2603 155 69 etiam
590 2603 155 69 alios
693 2603 206 69 publicos
847 2603 292 69 malefactores.
1088 2603 120 69 Qui
1157 2603 155 69 tamen
1260 2603 103 69 si
1311 2603 103 69 in
1363 2603 120 69 hoc
1431 2603 189 69 aliquid
1569 2603 206 69 propriae
1723 2603 223 69 libidinis
1895 2603 258 69 apponerent,
2101 2603 137 69 tunc
2170 2603 103 69 apud

494 2660 147 64 deum
585 2660 257 64 culpabiles
787 2660 275 64 haberentur.
1007 2660 147 64 Vnde
1099 2660 257 64 Augustinus
1300 2660 257 64 quaestioni
1502 2660 257 64 Publicolae
1704 2660 110 64 in
1759 2660 147 64 casu
1850 2660 257 64 propositae
2034 2660 238 64 quaestionis

493 2713 140 64 quam
580 2713 227 64 proposuit
754 2713 105 64 ei
807 2713 122 64 per
876 2713 140 64 haec
964 2713 174 64 verba.
1086 2713 105 64 Si
1138 2713 262 64 Christianus
1347 2713 174 64 videat
1470 2713 105 64 se
1522 2713 87 64 a
1557 2713 192 64 Barbaro
1696 2713 122 64 vel
1766 2713 87 64 a
1801 2713 174 64 Romano
1923 2713 157 64 velle
2028 2713 244 64 interfici,
2202 2713 70 64 de

499 2763 114 67 bet
564 2763 114 67 eos
629 2763 130 67 ipse
710 2763 243 67 Christianus
905 2763 243 67 interficere
1099 2763 97 67 ne
1148 2763 97 67 ab
1197 2763 146 67 illis
1294 2763 292 67 interficiatur:
1538 2763 114 67 vel
1603 2763 97 67 si
1651 2763 179 67 liceret
1781 2763 211 67 impugnare
1943 2763 114 67 vel
2008 2763 227 67 repellere:
2171 2763 97 67 quia

492 2825 187 60 dictum
623 2825 150 60 est,
717 2825 150 60 Noli
811 2825 243 60 resistere
998 2825 169 60 malo.
1110 2825 262 60 respondens
1316 2825 112 60 ad
1372 2825 187 60 primum
1503 2825 243 60 articulum
1691 2825 187 60 dicit.
1822 2825 112 60 De
1878 2825 262 60 occidendis
2065 2825 206 60 hominibus

493 2882 105 55 ne
546 2882 105 55 ab
599 2882 123 55 eis
669 2882 193 55 quisque
810 2882 228 55 occidatur
985 2882 123 55 non
1055 2882 140 55 mihi
1143 2882 176 55 placet
1266 2882 228 55 consilium
1442 2882 140 55 nisi
1529 2882 158 55 forte
1635 2882 123 55 sit
1705 2882 158 55 miles
1810 2882 123 55 aut
1881 2882 193 55 publica
2021 2882 228 55 functione
2179 2882 88 55 te-

497 2919 185 75 neatur:
631 2919 101 75 vt
682 2919 117 75 non
749 2919 117 75 pro
816 2919 101 75 se
866 2919 117 75 hoc
934 2919 185 75 faciat:
1068 2919 117 75 sed
1135 2919 117 75 pro
1202 2919 151 75 aliis
1303 2919 117 75 aut
1370 2919 117 75 pro
1437 2919 218 75 ciuitate,
1605 2919 185 75 accepta
1739 2919 218 75 potestate
1907 2919 201 75 legitima
2058 2919 101 75 si
2108 2919 134 75 eius
2175 2919 101 75 con-

504 2979 170 72 grueret
627 2979 201 72 personae.
782 2979 124 72 Nota
860 2979 124 72 quod
937 2979 139 72 dicit
1030 2979 93 72 si
1076 2979 124 72 eius
1154 2979 217 72 congrueret
1324 2979 201 72 personae.
1479 2979 93 72 Ex
1525 2979 108 72 quo
1587 2979 170 72 videtur
1711 2979 124 72 quod
1788 2979 108 72 lex
1850 2979 108 72 non
1912 2979 139 72 esset
2005 2979 139 72 iusta
2098 2979 124 72 quae
2160 2979 108 72 prae-

500 3046 183 57 ciperet
634 3046 167 57 cuique
750 3046 283 57 indifferenter
983 3046 133 57 quod
1066 3046 216 57 occideret
1233 3046 200 57 volentem
1383 3046 100 57 se
1433 3046 216 57 occidere:
1599 3046 83 57 &
1633 3046 117 57 sic
1699 3046 183 57 poneret
1832 3046 100 57 in
1882 3046 117 57 hoc
1949 3046 216 57 quemlibet
2115 3046 133 57 suum
2182 3046 100 57 esse

499 3085 245 69 ministrum:
692 3085 263 69 quemadmodum
902 3085 158 69 forte
1008 3085 193 69 aliquis
1148 3085 193 69 diceret
1288 3085 228 69 quemlibet
1463 3085 175 69 licere
1586 3085 210 69 occidere
1743 3085 105 69 ne
1796 3085 245 69 occidatur,
1989 3085 158 69 quasi
2094 3085 140 69 tale
2164 3085 105 69 prae

498 3139 181 85 ceptum
625 3139 127 85 sit
697 3139 109 85 de
752 3139 254 85 intentione
951 3139 163 85 legis
1060 3139 199 85 latoris
1205 3139 217 85 ponentis
1368 3139 163 85 legem
1477 3139 109 85 de
1531 3139 236 85 occidendo
1712 3139 181 85 impune
1839 3139 217 85 volentes
2002 3139 236 85 occidere.
2183 3139 127 85 Sed
