2484 3709
215 222 108 80 est
276 222 139 80 istud
369 222 139 80 bonum
462 222 124 80 quod
539 222 139 80 morti
632 222 232 80 comparatur.
818 222 93 80 vt
864 222 124 80 enim
942 222 139 80 dicit
1034 222 93 80 in
1081 222 139 80 iiii.
1174 222 170 80 Ethico.
1297 222 155 80 quanto
1406 222 155 80 vtique
1514 222 170 80 aliquis
1638 222 186 80 virtutem
1777 222 155 80 habeat
1885 222 139 80 omnem
1963 222 46 80 &

212 292 197 72 felicior
360 292 132 72 sit:
442 292 148 72 magis
540 292 99 72 in
590 292 148 72 morte
688 292 214 72 tristior.
853 292 132 72 tali
935 292 132 72 enim
1017 292 164 72 maxime
1132 292 164 72 viuere
1248 292 181 72 dignum:
1379 292 82 72 &
1412 292 132 72 iste
1494 292 181 72 maximis
1626 292 148 72 bonis
1724 292 197 72 priuatur
1856 292 148 72 sciens.

212 351 158 58 triste
323 351 142 58 autem
417 351 126 58 hoc.
496 351 79 58 &
528 351 95 58 in
575 351 126 58 nono
654 351 158 58 dicit.
764 351 205 58 Eligibile
922 351 142 58 autem
1017 351 158 58 viuere
1127 351 79 58 &
1159 351 158 58 maxime
1269 351 158 58 bonis.
1380 351 174 58 quoniam
1506 351 142 58 esse,
1601 351 142 58 bonum
1695 351 110 58 est
1759 351 142 58 ipsis
1853 351 79 58 &
1869 351 142 58 delecta

206 394 134 66 bile:
296 394 134 66 vitae
385 394 134 66 autem
475 394 179 66 prauorum
609 394 134 66 neque
698 394 134 66 bonae
788 394 134 66 neque
877 394 254 66 delectabiles.
1086 394 90 66 vt
1131 394 149 66 ibidem
1235 394 134 66 dicit
1325 394 239 66 commentator.
1519 394 75 66 &
1549 394 134 66 tamen
1638 394 194 66 respondet
1787 394 179 66 sibiipsi
1907 394 104 66 phuns

212 458 93 71 ad
259 458 109 71 hoc
321 458 109 71 cum
384 458 156 71 subdit
493 458 93 71 in
540 458 171 71 quarto.
664 458 109 71 Sed
727 458 156 71 nihilo
836 458 140 71 minus
929 458 171 71 fortis:
1054 458 187 71 forsitan
1194 458 140 71 autem
1287 458 78 71 &
1319 458 156 71 magis.
1428 458 171 71 quoniam
1552 458 93 71 in
1599 458 140 71 bello
1692 458 140 71 bonum
1786 458 109 71 pro
1848 458 140 71 illis
1926 458 78 71 eli

214 508 126 65 git.
293 508 79 65 &
324 508 110 65 sic
387 508 94 65 vt
434 508 141 65 dicit
528 508 94 65 in
576 508 126 65 nono
654 508 141 65 magis
748 508 141 65 bonum
843 508 188 65 sibiipsi
984 508 173 65 tribuit
1110 508 188 65 scilicet
1251 508 157 65 magnam
1361 508 267 65 delectationem
1581 508 94 65 in
1628 508 141 65 vnica
1722 508 141 65 hora.
1817 508 110 65 sed
1864 508 141 65 quomodo

214 565 112 62 hoc
278 565 192 62 mirabile
422 565 112 62 est
485 565 176 62 dictum.
613 565 176 62 Vldetur
741 565 128 62 ergo
821 565 144 62 phuns
916 565 160 62 dicere
1028 565 128 62 quod
1108 565 176 62 propter
1236 565 176 62 fructus
1363 565 192 62 virtutis
1507 565 160 62 magnae
1619 565 144 62 magis
1715 565 208 62 eligendum
1874 565 112 62 est
1938 565 96 62 in

211 617 120 60 illa
286 617 120 60 hora
361 617 135 60 mori,
450 617 120 60 quam
525 617 150 60 viuere
630 617 165 60 diutius
750 617 90 60 in
795 617 195 60 minoribus
944 617 224 60 virtutibus:
1124 617 90 60 vt
1169 617 105 60 non
1229 617 210 60 praeeligat
1393 617 150 60 mortem
1498 617 135 60 vitae
1588 617 120 60 nisi
1663 617 105 60 per
1723 617 195 60 accidens,
1857 617 150 60 praeeli-

210 676 139 62 gendo
302 676 186 62 virtutem
442 676 186 62 virtuti.
581 676 108 62 Per
643 676 186 62 accidens
783 676 139 62 autem
875 676 139 62 malum
968 676 155 62 poenae
1077 676 201 62 adiunctum
1232 676 155 62 maxime
1340 676 139 62 bono,
1433 676 201 62 praeualet
1588 676 155 62 alicui
1696 676 124 62 bono
1774 676 155 62 iuncto
1882 676 108 62 cum
1944 676 93 62 in

215 728 228 66 ferioribus
394 728 163 66 bonis.
508 728 147 66 Multo
606 728 179 66 fortius
736 728 130 66 ergo
817 728 163 66 potest
931 728 147 66 eligi
1029 728 147 66 malum
1127 728 163 66 mortis
1241 728 179 66 propter
1371 728 179 66 maximum
1501 728 147 66 bonum
1599 728 98 66 ex
1648 728 147 66 ipso,
1745 728 130 66 ipsa
1827 728 130 66 vita
1892 728 114 66 turpi

209 785 84 62 &
243 785 202 62 vitiosa.
394 785 118 62 SED
461 785 101 62 si
512 785 151 62 prope
612 785 252 62 descendendo
814 785 101 62 ad
864 785 252 62 quaestionem
1066 785 185 62 velimus
1201 785 218 62 comparare
1369 785 151 62 malum
1469 785 168 62 mortis
1587 785 101 62 ad
1637 785 151 62 malum
1738 785 151 62 vitii
1839 785 202 62 secundum

208 835 84 62 se
250 835 84 62 vt
292 835 154 62 neutrum
404 835 98 62 per
460 835 84 62 se
502 835 182 62 eligendo:
643 835 140 62 potest
741 835 196 62 dupliciter
895 835 196 62 responderi
1049 835 84 62 ad
1091 835 210 62 quaestionem
1260 835 196 62 sustinendo
1414 835 140 62 semper
1512 835 112 62 quod
1582 835 112 62 mors
1652 835 210 62 praeferenda
1821 835 98 62 est
1877 835 126 62 vitae
1947 835 56 62 mi

202 886 141 63 serae
296 886 172 63 miseria
422 886 172 63 culpae.
547 886 110 63 Vno
610 886 125 63 modo
688 886 172 63 dicendo
814 886 125 63 quod
892 886 110 63 est
955 886 172 63 aliquid
1080 886 204 63 eligibile
1237 886 94 63 in
1284 886 94 63 se
1331 886 78 63 &
1362 886 204 63 absolute.
1519 886 125 63 tale
1597 886 110 63 non
1660 886 110 63 est
1723 886 125 63 nisi
1801 886 141 63 bonum
1880 886 125 63 verum.

211 942 76 66 &
241 942 107 66 hoc
302 942 122 66 modo
379 942 122 66 mors
455 942 107 66 vel
517 942 107 66 non
578 942 122 66 esse
654 942 138 66 nullo
746 942 122 66 modo
822 942 107 66 est
884 942 214 66 eligibile:
1052 942 76 66 &
1082 942 107 66 ita
1144 942 107 66 nec
1205 942 153 66 alteri
1312 942 275 66 praeeligibile.
1541 942 122 66 Alio
1618 942 122 66 modo
1694 942 168 66 aliquid
1816 942 107 66 est
1862 942 138 66 eligibi

212 993 91 60 le
257 993 243 60 comparatione
455 993 198 60 alterius.
607 993 182 60 secundum
744 993 122 60 quod
820 993 137 60 minus
911 993 137 60 malum
1002 993 152 60 quando
1109 993 167 60 oportet
1231 993 167 60 alterum
1352 993 198 60 incurrere
1504 993 137 60 habet
1595 993 182 60 rationem
1732 993 137 60 boni,
1824 993 76 60 &
1854 993 106 60 ita
1900 993 106 60 eligi

212 1049 142 68 bilis
307 1049 95 68 vt
355 1049 158 68 possit
465 1049 158 68 alteri
576 1049 222 68 praeeligi.
750 1049 111 68 Hoc
813 1049 127 68 modo
893 1049 111 68 cum
956 1049 111 68 non
1019 1049 127 68 esse
1098 1049 79 68 &
1130 1049 190 68 vitiosum
1272 1049 127 68 esse
1351 1049 127 68 ambo
1430 1049 158 68 habent
1541 1049 190 68 rationem
1684 1049 237 68 priuationis
1873 1049 79 68 &
1889 1049 111 68 corru

213 1100 194 75 ptionis:
359 1100 130 75 mors
440 1100 81 75 &
472 1100 113 75 non
537 1100 130 75 esse
618 1100 130 75 boni
699 1100 194 75 naturae:
845 1100 162 75 vitium
958 1100 146 75 autem
1055 1100 211 75 bonimoris
1217 1100 81 75 &
1250 1100 194 75 gratiae:
1396 1100 194 75 deterior
1541 1100 113 75 est
1606 1100 211 75 corruptio
1768 1100 178 75 vitiosa
1898 1100 130 75 quam

212 1155 210 62 naturalis:
377 1155 150 62 quanto
482 1155 150 62 melius
587 1155 105 62 est
647 1155 135 62 bonum
738 1155 135 62 moris
828 1155 75 62 &
858 1155 165 62 gratiae
978 1155 120 62 quam
1053 1155 135 62 bonum
1143 1155 180 62 naturae.
1278 1155 90 62 Et
1323 1155 105 62 sic
1383 1155 150 62 potest
1488 1155 165 62 concedi
1609 1155 120 62 quod
1684 1155 135 62 magis
1774 1155 105 62 est
1819 1155 180 62 eligendum,

210 1211 117 70 quia
284 1211 147 70 melius
386 1211 220 70 comparatiue
562 1211 103 70 est
621 1211 103 70 non
679 1211 117 70 esse
753 1211 117 70 quam
826 1211 147 70 habere
929 1211 176 70 vitiosum
1061 1211 132 70 esse.
1149 1211 117 70 Alio
1222 1211 117 70 vero
1295 1211 117 70 modo
1369 1211 147 70 potest
1471 1211 205 70 responderi
1632 1211 176 70 dicendo:
1764 1211 117 70 quod
1823 1211 176 70 voluntatis

210 1271 206 58 appetitus
368 1271 111 58 non
432 1271 142 58 solum
527 1271 111 58 est
590 1271 95 58 in
637 1271 206 58 electione
796 1271 127 58 boni
875 1271 174 58 sumendo
1001 1271 174 58 proprie
1128 1271 237 58 electionem:
1318 1271 111 58 sed
1381 1271 142 58 etiam
1476 1271 95 58 in
1523 1271 127 58 fuga
1602 1271 142 58 mali:
1697 1271 111 58 ita
1761 1271 127 58 quod
1840 1271 142 58 sicut
1935 1271 95 58 in

214 1315 189 73 eligendis
360 1315 174 73 secundum
490 1315 145 73 rectam
592 1315 174 73 rationem
723 1315 145 73 semper
825 1315 247 73 praeeligendum
1028 1315 102 73 est
1086 1315 131 73 maius
1173 1315 145 73 bonum,
1275 1315 102 73 ita
1333 1315 73 73 &
1362 1315 87 73 in
1405 1315 189 73 fugiendis
1551 1315 145 73 semper
1652 1315 247 73 praefugiendum
1856 1315 102 73 est
1899 1315 102 73 maius

210 1373 148 68 malum.
314 1373 74 68 &
344 1373 119 68 ideo
418 1373 104 68 cum
477 1373 133 68 magis
566 1373 133 68 malum
655 1373 104 68 sit
714 1373 163 68 miseria
833 1373 148 68 culpae
937 1373 119 68 quam
1011 1373 104 68 non
1070 1373 104 68 ens
1129 1373 178 68 naturae.
1263 1373 104 68 Est
1322 1373 119 68 enim
1396 1373 133 68 culpa
1485 1373 74 68 &
1515 1373 178 68 peccatum
1648 1373 104 68 non
1708 1373 119 68 ens:
1782 1373 178 68 secundum
1915 1373 119 68 quod

213 1424 136 71 dicit
304 1424 212 71 Augustinus
470 1424 136 71 super
561 1424 182 71 loannem.
698 1424 182 71 Peccatum
834 1424 136 71 nihil
925 1424 121 71 est:
1000 1424 76 71 &
1031 1424 167 71 homines
1152 1424 136 71 nihil
1243 1424 136 71 fiunt
1334 1424 106 71 cum
1394 1424 182 71 peccant:
1530 1424 76 71 &
1561 1424 182 71 deterius
1697 1424 106 71 est
1758 1424 106 71 non
1818 1424 121 71 esse
1879 1424 121 71 culpae

210 1476 132 69 quam
292 1476 132 69 esse
374 1476 198 69 naturae:
523 1476 132 69 quia
605 1476 115 69 est
671 1476 198 69 deterior
820 1476 198 69 priuatio
968 1476 132 69 quae
1051 1476 165 69 priuat
1166 1476 148 69 maius
1265 1476 165 69 bonum,
1380 1476 148 69 multo
1479 1476 148 69 magis
1578 1476 132 69 ergo
1661 1476 198 69 fugienda
1809 1476 115 69 est
1859 1476 148 69 miseria

214 1539 156 57 culpae
324 1539 125 57 quam
402 1539 110 57 non
465 1539 125 57 esse
543 1539 188 57 naturae:
684 1539 78 57 &
715 1539 110 57 per
778 1539 110 57 hoc
840 1539 188 57 quodammo
981 1539 266 57 praeeligendum
1200 1539 203 57 improprie
1357 1539 172 57 sumendo
1482 1539 235 57 electionem.
1669 1539 94 57 Et
1716 1539 188 57 secundum
1857 1539 125 57 hunc
1920 1539 78 57 mo-

216 1585 101 66 dum
273 1585 230 66 intelligitur
460 1585 129 66 illud
546 1585 144 66 dictum
646 1585 158 66 Christi
761 1585 86 66 de
804 1585 129 66 luda.
890 1585 144 66 Melius
991 1585 129 66 esset
1077 1585 115 66 illi
1149 1585 86 66 si
1192 1585 129 66 natus
1278 1585 101 66 non
1336 1585 158 66 fuisset
1450 1585 115 66 homo
1522 1585 129 66 ille.
1608 1585 115 66 Quod
1680 1585 101 66 non
1738 1585 129 66 dixit
1824 1585 101 66 tam
1867 1585 129 66 propter

209 1640 141 69 poenam
308 1640 113 69 quae
378 1640 85 69 ei
420 1640 183 69 imminebat
561 1640 113 69 quam
632 1640 155 69 propter
744 1640 141 69 culpam
843 1640 113 69 quae
913 1640 85 69 ei
956 1640 211 69 inhaerebat:
1125 1640 155 69 propter
1237 1640 113 69 quam
1308 1640 113 69 erat
1378 1640 183 69 praeuisus
1519 1640 85 69 ad
1561 1640 169 69 aeternam
1688 1640 155 69 poenam.
1801 1640 113 69 Vnde
1871 1640 127 69 super
1942 1640 56 69 il

212 1697 110 64 lud
275 1697 157 64 Marci.
385 1697 157 64 xiiii.
494 1697 141 64 dicit
588 1697 219 64 Gregorius.
761 1697 157 64 Melius
870 1697 110 64 est
933 1697 110 64 non
996 1697 125 64 esse
1074 1697 125 64 quam
1152 1697 94 64 ad
1199 1697 188 64 tormenta
1340 1697 141 64 esse:
1434 1697 78 64 &
1465 1697 110 64 hoc
1528 1697 172 64 propter
1653 1697 172 64 culpam.
1779 1697 78 64 &
1810 1697 172 64 sumitur
1920 1697 78 64 ibi

202 1746 166 55 melius
319 1746 183 55 abusiue
451 1746 266 55 comparatione
667 1746 183 55 maioris
800 1746 133 55 mali
883 1746 116 55 pro
949 1746 166 55 minori
1066 1746 149 55 malo.
1165 1746 83 55 &
1198 1746 116 55 hoc
1265 1746 133 55 modo
1348 1746 116 55 vel
1414 1746 133 55 illo
1497 1746 266 55 praeeligendo
1713 1746 166 55 mortem
1829 1746 116 55 non
1879 1746 116 55 errat

214 1800 224 73 praeeligens
394 1800 105 73 eam
453 1800 180 73 miseriae
588 1800 165 73 culpae.
708 1800 105 73 Non
768 1800 120 73 enim
843 1800 180 73 intendit
977 1800 165 73 eligere
1097 1800 165 73 aliquid
1217 1800 105 73 per
1277 1800 90 73 se
1322 1800 210 73 eligibile:
1486 1800 105 73 sed
1546 1800 135 73 solum
1636 1800 135 73 minus
1726 1800 180 73 fugibile
1860 1800 90 73 ex
1890 1800 105 73 magis

205 1848 206 64 fugibilis
364 1848 270 64 comparatione:
586 1848 79 64 &
618 1848 111 64 hoc
682 1848 127 64 non,
761 1848 175 64 proprie
888 1848 143 64 istud
983 1848 191 64 eligendo
1126 1848 111 64 sed
1190 1848 143 64 aliud
1285 1848 143 64 magis
1381 1848 206 64 fugiendo,
1539 1848 95 64 vt
1587 1848 159 64 dictum
1698 1848 127 64 est.
1778 1848 79 64 &
1809 1848 111 64 non
1873 1848 111 64 est
1921 1848 79 64 com

206 1904 96 72 tra
261 1904 206 72 Augustinum.
426 1904 110 72 Vnde
495 1904 110 72 quia
563 1904 110 72 isto
632 1904 151 72 duplici
742 1904 110 72 modo
811 1904 192 72 praefertur
962 1904 96 72 non
1017 1904 110 72 esse
1085 1904 110 72 esse
1154 1904 165 72 vitioso,
1278 1904 124 72 dicit
1360 1904 206 72 philosophus
1525 1904 137 72 fortem
1621 1904 179 72 sustinere
1758 1904 151 72 mortem:
1868 1904 96 72 vel
1923 1904 96 72 pro

201 1952 125 68 pter
279 1952 156 68 bonum:
389 1952 109 68 vel
451 1952 172 68 propter
576 1952 109 68 non
638 1952 156 68 turpe:
748 1952 172 68 propter
872 1952 140 68 bonum
966 1952 125 68 maiu
1044 1952 187 68 scilicet
1185 1952 265 68 adipiscendum.
1403 1952 140 68 Bonum
1497 1952 125 68 enim
1575 1952 156 68 magnum
1684 1952 94 68 vt
1731 1952 140 68 dicit
1824 1952 156 68 modici
1918 1952 78 68 tem

208 2018 134 66 poris
297 2018 253 66 praeeligendum
506 2018 179 66 quolibet
640 2018 119 66 alio
715 2018 149 66 pluris
819 2018 194 66 temporis:
968 2018 74 66 &
998 2018 179 66 quamquam
1132 2018 119 66 illo
1206 2018 149 66 maiori
1311 2018 149 66 adepto
1415 2018 134 66 ipsum
1504 2018 74 66 &
1534 2018 119 66 alia
1609 2018 149 66 statim
1713 2018 209 66 perdantur:
1877 2018 104 66 hoc
1922 2018 74 66 non

217 2070 144 68 refert
318 2070 173 68 postquam
448 2070 188 68 aliquando
592 2070 130 68 omnia
678 2070 101 68 per
736 2070 144 68 mortem
837 2070 130 68 erant
924 2070 188 68 perdenda.
1068 2070 87 68 Si
1112 2070 130 68 autem
1198 2070 231 68 aeternaliter
1386 2070 159 68 possent
1501 2070 144 68 minora
1602 2070 115 68 bona
1674 2070 87 68 in
1718 2070 115 68 vita
1790 2070 202 68 possideri,
1934 2070 58 68 se

209 2121 112 68 cus
273 2121 160 68 esset:
385 2121 128 68 quia
465 2121 224 68 aeternitas
641 2121 160 68 semper
753 2121 304 68 praeponderaret.
1009 2121 80 68 &
1041 2121 160 68 quanto
1152 2121 128 68 mors
1232 2121 128 68 tali
1312 2121 112 68 est
1376 2121 144 68 magis
1472 2121 160 68 triste
1584 2121 128 68 quia
1664 2121 144 68 plura
1760 2121 128 68 bona
1840 2121 192 68 amittit:

211 2174 149 71 tanto
311 2174 132 71 opus
393 2174 199 71 virtutis
542 2174 149 71 maius
642 2174 116 71 est
708 2174 83 71 &
741 2174 149 71 magis
840 2174 248 71 delectabile
1039 2174 99 71 ex
1088 2174 149 71 fine.
1187 2174 99 71 vt
1237 2174 165 71 ibidem
1353 2174 149 71 dicit
1452 2174 265 71 commentator.
1667 2174 132 71 Vnde
1750 2174 83 71 &
1783 2174 165 71 subire
1882 2174 116 71 peri-

209 2225 146 66 culum
306 2225 162 66 mortis
420 2225 179 66 propter
550 2225 179 66 modicum
680 2225 146 66 bonum
777 2225 114 66 non
842 2225 114 66 est
907 2225 179 66 fortis:
1037 2225 114 66 sed
1102 2225 162 66 cupidi
1216 2225 162 66 magis.
1329 2225 195 66 secundum
1475 2225 130 66 quod
1557 2225 146 66 dicit
1654 2225 97 66 in
1703 2225 179 66 quarto.
1833 2225 146 66 Minus
1914 2225 81 66 for

212 2284 111 73 tes
275 2284 158 73 parati
386 2284 95 73 ad
434 2284 206 73 pericula:
592 2284 79 73 &
624 2284 142 73 vitam
719 2284 95 73 ad
766 2284 142 73 perua
861 2284 142 73 lucra
956 2284 222 73 conmutant,
1130 2284 95 73 vt
1178 2284 142 73 dicit
1273 2284 253 73 commentator.
1479 2284 158 73 Fortes
1589 2284 111 73 non
1653 2284 222 73 proiiciunt
1827 2284 95 73 se
1874 2284 95 73 in
1906 2284 95 73 peri

207 2350 125 58 cula:
291 2350 125 58 neque
374 2350 97 58 pro
430 2350 236 58 quibuscumque:
624 2350 97 58 sed
680 2350 97 58 pro
736 2350 139 58 magnis
833 2350 139 58 bonis.
930 2350 153 58 propter
1041 2350 97 58 non
1097 2350 125 58 turpe
1180 2350 139 58 autem:
1278 2350 83 58 vt
1320 2350 167 58 scilicet
1445 2350 97 58 non
1500 2350 195 58 succumbant
1653 2350 209 58 turpitudini
1820 2350 139 58 vitii.
1917 2350 97 58 pro

203 2397 129 68 pter
283 2397 145 68 fugam
380 2397 129 68 enim
460 2397 161 68 mortis
573 2397 145 68 esset
669 2397 273 68 vituperandus:
894 2397 80 68 &
926 2397 129 68 modo
1007 2397 177 68 propter
1135 2397 145 68 fugam
1232 2397 145 68 vitii
1328 2397 209 68 incurrens
1489 2397 161 68 mortem
1601 2397 113 68 est
1666 2397 225 68 laudandus,
1842 2397 96 68 vt
1874 2397 113 68 prius

204 2446 156 65 dictum
313 2446 124 65 est.
391 2446 109 65 Sed
453 2446 93 65 si
500 2446 218 65 incurreret
671 2446 156 65 mortem
780 2446 171 65 propter
905 2446 156 65 culpam
1014 2446 171 65 minoris
1138 2446 124 65 mali
1216 2446 124 65 quam
1294 2446 109 65 sit
1356 2446 109 65 non
1418 2446 124 65 esse
1496 2446 187 65 naturae:
1636 2446 93 65 vt
1683 2446 109 65 est
1745 2446 124 65 omne
1823 2446 140 65 malum
1901 2446 93 65 poe-

205 2499 121 69 nae:
281 2499 121 69 tunc
357 2499 137 69 esset
448 2499 137 69 iuste
539 2499 258 69 vituperandus:
751 2499 106 69 nec
812 2499 137 69 esset
903 2499 106 69 hoc
964 2499 121 69 opus
1040 2499 197 69 virtutis.
1191 2499 182 69 secundum
1328 2499 121 69 quod
1404 2499 137 69 dicit
1495 2499 228 69 philosophus
1677 2499 91 69 in
1723 2499 167 69 quarto.
1829 2499 167 69 Fortitudo

207 2553 184 66 medietas
345 2553 108 66 est
406 2553 138 66 circa
499 2553 200 66 ausibilia
652 2553 77 66 &
683 2553 231 66 terribilia.
868 2553 169 66 quoniam
991 2553 138 66 bonum
1083 2553 200 66 desiderat
1237 2553 77 66 &
1267 2553 200 66 sustinet:
1421 2553 108 66 vel
1483 2553 169 66 quoniam
1606 2553 108 66 non
1667 2553 154 66 turpe.
1775 2553 123 66 Mori
1852 2553 138 66 autem
1929 2553 61 66 fu

214 2609 170 67 gientem
337 2609 170 67 inopiam
460 2609 108 67 vel
522 2609 170 67 aliquid
645 2609 170 67 triste:
768 2609 108 67 non
830 2609 154 67 fortis
938 2609 108 67 sed
1000 2609 139 67 magis
1092 2609 170 67 timidi.
1215 2609 200 67 Mollities
1370 2609 92 67 ei
1416 2609 154 67 fugere
1524 2609 216 67 laboriosa.
1693 2609 247 67 Commentator,
1894 2609 123 67 quia

202 2659 110 59 non
265 2659 188 59 sustinet
406 2659 157 59 mortem
516 2659 173 59 propter
642 2659 157 59 bonum:
752 2659 110 59 sed
815 2659 94 59 vt
862 2659 157 59 fugiat
972 2659 141 59 malum
1066 2659 173 59 poenae.
1191 2659 126 59 Vnde
1270 2659 78 59 &
1301 2659 141 59 iuste
1395 2659 235 59 vituperatur
1584 2659 126 59 Cato
1662 2659 157 59 iunior
1772 2659 110 59 qui
1819 2659 173 59 impatiens

202 2717 199 55 seruitutis
358 2717 171 55 Caesaris
487 2717 157 55 seipsum
601 2717 171 55 occidit.
729 2717 85 55 vt
772 2717 128 55 dicit
857 2717 199 55 Augustinus
1014 2717 128 55 libro
1099 2717 85 55 i.
1142 2717 85 55 de
1185 2717 128 55 ciui.
1270 2717 114 55 dei.
1342 2717 157 55 Tullius
1456 2717 128 55 tamen
1541 2717 128 55 primo
1627 2717 128 55 libro
1712 2717 85 55 de
1755 2717 171 55 officio,
1869 2717 128 55 virtuti

200 2768 75 63 &
230 2768 195 63 grauitati
380 2768 180 63 ascribit
514 2768 180 63 Catonis.
649 2768 75 63 &
679 2768 120 63 nisi
754 2768 195 63 fecisset,
903 2768 180 63 caeteris
1038 2768 120 63 quae
1113 2768 135 63 erant
1203 2768 150 63 tantae
1308 2768 224 63 grauitatis,
1487 2768 254 63 inconstantiae
1697 2768 150 63 fuisse
1801 2768 150 63 dicit.
1906 2768 120 63 vnde

208 2824 135 68 dicit
298 2824 180 68 Tullius.
433 2824 150 68 Catoni
537 2824 135 68 autem
627 2824 105 68 cum
687 2824 239 68 incredibilem
882 2824 150 68 natura
986 2824 210 68 tribuisset
1151 2824 224 68 grauitatem,
1330 2824 150 68 eamque
1435 2824 120 68 ipse
1510 2824 180 68 perpetua
1645 2824 210 68 constantia
1794 2824 195 68 roborasset,

209 2877 198 68 semperque
361 2877 91 68 in
407 2877 198 68 proposito
559 2877 229 68 susceptoque
742 2877 183 68 consilio
879 2877 259 68 permansisset,
1093 2877 198 68 moriendum
1245 2877 152 68 potius
1352 2877 122 68 quam
1428 2877 168 68 tyranni
1550 2877 152 68 vultus
1657 2877 229 68 aspiciendus
1840 2877 137 68 fuit.
1916 2877 76 68 Qua

197 2923 100 70 si
247 2923 150 70 turpe
348 2923 84 70 &
381 2923 201 70 vitiosum
532 2923 134 70 fuit
615 2923 117 70 sub
682 2923 201 70 Caesaris
833 2923 217 70 seruitute
1000 2923 217 70 latuisse.
1167 2923 117 70 Sed
1234 2923 117 70 non
1301 2923 134 70 erat
1384 2923 134 70 ita.
1468 2923 201 70 Seruitus
1618 2923 134 70 enim
1702 2923 134 70 illa
1785 2923 117 70 non
1836 2923 150 70 vitium:

196 2975 116 68 sed
263 2975 150 68 poena
363 2975 200 68 fuisset,
512 2975 183 68 seipsum
645 2975 133 68 ergo
728 2975 166 68 nullus
845 2975 166 68 potest
961 2975 166 68 habere
1078 2975 166 68 causam
1194 2975 233 68 occidendi:
1377 2975 133 68 quia
1460 2975 166 68 nuiius
1576 2975 183 68 seipsum
1709 2975 150 68 cogit
1809 2975 100 68 in
1842 2975 150 68 vitium.

206 3039 176 64 Causam
329 3039 158 64 tamen
435 3039 176 64 potest
558 3039 176 64 habere
680 3039 123 64 pro
751 3039 140 64 bono
838 3039 123 64 vel
909 3039 123 64 non
979 3039 158 64 turpi
1084 3039 105 64 se
1137 3039 105 64 ab
1189 3039 140 64 alio
1277 3039 211 64 occidere
1435 3039 281 64 permittendi.
1663 3039 123 64 Pro
1734 3039 211 64 quolibet
1874 3039 123 64 etiam

199 3089 238 85 temporali
382 3089 146 85 bono
473 3089 238 85 amittendo
656 3089 110 85 se
711 3089 219 85 exponere
875 3089 165 85 morti
985 3089 238 85 temporali
1168 3089 91 85 &
1205 3089 183 85 maxime
1333 3089 165 85 morti
1442 3089 219 85 aeternae
1607 3089 165 85 summa
1717 3089 219 85 fatuitas
1881 3089 128 85 est
1936 3089 55 85 &

191 3138 255 89 mollities.
391 3138 128 89 Per
464 3138 164 89 dicta
574 3138 182 89 patent
701 3138 237 89 argumenta
884 3138 237 89 vtriusque
1048 3138 164 89 partis.
