2407 3701
708 220 195 103 Equuntur
854 220 244 103 quaestiones
1049 220 98 103 de
1098 220 163 103 homine
1212 220 244 103 pertinentes
1407 220 98 103 ad
1456 220 163 103 statum
1570 220 179 103 culpae.
1700 220 98 103 Et
1749 220 277 103 proponebantur
1977 220 179 103 quaedam
2107 220 114 103 per

711 303 197 71 tinentia
858 303 99 71 ad
908 303 164 71 statum
1023 303 164 71 culpae
1138 303 246 71 originalis:
1335 303 181 71 quaedam
1466 303 131 71 vero
1548 303 246 71 pertinentia
1745 303 99 71 ad
1795 303 164 71 statum
1910 303 164 71 culpae
2008 303 181 71 actualis.

730 363 174 63 ClRca
845 363 193 63 primum
980 363 308 63 quaerebantur
1231 363 231 63 quatuor.
1405 363 212 63 PRImum.
1559 363 174 63 vtrum
1674 363 251 63 generatus
1867 363 135 63 per
1944 363 251 63 miraculum
2118 363 77 63 ex

714 413 168 65 aliqua
832 413 202 65 portione
983 413 185 65 hominis
1118 413 185 65 infecti
1252 413 218 65 originali
1420 413 218 65 contrahat
1588 413 235 65 originale.
1773 413 218 65 SEcundum.
1941 413 151 65 vtrum
2025 413 168 65 paruulus

707 465 180 65 delatus
838 465 98 65 ad
887 465 213 65 ecclesiam
1051 465 180 65 moriens
1182 465 131 65 ante
1264 465 213 65 baptismum
1428 465 213 65 damnetur.
1592 465 197 65 TERtium.
1739 465 148 65 vtrum
1837 465 197 65 paruulus
1985 465 131 65 iste
2067 465 164 65 aequa-

708 516 127 63 lem
780 516 181 63 poenam
907 516 235 63 sustineat
1087 516 127 63 cum
1160 516 199 63 paruulo
1304 516 235 63 sarraceni
1485 516 253 63 decedentis
1684 516 108 63 in
1738 516 145 63 solo
1829 516 253 63 originali.
2027 516 199 63 QVARtum

716 572 160 70 vtrum
823 572 178 70 debeat
947 572 213 70 sepeliri
1107 572 107 70 in
1160 572 249 70 cimiterio.
1356 572 160 70 ClRca
1462 572 178 70 primum
1587 572 249 70 arguebatur
1782 572 142 70 quod
1871 572 231 70 generatus
2031 572 160 70 miracu-

393 627 95 67 lo
441 627 143 67 adhuc
536 627 206 67 contrahat
694 627 206 67 originale
853 627 95 67 ex
901 627 143 67 Adam,
996 627 127 67 quia
1075 627 190 67 secundum
1218 627 206 67 apostolum
1376 627 143 67 omnes
1472 627 174 67 fuerunt
1598 627 95 67 in
1646 627 143 67 Adam:
1741 627 79 67 &
1773 627 95 67 in
1820 627 127 67 ipso
1900 627 143 67 omnes
1979 627 222 67 peccauerunt.

390 679 139 66 ergo
476 679 87 66 &
511 679 226 66 generatus
685 679 226 66 miraculo.
858 679 122 66 Sed
928 679 156 66 omnes
1032 679 156 66 tales
1136 679 243 66 contrahunt
1327 679 104 66 ab
1379 679 139 66 illo
1466 679 243 66 originale.
1657 679 139 66 ergo
1744 679 122 66 &c.
1813 679 191 66 CONtra.
1952 679 174 66 nuilus
2056 679 139 66 contra

400 735 109 71 hit
463 735 203 71 originale
619 735 125 71 nisi
697 735 156 71 fuerit
806 735 94 71 in
853 735 125 71 Adam
931 735 187 71 secundum
1071 735 203 71 seminalem
1227 735 203 71 rationem.
1384 735 125 71 ldeo
1462 735 125 71 enim
1540 735 187 71 Christus
1680 735 203 71 originale
1836 735 109 71 non
1899 735 218 71 contraxit,
2070 735 94 71 vt
2117 735 109 71 di-

389 790 110 67 cit
452 790 219 67 Augustinus
624 790 156 67 libro.
734 790 94 67 x.
781 790 141 67 super
874 790 125 67 Gen.
953 790 110 67 ca.
1015 790 156 67 xxvii.
1125 790 203 67 Generatus
1281 790 141 67 autem
1375 790 188 67 miraculo
1516 790 110 67 non
1579 790 125 67 fuit
1657 790 94 67 in
1704 790 94 67 eo
1751 790 188 67 secundum
1892 790 203 67 seminalem
2033 790 156 67 rationem

395 843 140 65 quia
482 843 140 65 illa
569 843 122 65 est
639 843 122 65 vis
709 843 279 65 generationis
935 843 227 65 naturalis
1110 843 105 65 in
1162 843 192 65 semine:
1302 843 122 65 qua
1371 843 140 65 iste
1458 843 122 65 non
1528 843 140 65 fuit
1615 843 244 65 generatus.
1807 843 140 65 ergo
1895 843 122 65 &c.
1964 843 209 65 DIcendum
2121 843 105 65 ad

399 897 121 72 hoc:
474 897 121 72 quod
550 897 91 72 in
595 897 151 72 semine
701 897 91 72 de
747 897 106 72 quo
807 897 181 72 formatur
943 897 166 72 hominis
1064 897 166 72 corpus,
1185 897 106 72 non
1246 897 106 72 est
1306 897 197 72 originale
1457 897 197 72 peccatum:
1608 897 121 72 nisi
1684 897 136 72 quasi
1775 897 91 72 in
1820 897 197 72 materiali
1971 897 166 72 radice,
2092 897 76 72 &
2122 897 106 72 qua

404 949 97 67 si
452 949 178 67 quaedam
582 949 194 67 infectio
727 949 178 67 morbosa
856 949 194 67 existens
1002 949 97 67 in
1050 949 162 67 semine
1163 949 210 67 contracta
1325 949 81 67 a
1357 949 226 67 parentibus
1535 949 178 67 propter
1664 949 178 67 fomitem
1793 949 194 67 manentem
1939 949 97 67 in
1987 949 145 67 ipsis
2084 949 97 67 in
2116 949 81 67 poe

397 1004 109 72 nam
460 1004 124 72 post
537 1004 217 72 originalis
708 1004 217 72 ablutionem
878 1004 93 72 in
925 1004 124 72 eis.
1002 1004 93 72 In
1049 1004 140 72 anima
1142 1004 140 72 autem
1235 1004 124 72 tali
1313 1004 171 72 corpori
1437 1004 202 72 coniuncta
1592 1004 109 72 est
1654 1004 140 72 quasi
1747 1004 93 72 in
1794 1004 171 72 formali
1918 1004 248 72 complemento.
2119 1004 109 72 Sed

404 1060 145 75 illam
501 1060 194 75 morbosam
646 1060 242 75 infectionem
840 1060 162 75 aliqui
953 1060 162 75 dicunt
1066 1060 113 75 non
1131 1060 210 75 procedere
1292 1060 81 75 a
1325 1060 210 75 voluntate
1486 1060 145 75 primi
1583 1060 194 75 parentis
1729 1060 129 75 nisi
1809 1060 194 75 mediante
1955 1060 210 75 voluntate
2100 1060 97 75 pro-

406 1105 152 70 ximi.
507 1105 84 70 &
541 1105 118 70 hoc
609 1105 253 70 dupliciter.
811 1105 118 70 Vno
879 1105 152 70 modo,
980 1105 101 70 vt
1031 1105 101 70 ex
1081 1105 219 70 voluntate
1250 1105 152 70 primi
1351 1105 203 70 parentis
1503 1105 186 70 dicatur
1638 1105 219 70 procedere
1807 1105 152 70 dicta
1908 1105 203 70 infectio
2043 1105 152 70 morbosa

410 1175 97 60 in
458 1175 161 60 semine
571 1175 209 60 inquantum
732 1175 145 60 omnes
829 1175 113 60 qui
893 1175 97 60 ab
941 1175 97 60 eo
990 1175 225 60 descendunt
1167 1175 145 60 mouet
1263 1175 177 60 motione
1392 1175 258 60 generationis
1601 1175 113 60 per
1666 1175 193 60 virtutem
1811 1175 177 60 actiuam
1939 1175 97 60 in
1988 1175 242 60 generatione

411 1219 124 67 quae
489 1219 264 67 principaliter
706 1219 78 67 a
738 1219 140 67 patre
831 1219 202 67 procedit.
986 1219 109 67 lta
1048 1219 124 67 quod
1126 1219 186 67 peccatum
1265 1219 202 67 originale
1421 1219 109 67 non
1483 1219 233 67 contraheret
1669 1219 155 67 foetus
1778 1219 78 67 a
1809 1219 140 67 matre
1902 1219 186 67 infecta,
2042 1219 140 67 patre
2119 1219 78 67 non

409 1273 200 65 infecto.
559 1273 133 65 Alio
642 1273 133 65 modo
725 1273 100 65 vt
775 1273 133 65 quia
858 1273 100 65 ex
908 1273 216 65 voluntate
1075 1273 233 65 libidinosa
1258 1273 166 65 primus
1374 1273 166 65 parens
1490 1273 133 65 post
1574 1273 200 65 peccatum
1723 1273 133 65 suum
1806 1273 233 65 generauit:
1989 1273 83 65 &
2006 1273 183 65 generatus

410 1326 248 70 libidinose,
609 1326 215 70 similiter
774 1326 232 70 libidinose
956 1326 199 70 generat:
1105 1326 116 70 per
1171 1326 116 70 hoc
1238 1326 99 70 ex
1287 1326 199 70 libidine
1436 1326 199 70 generati
1585 1326 232 70 contrahunt
1767 1326 232 70 originale.
1949 1326 199 70 Secundum
2081 1326 116 70 istas

418 1376 254 81 positiones
617 1376 218 81 formatus
781 1376 254 81 miraculose
980 1376 109 81 de
1034 1376 163 81 carne
1143 1376 181 81 digiti
1270 1376 127 81 non
1343 1376 272 81 contraheret
1560 1376 254 81 originale.
1760 1376 127 81 SED
1832 1376 163 81 modus
1941 1376 199 81 ponendi
2068 1376 127 81 origi

418 1434 141 61 nalem
513 1434 251 61 traductionem
717 1434 157 61 dictis
827 1434 141 61 modis
921 1434 110 61 non
984 1434 173 61 videtur
1109 1434 236 61 conueniens.
1298 1434 188 61 Peccatum
1439 1434 126 61 enim
1518 1434 204 61 originale
1675 1434 173 61 dicitur
1800 1434 188 61 peccatum
1942 1434 141 61 quasi
2036 1434 188 61 naturae.

410 1487 189 67 Ephesi.
547 1487 120 67 ii.
616 1487 172 67 Eramus
736 1487 172 67 natura
856 1487 154 67 filii
959 1487 154 67 irae.
1062 1487 172 67 Simile
1182 1487 154 67 autem
1285 1487 120 67 est
1354 1487 206 67 quodammo
1508 1487 103 67 de
1560 1487 257 67 traductione
1766 1487 189 67 naturae
1903 1487 189 67 humanae
2041 1487 103 67 ex
2075 1487 120 67 primo

424 1538 179 77 parente,
559 1538 75 77 &
588 1538 209 77 originalis
753 1538 179 77 peccati.
887 1538 105 77 lta
947 1538 120 77 quod
1022 1538 134 77 sicut
1111 1538 164 77 secundo
1231 1538 209 77 generantes
1395 1538 105 77 non
1455 1538 194 77 traducunt
1604 1538 179 77 naturam,
1739 1538 90 77 vt
1784 1538 149 77 natura
1888 1538 120 77 est,
1963 1538 120 77 nisi
2038 1538 120 77 quia
2097 1538 105 77 talem

416 1595 235 72 receperunt
601 1595 84 72 a
635 1595 151 72 primo
735 1595 202 72 parente:
887 1595 118 72 nec
954 1595 134 72 eam,
1038 1595 185 72 propria
1172 1595 185 72 actione
1307 1595 202 72 immutare
1458 1595 185 72 possunt
1592 1595 101 72 in
1643 1595 185 72 aliquo:
1777 1595 118 72 sic
1844 1595 84 72 &
1878 1595 202 72 peccatum
2012 1595 185 72 originale

411 1647 114 72 non
476 1647 212 72 traducunt
639 1647 130 72 nisi
720 1647 98 72 vt
769 1647 146 72 ipsum
866 1647 98 72 in
915 1647 163 72 natura
1029 1647 98 72 ex
1078 1647 146 72 primo
1176 1647 179 72 parente
1306 1647 244 72 acceperunt:
1501 1647 98 72 vt
1550 1647 179 72 propria
1680 1647 179 72 actione
1810 1647 146 72 nihil
1908 1647 98 72 in
1957 1647 130 72 ipsa
2038 1647 195 72 origina-

418 1707 114 64 lis
483 1707 180 64 peccati
614 1707 164 64 natura
728 1707 196 64 immutare
876 1707 196 64 possunt.
1023 1707 98 64 In
1072 1707 262 64 quibuscumque
1284 1707 131 64 ergo
1366 1707 213 64 inuenitur
1530 1707 164 64 natura
1644 1707 98 64 ab
1693 1707 131 64 Adam
1775 1707 114 64 per
1840 1707 196 64 proximos
1987 1707 196 64 parentes
2118 1707 82 64 tra

414 1755 161 75 ducta:
527 1755 129 75 illi
607 1755 161 75 radici
720 1755 225 75 originalis
897 1755 177 75 peccati
1026 1755 177 75 obnoxii
1155 1755 145 75 sunt:
1251 1755 129 75 quia
1332 1755 129 75 ipsa
1412 1755 161 75 natura
1525 1755 177 75 infecta
1654 1755 145 75 quasi
1750 1755 258 75 materialiter
1960 1755 225 75 originalis
2121 1755 81 75 pec

419 1809 111 65 cati
489 1809 84 65 in
530 1809 84 65 se
572 1809 125 65 habet
656 1809 167 65 radicem.
781 1809 97 65 lta
837 1809 111 65 quod
906 1809 167 65 quicquid
1032 1809 84 65 de
1073 1809 111 65 illa
1143 1809 167 65 formatur
1268 1809 153 65 necesse
1380 1809 97 65 est
1435 1809 111 65 quod
1505 1809 125 65 anima
1588 1809 111 65 eius
1658 1809 84 65 ex
1700 1809 223 65 coniunctione
1881 1809 97 65 cum
1936 1809 111 65 illo
2006 1809 181 65 contrahat
2131 1809 70 65 ori

418 1856 191 81 ginale.
557 1856 139 81 Vnde
644 1856 226 81 apostolus
818 1856 278 81 traductionem
1044 1856 243 81 originalis
1235 1856 122 81 non
1305 1856 139 81 nisi
1392 1856 157 81 primo
1496 1856 191 81 parenti
1635 1856 226 81 attribuit
1809 1856 104 81 in
1861 1856 209 81 epistola
2018 1856 104 81 ad
2052 1856 157 81 Romanos

425 1927 102 57 per
484 1927 146 57 totum.
586 1927 117 57 Vnde
659 1927 73 57 &
688 1927 87 57 de
731 1927 204 57 poenalibus
892 1927 277 57 dispositionibus
1125 1927 87 57 in
1169 1927 131 57 nobis
1256 1927 87 57 ex
1300 1927 189 57 originali
1445 1927 175 57 peccato,
1576 1927 131 57 dicit
1664 1927 204 57 Augustinus
1824 1927 131 57 libro
1912 1927 117 57 iii.
1984 1927 87 57 de
2028 1927 146 57 libero
2130 1927 102 57 ar-

414 1973 172 67 bitrio:
539 1973 125 67 quod
618 1973 125 67 ideo
696 1973 188 67 dicuntur
837 1973 188 67 peccata:
977 1973 125 67 quia
1056 1973 94 67 de
1103 1973 172 67 peccato
1228 1973 125 67 illo
1306 1973 156 67 primo.
1415 1973 172 67 liberae
1540 1973 219 67 voluntatis
1713 1973 188 67 originem
1853 1973 172 67 ducunt.
1978 1973 203 67 voluntati
2119 1973 94 67 vero

421 2020 118 63 aut
489 2020 186 63 actioni
624 2020 220 63 alicuius,
793 2020 186 63 proximi
929 2020 203 63 parentis
1081 2020 118 63 eas
1149 2020 118 63 non
1216 2020 237 63 attribuit.
1403 2020 203 63 DIcendum
1555 2020 135 63 ergo
1640 2020 135 63 quod
1724 2020 220 63 traductio
1893 2020 237 63 originalis
2080 2020 118 63 est
2130 2020 85 63 pro

431 2079 130 73 pter
512 2079 277 73 dispositionem
740 2079 195 73 morbosam
886 2079 179 73 naturae
1016 2079 98 73 ex
1065 2079 211 73 voluntate
1228 2079 228 73 peccatrice
1407 2079 146 73 primi
1504 2079 195 73 parentis
1651 2079 228 73 traductae,
1830 2079 114 73 non
1895 2079 98 73 ex
1944 2079 179 73 aliquam
2058 2079 146 73 actione

433 2136 169 69 proximi
556 2136 231 69 generantis.
741 2136 108 69 lta
802 2136 123 69 quod
879 2136 200 69 quacumque
1033 2136 216 69 substantia
1203 2136 200 69 materiali
1357 2136 185 69 traducta
1495 2136 108 69 per
1557 2136 246 69 generationem
1757 2136 200 69 naturalem
1911 2136 108 69 per
1973 2136 154 69 medios
2065 2136 139 69 genito-

416 2189 117 65 res
483 2189 100 65 ex
533 2189 150 65 primo
633 2189 183 65 parente
766 2189 133 65 siue
849 2189 117 65 sit
916 2189 100 65 in
966 2189 166 65 semine
1082 2189 150 65 vnius
1182 2189 216 65 parentis:
1348 2189 117 65 vel
1415 2189 200 65 amborum:
1565 2189 133 65 siue
1648 2189 100 65 in
1698 2189 233 65 substantia
1881 2189 183 65 membri:
2014 2189 100 65 vt
2064 2189 100 65 in
2114 2189 133 65 manu

426 2241 105 65 vel
486 2241 134 65 pede:
575 2241 179 65 quicquid
710 2241 90 65 ex
755 2241 120 65 illa
829 2241 209 65 generetur:
994 2241 120 65 siue
1069 2241 224 65 miraculose:
1248 2241 120 65 siue
1323 2241 194 65 quocumque
1472 2241 120 65 alio
1547 2241 134 65 modo,
1636 2241 120 65 nisi
1711 2241 209 65 substantia
1875 2241 120 65 illa
1950 2241 209 65 materialis
2099 2241 105 65 prius

424 2286 191 83 purgetur
567 2286 80 83 a
599 2286 143 83 dicta
695 2286 175 83 morbosa
822 2286 271 83 dispositione,
1045 2286 96 83 ex
1093 2286 255 83 coniunctione
1300 2286 111 83 cum
1364 2286 175 83 corpore
1491 2286 175 83 formato
1619 2286 96 83 ex
1666 2286 127 83 illa
1746 2286 175 83 materia
1874 2286 207 83 contrahit
2033 2286 143 83 anima
2112 2286 96 83 ori-

425 2347 162 67 ginale
538 2347 210 67 peccatum:
700 2347 97 67 ad
748 2347 146 67 modum
845 2347 113 67 quo
910 2347 97 67 si
959 2347 178 67 aliquis
1088 2347 146 67 lepra
1185 2347 194 67 infectus
1331 2347 162 67 esset,
1444 2347 194 67 quicquid
1589 2347 97 67 ex
1638 2347 129 67 eius
1719 2347 226 67 substantia
1897 2347 226 67 procederet
2075 2347 97 67 ab
2107 2347 97 67 illa

422 2411 187 58 formatum
563 2411 140 58 lepra
656 2411 234 58 inueniretur
843 2411 203 58 infectum.
999 2411 94 58 Si
1046 2411 125 58 vero
1124 2411 171 58 aliquis
1249 2411 203 58 generetur
1404 2411 109 58 per
1467 2411 203 58 miraculum
1623 2411 94 58 de
1669 2411 125 58 alia
1747 2411 218 58 substantia
1919 2411 125 58 quia
1997 2411 78 58 a
2028 2411 140 58 primo
2106 2411 109 58 paren

417 2450 94 65 te
464 2450 203 65 traducta,
620 2450 109 65 vel
683 2450 94 65 de
730 2450 156 65 aliqua
839 2450 219 65 substantia
1011 2450 94 65 ab
1058 2450 125 65 illo
1136 2450 187 65 traducta
1277 2450 141 65 prius
1370 2450 141 65 tamen
1464 2450 78 65 a
1495 2450 141 65 dicta
1589 2450 219 65 infectione
1761 2450 187 65 purgata:
1902 2450 125 65 ille
1980 2450 156 65 nullum
2073 2450 141 65 origina

428 2512 94 74 le
475 2512 250 74 contraheret.
679 2512 110 74 Per
741 2512 110 74 hoc
804 2512 141 74 patet
898 2512 172 74 quomodo
1023 2512 188 74 procedit
1164 2512 219 74 argumentum
1336 2512 172 74 primum.
1461 2512 94 74 AD
1508 2512 203 74 secundum:
1664 2512 125 74 quod
1743 2512 110 74 sic
1805 2512 203 74 generatum
1962 2512 110 74 non
2024 2512 172 74 fuisset
2149 2512 94 74 in

423 2563 120 67 Adam
498 2563 105 67 per
558 2563 196 67 seminalem
709 2563 181 67 rationem
844 2563 135 67 sicut
934 2563 135 67 neque
1025 2563 196 67 Christus:
1175 2563 181 67 Dicendum
1310 2563 90 67 ad
1356 2563 105 67 hoc
1416 2563 120 67 quod
1491 2563 135 67 illud
1581 2563 196 67 generatum
1732 2563 165 67 dicitur
1852 2563 150 67 fuisse
1957 2563 90 67 in
2002 2563 120 67 Adam
2078 2563 105 67 per
2123 2563 90 67 semi

425 2617 135 58 nalem
515 2617 195 58 rationem:
665 2617 165 58 quoniam
786 2617 90 58 ex
831 2617 105 58 suo
891 2617 195 58 principio
1041 2617 195 58 materiali
1191 2617 105 58 sub
1251 2617 135 58 eadem
1342 2617 165 58 ratione
1462 2617 75 58 &
1492 2617 240 58 dispositione
1687 2617 195 58 existente
1837 2617 180 58 formatur
1973 2617 105 58 sub
2033 2617 165 58 quaerat
2153 2617 90 58 in

428 2674 149 56 Adam:
528 2674 83 56 &
561 2674 99 56 ex
610 2674 132 56 ipso
693 2674 215 56 traductum
858 2674 132 56 est:
941 2674 99 56 vt
990 2674 149 56 sicut
1089 2674 116 56 sub
1156 2674 182 56 morbosa
1288 2674 264 56 dispositione
1502 2674 99 56 in
1552 2674 132 56 illo
1635 2674 149 56 fuit:
1734 2674 83 56 &
1767 2674 116 56 sub
1833 2674 132 56 tali
1916 2674 99 56 ab
1965 2674 132 56 illo
2031 2674 182 56 traductum

426 2723 118 65 est:
500 2723 103 65 sic
559 2723 89 65 ab
603 2723 133 65 eadem
692 2723 236 65 dispositione
884 2723 133 65 aliud
972 2723 192 65 generetur
1120 2723 89 65 ex
1164 2723 103 65 eo.
1223 2723 148 65 Quando
1326 2723 133 65 autem
1415 2723 103 65 sub
1474 2723 118 65 alia
1547 2723 236 65 dispositione
1739 2723 89 65 ex
1783 2723 118 65 illo
1857 2723 162 65 aliquid
1975 2723 192 65 generetur
2123 2723 118 65 quam

438 2777 85 63 ex
480 2777 113 63 Adam
551 2777 184 63 traductum
693 2777 113 63 est,
764 2777 156 63 dicitur
878 2777 142 63 corpus
977 2777 184 63 generatum
1119 2777 99 63 non
1175 2777 142 63 fuisse
1275 2777 85 63 in
1317 2777 113 63 Adam
1388 2777 170 63 secundum
1516 2777 184 63 seminalem
1658 2777 184 63 rationem.
1800 2777 85 63 Et
1842 2777 99 63 hoc
1899 2777 113 63 modo
1970 2777 170 63 Christus
2098 2777 113 63 fuit
2154 2777 57 63 in

432 2828 124 70 Adam
510 2828 186 70 secundum
650 2828 233 70 substantiam
836 2828 233 70 corporalem,
1022 2828 124 70 quia
1100 2828 217 70 substantia
1271 2828 202 70 sanguinis
1426 2828 186 70 virginei
1566 2828 93 70 de
1612 2828 124 70 quae
1690 2828 186 70 formatum
1830 2828 124 70 fuit
1907 2828 155 70 corpus
2016 2828 186 70 Christi,
2140 2828 78 70 tra

428 2885 138 58 ducta
520 2885 123 58 fuit
596 2885 291 58 substantialiter
841 2885 92 58 de
887 2885 138 58 Adam:
979 2885 107 58 non
1040 2885 138 58 tamen
1132 2885 184 58 secundum
1270 2885 199 58 seminalem
1423 2885 199 58 rationem,
1577 2885 123 58 quia
1653 2885 107 58 non
1714 2885 107 58 sub
1776 2885 138 58 eadem
1868 2885 245 58 dispositione
2067 2885 138 58 erat:
2143 2885 77 58 cum

430 2938 209 64 Christus
586 2938 209 64 formatus
743 2938 139 64 erat
830 2938 104 64 de
882 2938 157 64 illa:
986 2938 122 64 sub
1056 2938 139 64 quae
1143 2938 226 64 descendit
1317 2938 104 64 de
1369 2938 157 64 Adam.
1473 2938 139 64 Immo
1560 2938 122 64 vel
1630 2938 157 64 mater
1734 2938 191 64 Christi
1873 2938 157 64 prius
1978 2938 191 64 purgata
2100 2938 104 64 erat

422 3001 82 56 &
454 3001 262 56 sanctificata
667 3001 82 56 a
700 3001 164 56 fomite
815 3001 229 56 originalis
995 3001 213 56 priusquam
1158 3001 196 56 Christus
1306 3001 98 56 de
1355 3001 98 56 ea
1404 3001 278 56 conciperetur:
1633 3001 98 56 vt
1682 3001 115 56 non
1748 3001 180 56 haberet
1879 3001 131 56 nisi
1960 3001 147 56 semen
2059 3001 164 56 mundum
2157 3001 49 56 &

429 3042 168 65 purum:
547 3042 118 65 aut
614 3042 151 65 ipsum
715 3042 151 65 semen
815 3042 101 65 in
866 3042 185 65 virgine
1000 3042 252 65 purificatum
1202 3042 134 65 fuit
1286 3042 168 65 omnino
1403 3042 101 65 vt
1453 3042 101 65 ex
1504 3042 134 65 puro
1588 3042 168 65 semine
1705 3042 235 65 formaretur
1890 3042 168 65 corpus
2008 3042 201 65 Christi.
2142 3042 67 65 vt

431 3101 111 85 sic
495 3101 143 85 anima
590 3101 127 85 eius
670 3101 95 85 ex
717 3101 254 85 coniunctione
924 3101 111 85 cum
988 3101 175 85 corpore
1115 3101 127 85 illo
1194 3101 159 85 nullum
1306 3101 207 85 originale
1465 3101 223 85 contrahere
1640 3101 207 85 potuerit.
1799 3101 111 85 Non
1862 3101 111 85 sic
1926 3101 143 85 autem
2021 3101 175 85 oportet
2132 3101 80 85 po
