2442 3730
149 306 359 84 sacramentaliter
452 306 95 84 &
489 306 208 84 virtute
641 306 227 84 verborum
811 306 265 84 sacramenti
1019 306 132 84 sit
1094 306 208 84 aliquid
1246 306 265 84 compositum
1453 306 113 84 ex
1510 306 208 84 materia
1661 306 95 84 &
1699 306 189 84 forma,
1832 306 151 84 quod

148 381 191 63 dicitur
287 381 174 63 corpus
409 381 209 63 Christi:
565 381 209 63 docentes
722 381 139 63 quod
809 381 244 63 substantia
1000 381 157 63 panis
1105 381 261 63 conuertitur
1314 381 104 63 in
1366 381 191 63 aliquid
1505 381 209 63 simplex,
1662 381 104 63 vt
1714 381 226 63 videlicet
1870 381 70 63 so

150 431 106 66 la
203 431 246 66 substantia
397 431 211 66 materiae
555 431 194 66 Christi
696 431 123 66 sit
766 431 211 66 terminus
925 431 440 66 transubstantiationis,
1312 431 106 66 vt
1364 431 176 66 corpus
1488 431 194 66 Christi
1628 431 334 66 sacramentaliter
1892 431 53 66 &

163 488 180 63 virtute
294 488 197 63 verborum
441 488 230 63 sacramenti
622 488 115 63 sit
687 488 312 63 substantialiter
950 488 131 63 sola
1032 488 197 63 materia,
1180 488 246 63 quodocunque
1376 488 180 63 dicatur
1508 488 164 63 corpus
1622 488 197 63 Christi:
1770 488 131 63 ipsi
1852 488 115 63 do-

157 541 145 69 cent
248 541 218 69 Christum
411 541 181 69 negare
538 541 109 69 in
592 541 254 69 sacramento
792 541 218 69 altaris:
955 541 91 69 &
991 541 109 69 si
1045 541 199 69 veritas
1191 541 109 69 se
1245 541 181 69 habeat
1372 541 145 69 modo
1463 541 254 69 contrario,
1662 541 145 69 tunc
1753 541 181 69 docent
1861 541 73 69 ip

138 588 129 69 sum
211 588 184 69 negare
340 588 129 69 qui
414 588 184 69 primum
543 588 166 69 modum
653 588 442 69 transubstantiationis
1040 588 203 69 docent.
1187 588 295 69 Consimiliter
1426 588 129 69 est
1500 588 110 69 in
1555 588 221 69 caeteris
1703 588 239 69 sacramentis

154 648 145 70 puta
245 648 109 70 in
299 648 273 70 matrimonio.
518 648 109 70 Si
572 648 145 70 enim
663 648 273 70 simpliciter
881 648 91 70 &
918 648 218 70 absolute
1081 648 255 70 prohibitum
1281 648 145 70 fuit
1372 648 91 70 a
1409 648 200 70 Christo
1554 648 273 70 matrimonium
1772 648 109 70 in
1809 648 127 70 secun

162 703 105 59 do
215 703 158 59 gradu
320 703 386 59 consanguineitatis:
653 703 88 59 &
688 703 210 59 personae
846 703 140 59 quae
934 703 105 59 in
986 703 140 59 tali
1074 703 158 59 gradu
1179 703 140 59 sibi
1267 703 210 59 attinent
1425 703 175 59 omnino
1547 703 175 59 essent
1670 703 105 59 ad
1705 703 228 59 matrimonium

155 753 294 63 contrahendum
393 753 294 63 illegitimae:
632 753 92 63 &
668 753 128 63 sic
742 753 165 63 nullo
852 753 147 63 modo
943 753 202 63 materia
1090 753 257 63 sacramenti
1292 753 275 63 matrimonii,
1512 753 165 63 sicut
1622 753 165 63 nullo
1732 753 147 63 modo
1806 753 128 63 panis

151 806 255 62 siligineus
351 806 128 62 est
424 806 200 62 materia
570 806 255 62 sacramenti
770 806 219 62 altaris,
935 806 146 62 tunc
1026 806 128 62 qui
1099 806 182 62 docent
1226 806 273 62 matrimonium
1445 806 164 62 posse
1554 806 219 62 contrahi
1718 806 109 62 in
1773 806 200 62 secundo

154 861 169 71 gradu
267 861 412 71 consanguineitatis,
622 861 150 71 siue
716 861 169 71 verbo
828 861 131 71 vel
903 861 169 71 facto
1016 861 206 71 docent,
1165 861 225 71 Christum
1334 861 112 71 in
1390 861 262 71 sacramento
1596 861 262 71 matrimonii
1783 861 150 71 negare

157 915 190 61 docent.
295 915 103 61 Et
346 915 155 61 sicut
450 915 121 61 hoc
519 915 224 61 contingit
691 915 103 61 in
743 915 276 61 sacramentis,
967 915 276 61 consimiliter
1191 915 86 61 &
1225 915 103 61 in
1277 915 190 61 omnibus
1415 915 155 61 aliis
1518 915 138 61 quae
1605 915 224 61 pertinent
1777 915 103 61 ad
1811 915 121 61 fidem

153 968 173 57 maxime
274 968 104 57 in
325 968 225 57 articulis
498 968 173 57 fidei,
619 968 104 57 vt
671 968 225 57 propterea
844 968 207 57 oporteat
999 968 155 57 summe
1103 968 242 57 sollicitam
1293 968 225 57 ecclesiam
1466 968 138 57 esse
1552 968 155 57 circa
1656 968 104 57 ea
1707 968 138 57 quae
1794 968 138 57 sunt
1863 968 69 57 si

158 1024 134 68 dei
235 1024 96 68 &
273 1024 345 68 sacramentorum:
560 1024 115 68 ne
618 1024 192 68 nimium
752 1024 268 68 extendendo
963 1024 192 68 clauem
1097 1024 249 68 scientiae
1289 1024 115 68 in
1347 1024 288 68 doctoribus,
1577 1024 134 68 aut
1653 1024 192 68 clauem
1768 1024 173 68 potesta

153 1085 126 55 tis
225 1085 108 55 in
279 1085 270 55 rectoribus,
495 1085 198 55 excedat
638 1085 198 55 limites
782 1085 90 55 &
818 1085 216 55 terminos
980 1085 162 55 circa
1088 1085 108 55 ea
1142 1085 144 55 quae
1232 1085 144 55 sunt
1322 1085 162 55 fidei
1430 1085 90 55 &
1466 1085 306 55 sacramentorum
1717 1085 90 55 a
1753 1085 198 55 Christo
1879 1085 72 55 po

153 1126 172 67 sitos,
273 1126 86 67 &
307 1126 103 67 ab
359 1126 223 67 apostolis
530 1126 103 67 ad
582 1126 120 67 nos
650 1126 120 67 vel
719 1126 206 67 scripto,
873 1126 120 67 vel
942 1126 257 67 obseruantia
1148 1126 223 67 deductos.
1319 1126 154 67 iuxta
1422 1126 154 67 illud
1525 1126 206 67 Prouerb.
1680 1126 154 67 xxii.
1783 1126 103 67 Ne
1817 1126 120 67 trans

149 1183 233 69 grediaris
328 1183 215 69 terminos
489 1183 215 69 antiquos
650 1183 143 69 quos
739 1183 233 69 posuerunt
918 1183 179 69 patres
1044 1183 143 69 tui.
1133 1183 161 69 iuxta
1240 1183 161 69 illud
1348 1183 143 69 quod
1437 1183 161 69 dicit
1544 1183 161 69 loan.
1652 1183 161 69 Dama.
1759 1183 107 69 in
1795 1183 143 69 princi

153 1241 121 71 pio
222 1241 278 71 sententiarum
448 1241 191 71 suarum.
586 1241 156 71 Omnia
691 1241 139 71 quae
777 1241 191 71 tradita
916 1241 139 71 sunt
1003 1241 174 71 nobis,
1124 1241 87 71 &
1159 1241 121 71 per
1229 1241 174 71 legem,
1350 1241 87 71 &
1385 1241 243 71 prophetas,
1576 1241 87 71 &
1610 1241 243 71 apostolos,
1801 1241 87 71 &
1819 1241 121 71 euan-

153 1290 240 70 gelistas,
337 1290 258 70 suscipimus
540 1290 92 70 &
576 1290 258 70 veneramur,
779 1290 166 70 nihil
890 1290 166 70 vltra
1000 1290 129 70 hoc
1074 1290 295 70 inquirentes.
1313 1290 166 70 Bonus
1424 1290 147 70 enim
1516 1290 221 70 existens
1682 1290 147 70 deus
1774 1290 111 70 vt
1811 1290 129 70 omnia

153 1346 182 64 sciens,
286 1346 83 64 &
319 1346 132 64 quod
401 1346 182 64 confert
533 1346 215 64 vnicuique
698 1346 231 64 prouidens,
880 1346 132 64 quod
962 1346 149 64 vtile
1061 1346 116 64 est
1127 1346 149 64 nobis
1226 1346 231 64 cognoscere
1408 1346 231 64 reuelauit:
1589 1346 132 64 quid
1672 1346 149 64 autem
1771 1346 116 64 non
1820 1346 116 64 pote-

148 1398 170 60 ramus
261 1398 170 60 ferre
374 1398 207 60 siluit.
525 1398 132 60 Hoc
601 1398 132 60 nos
676 1398 264 60 diligamus,
884 1398 94 60 &
921 1398 113 60 in
978 1398 132 60 his
1054 1398 245 60 maneamus,
1242 1398 94 60 &
1280 1398 132 60 non
1355 1398 264 60 transeamus
1563 1398 226 60 terminos
1733 1398 245 60 aeternos:

157 1451 85 61 &
191 1451 152 61 neque
292 1451 237 61 transeamus
479 1451 186 61 diuinam
614 1451 271 61 traditionem.
834 1451 152 61 lusti
936 1451 152 61 autem
1037 1451 102 61 si
1088 1451 220 61 aliquando
1257 1451 152 61 forte
1359 1451 186 61 videant
1494 1451 118 61 eos
1562 1451 254 61 transgredi,
1765 1451 118 61 vel
1816 1451 118 61 verbo

155 1506 126 69 vel
227 1506 180 69 facto,
353 1506 198 69 faciunt
498 1506 144 69 quid
588 1506 162 69 dicit
696 1506 252 69 Augustinus
894 1506 126 69 vbi
966 1506 180 69 supra.
1093 1506 108 69 Et
1147 1506 198 69 videmus
1291 1506 90 69 &
1327 1506 252 69 toleramus,
1525 1506 90 69 &
1561 1506 198 69 quantum
1706 1506 216 69 possumus
1850 1506 90 69 re-

155 1556 210 75 primere
308 1556 210 75 conamur
461 1556 287 75 disputando,
690 1556 306 75 conuincendo,
938 1556 248 75 terrendo:
1129 1556 134 75 tum
1206 1556 172 75 omnes
1321 1556 268 75 diligendo:
1531 1556 96 75 &
1569 1556 134 75 cum
1645 1556 134 75 hoc
1722 1556 172 75 nobis
1817 1556 115 75 agen

157 1613 161 76 tibus
265 1613 269 76 perseuerant
479 1613 107 76 in
533 1613 161 76 malo,
641 1613 107 76 ex
694 1613 251 76 abundantia
891 1613 269 76 iniquitatis
1106 1613 143 76 est.
1196 1613 143 76 QVAE
1285 1613 143 76 vero
1375 1613 215 76 ecclesia
1536 1613 161 76 circa
1644 1613 269 76 sacramenta,
1858 1613 90 76 &
1876 1613 72 76 ea

156 1668 134 64 quae
240 1668 134 64 sunt
324 1668 151 64 fidei
425 1668 118 64 non
492 1668 151 64 tenet
593 1668 101 64 in
643 1668 218 64 scriptis,
811 1668 118 64 sed
879 1668 101 64 in
929 1668 286 64 obseruantiis:
1164 1668 168 64 certum
1282 1668 118 64 est
1349 1668 151 64 etiam
1450 1668 134 64 quod
1534 1668 134 64 illa
1618 1668 101 64 ab
1668 1668 252 64 obseruantia
1853 1668 84 64 apo

157 1718 195 61 stolorum
303 1718 81 61 &
335 1718 179 61 aliorum
465 1718 276 61 discipulorum,
692 1718 114 61 vel
757 1718 195 61 exemplo,
903 1718 114 61 vel
968 1718 146 61 verbo
1066 1718 195 61 recepit:
1212 1718 81 61 &
1244 1718 130 61 quod
1325 1718 97 61 ad
1374 1718 114 61 nos
1439 1718 130 61 sunt
1520 1718 179 61 deducta
1650 1718 97 61 ex
1699 1718 211 61 ecclesiae
1845 1718 97 61 gene

158 1772 154 62 ralis
260 1772 291 62 obseruantiis:
500 1772 120 62 vel
568 1772 85 62 a
602 1772 239 62 generalium
790 1772 256 62 conciliorum
996 1772 342 62 instructionibus.
1286 1772 205 62 secundum
1440 1772 137 62 quod
1526 1772 239 62 Augustinus
1714 1772 103 62 in
1748 1772 188 62 principio

152 1825 165 73 primi
261 1825 165 73 libri
371 1825 110 73 ad
426 1825 347 73 interrogationes
718 1825 238 73 lanuarii,
901 1825 183 73 dicit.
1029 1825 128 73 Sic
1102 1825 183 73 tenere
1230 1825 110 73 te
1285 1825 146 73 volo
1376 1825 201 73 dominum
1523 1825 201 73 nostrum
1669 1825 165 73 lesum
1760 1825 183 73 Christum

148 1880 161 66 sicut
256 1880 143 66 ipse
345 1880 107 66 in
399 1880 233 66 euangelio
578 1880 233 66 loquitur:
757 1880 143 66 leui
847 1880 143 66 iugo
936 1880 125 66 suo
1008 1880 125 66 nos
1079 1880 251 66 subdidisse
1276 1880 90 66 &
1312 1880 215 66 sarcinae
1473 1880 161 66 leui.
1581 1880 143 66 Vnde
1670 1880 269 66 sacramentis
1867 1880 72 66 nu

155 1933 131 71 mero
237 1933 263 71 paucissimis,
450 1933 263 71 obseruatione
664 1933 247 71 facillimis,
861 1933 296 71 significatione
1108 1933 329 71 praestantissimis
1387 1933 230 71 societatem
1568 1933 131 71 noui
1650 1933 164 71 populi
1749 1933 197 71 colligauit

149 1988 162 68 sicut
257 1988 126 68 est
329 1988 234 68 baptismus
509 1988 252 68 trinitatis
707 1988 180 68 nomine
833 1988 288 68 consecratus,
1067 1988 216 68 communio
1229 1988 216 68 corporis
1391 1988 90 68 &
1427 1988 234 68 sanguinis
1607 1988 198 68 ipsius,
1751 1988 108 68 et
1805 1988 108 68 si
1841 1988 90 68 ali

161 2042 146 70 quid
252 2042 164 70 aliud
362 2042 256 70 scripturis
562 2042 237 70 canonicis
745 2042 292 70 commendatur.
982 2042 146 70 Illa
1074 2042 164 70 autem
1183 2042 146 70 quae
1275 2042 128 70 non
1348 2042 219 70 scripta,
1512 2042 128 70 sed
1585 2042 201 70 tradita
1713 2042 219 70 custodimus

160 2098 142 68 quae
249 2098 178 68 quidem
374 2098 142 68 toto
462 2098 213 68 terrarum
622 2098 142 68 orbe
711 2098 284 68 obseruantur,
942 2098 178 68 dantur
1067 2098 231 68 intelligi
1245 2098 124 68 vel
1316 2098 107 68 ab
1369 2098 160 68 ipsis
1476 2098 231 68 apostolis
1654 2098 124 68 vel
1725 2098 89 68 a
1742 2098 196 68 plenariis

155 2156 252 62 conciliis:
353 2156 180 62 quorum
478 2156 126 62 est
550 2156 108 62 in
604 2156 216 62 ecclesia
766 2156 270 62 saluberrima
982 2156 252 62 auctoritas
1179 2156 252 62 commendata
1377 2156 162 62 atque
1485 2156 198 62 statuta
1629 2156 198 62 teneri.
1772 2156 144 62 Alia
1844 2156 90 62 ve-

161 2206 104 66 ro
213 2206 139 66 quae
299 2206 121 66 per
369 2206 139 66 loca
456 2206 208 66 terrarum
612 2206 260 66 regionesque
820 2206 243 66 variantur,
1011 2206 191 66 liberas
1150 2206 174 66 habent
1271 2206 312 66 obseruationes.
1532 2206 121 66 Nec
1601 2206 243 66 disciplina
1792 2206 121 66 est
1862 2206 104 66 in

156 2257 127 61 his
228 2257 145 61 vlla
319 2257 181 61 melior
446 2257 163 61 graui
554 2257 272 61 prudentique
772 2257 254 61 christiano
971 2257 145 61 nisi
1062 2257 109 61 vt
1116 2257 109 61 eo
1170 2257 145 61 modo
1261 2257 145 61 agat
1351 2257 127 61 quo
1424 2257 163 61 agere
1533 2257 199 61 viderit
1677 2257 235 61 ecclesiam
1859 2257 109 61 ad

152 2309 150 70 quam
246 2309 169 70 forte
359 2309 263 70 deuenerit.
565 2309 150 70 Vnde
659 2309 150 70 etsi
753 2309 94 70 a
790 2309 206 70 talibus
940 2309 113 70 in
997 2309 188 70 aliquo
1128 2309 131 70 per
1203 2309 206 70 aliquam
1353 2309 338 70 subtractionem,
1635 2309 131 70 aut
1691 2309 244 70 mutationem,

150 2376 125 55 aut
222 2376 232 55 contrarii
400 2376 250 55 additionem
596 2376 214 55 ecclesia
757 2376 232 55 deuiaret,
935 2376 125 55 hoc
1006 2376 268 55 inspicienti
1220 2376 214 55 antiquas
1381 2376 232 55 ecclesiae
1559 2376 303 55 consuetudines
1809 2376 161 55 atque

157 2430 262 51 obseruantias
369 2430 82 51 &
402 2430 196 51 registra
549 2430 245 51 patefieret.
746 2430 115 51 lta
811 2430 131 51 quod
893 2430 147 51 vltra
991 2430 98 51 id
1040 2430 131 51 quod
1122 2430 98 51 in
1171 2430 196 51 scriptis
1318 2430 180 51 diuinae
1449 2430 229 51 scientiae,
1629 2430 115 51 vel
1695 2430 98 51 in
1727 2430 213 51 consuetudi-

151 2467 166 71 nibus
261 2467 92 71 &
298 2467 295 71 obseruantiis
538 2467 92 71 &
575 2467 240 71 registris
759 2467 240 71 ecclesiae
944 2467 258 71 inuenitur,
1147 2467 277 71 periculosum
1368 2467 129 71 est
1442 2467 203 71 rectori
1589 2467 92 71 &
1626 2467 203 71 doctori
1774 2467 203 71 aliquid

155 2531 268 62 attentare.
366 2531 115 62 Si
423 2531 153 62 enim
519 2531 192 62 alicui
653 2531 172 62 horum
768 2531 268 62 contrarium
978 2531 153 62 fiat
1074 2531 134 62 vel
1151 2531 249 62 doceatur,
1342 2531 172 62 totum
1457 2531 230 62 residuum
1630 2531 115 62 in
1687 2531 192 62 dubium
1802 2531 134 62 reuo-

151 2574 170 70 catur,
270 2574 102 70 vt
321 2574 153 70 eadem
423 2574 187 70 ratione
559 2574 238 70 contrarium
746 2574 136 70 eius
831 2574 153 70 fieri
933 2574 187 70 possit,
1069 2574 119 70 aut
1137 2574 187 70 doceri.
1273 2574 255 70 Quemadmodum
1477 2574 102 70 si
1528 2574 136 70 vnum
1613 2574 221 70 mendacium
1766 2574 170 70 scriptum

155 2634 265 64 concedatur
363 2634 114 64 in
420 2634 189 64 canone
553 2634 189 64 sacro,
686 2634 133 64 non
761 2634 133 64 est
837 2634 189 64 aliqua
970 2634 246 64 particula
1159 2634 114 64 in
1216 2634 114 64 eo
1273 2634 152 64 quae
1368 2634 114 64 in
1424 2634 189 64 dubium
1557 2634 189 64 vocari
1690 2634 133 64 non
1765 2634 189 64 potest
1879 2634 57 64 &

149 2688 223 62 mendacio
317 2688 260 62 deturpari.
521 2688 167 62 luxta
632 2688 167 62 illud
744 2688 149 62 quod
836 2688 167 62 dicit
948 2688 260 62 Augustinus
1152 2688 111 62 in
1208 2688 223 62 epistola
1375 2688 167 62 prima
1486 2688 111 62 ad
1542 2688 186 62 Hiero.
1672 2688 204 62 Admisso
1802 2688 130 62 semel

152 2749 104 60 in
204 2749 173 60 tantum
325 2749 277 60 auctoritatis
550 2749 225 60 fastigium
723 2749 225 60 officioso
897 2749 173 60 aliquo
1018 2749 225 60 mendacio,
1191 2749 156 60 nulla
1295 2749 191 60 illorum
1434 2749 208 60 librorum
1590 2749 225 60 particula
1745 2749 191 60 remanebit

161 2793 137 73 quae
246 2793 120 73 non
315 2793 205 73 vtcunque
468 2793 222 73 videbitur
639 2793 103 73 ad
691 2793 154 73 fidem
793 2793 290 73 incredibilis.
1032 2793 103 73 Et
1084 2793 103 73 in
1135 2793 205 73 epistola
1289 2793 205 73 secunda.
1442 2793 103 73 Si
1494 2793 103 73 ad
1545 2793 239 73 scripturas
1733 2793 188 73 sanctas
1870 2793 103 73 ad

151 2850 161 65 missa
258 2850 197 65 fuerint
401 2850 232 65 officiosa
580 2850 232 65 mendacia,
759 2850 143 65 quid
848 2850 107 65 in
902 2850 125 65 eis
974 2850 232 65 remanebit
1152 2850 304 65 auctoritatis:
1403 2850 143 65 quae
1492 2850 179 65 tandem
1617 2850 107 65 de
1671 2850 250 65 scripturis
1850 2850 89 65 il-

157 2901 143 73 lis.
247 2901 233 73 sententia
425 2901 250 73 proferatur
622 2901 161 73 cuius
730 2901 197 73 pondere
873 2901 286 73 contentiosae
1105 2901 250 73 falsitatis
1302 2901 250 73 occaecetur
1499 2901 268 73 improbitas:
1713 2901 179 73 Statim
1821 2901 107 73 enim

161 2959 95 63 vt
209 2959 238 63 protuleris,
399 2959 95 63 si
447 2959 159 63 aliter
558 2959 143 63 sapit
653 2959 111 63 qui
716 2959 159 63 contra
827 2959 222 63 innititur,
1002 2959 143 63 dicit
1097 2959 143 63 illud
1192 2959 127 63 quod
1271 2959 190 63 prolatum
1414 2959 111 63 est
1477 2959 174 63 honesto
1604 2959 159 63 aliquo
1715 2959 174 63 officio
1826 2959 111 63 scri-

157 3019 171 60 ptorem
277 3019 137 60 esse
363 3019 120 60 vel
431 3019 171 60 fuisse
551 3019 223 60 mentitum.
723 3019 223 60 Similiter
894 3019 137 60 dico
980 3019 103 60 in
1031 3019 240 60 proposito:
1220 3019 137 60 quod
1306 3019 154 60 semel
1408 3019 189 60 admisso
1546 3019 103 60 in
1597 3019 171 60 tantum
1700 3019 240 60 auctoritatis

152 3073 231 63 fastigium
330 3073 178 63 aliquo
454 3073 249 63 contrario,
649 3073 124 63 vel
720 3073 107 63 in
773 3073 178 63 dicto,
898 3073 124 63 vel
969 3073 107 63 in
1022 3073 178 63 opere,
1146 3073 160 63 nulla
1253 3073 178 63 ipsius
1377 3073 231 63 particula
1555 3073 231 63 remanebit
1732 3073 142 63 quae
1821 3073 124 63 non
1874 3073 71 63 vi

148 3127 197 58 debitur
291 3127 107 58 ad
345 3127 161 58 fidem
453 3127 304 58 incredibilis,
703 3127 143 58 quin
793 3127 287 58 consimiliter
1026 3127 107 58 in
1079 3127 107 58 ea
1133 3127 251 58 contrarium
1330 3127 179 58 possit
1455 3127 215 58 admitti.
1617 3127 107 58 Et
1670 3127 125 58 sic
1742 3127 125 58 non
1796 3127 143 58 remane

148 3174 130 80 bit
223 3174 204 80 aliquid
371 3174 130 80 quo
445 3174 296 80 haereticorum
685 3174 259 80 improbitas
889 3174 278 80 contrarians
1111 3174 130 80 eis
1185 3174 148 80 quae
1278 3174 167 80 fidei
1389 3174 167 80 sunt,
1500 3174 93 80 &
1537 3174 333 80 sacramentorum,
1796 3174 148 80 possit
