2413 3727
448 256 208 96 obtundi:
604 256 121 96 sed
673 256 208 96 quicquid
829 256 208 96 prolatum
985 256 191 96 fuerit,
1123 256 191 96 tanquam
1262 256 173 96 firmum
1383 256 87 96 &
1418 256 191 96 stabile
1556 256 156 96 dicet
1660 256 139 96 ille
1747 256 121 96 qui
1816 256 242 96 contrarium
2007 256 191 96 sentit,
2145 256 139 96 quod

446 335 148 66 immo
539 335 222 66 mutabile
706 335 130 66 est
780 335 167 66 eadem
891 335 204 66 ratione
1039 335 130 66 qua
1113 335 93 66 &
1150 335 204 66 aliquid
1299 335 222 66 aliorum.
1465 335 93 66 &
1502 335 130 66 sic
1577 335 111 66 in
1632 335 204 66 omnibus
1780 335 241 66 scriptura
1966 335 93 66 &
2003 335 241 66 ecclesiae
2188 335 111 66 ob

457 397 240 77 scruantia
641 397 111 77 in
696 397 184 77 dubium
825 397 295 77 reuocabitur:
1065 397 92 77 &
1102 397 203 77 peribit
1250 397 184 77 fides:
1379 397 92 77 &
1416 397 129 77 per
1489 397 258 77 consequens
1692 397 221 77 potestas
1858 397 258 77 ecclesiae.
2061 397 111 77 Vt
2116 397 148 77 ergo
2190 397 74 77 om

452 453 127 74 nia
524 453 253 74 inconcusse
723 453 253 74 teneantur,
922 453 109 74 in
977 453 199 74 omnibus
1121 453 253 74 statuendis
1320 453 217 74 seruanda
1483 453 127 74 est
1555 453 163 74 ratio
1664 453 163 74 legis
1773 453 217 74 naturae,
1935 453 90 74 &
1972 453 253 74 auctoritas
2152 453 109 74 scri

451 507 188 62 pturae,
588 507 85 62 &
622 507 222 62 ecclesiae
792 507 256 62 consuetudo,
997 507 137 62 quia
1083 507 102 62 vt
1134 507 154 62 dicit
1236 507 239 62 Augustinus
1424 507 154 62 iiii.
1527 507 102 62 de
1578 507 239 62 Trinitate,
1766 507 171 62 Contra
1885 507 205 62 rationem
2039 507 137 62 nemo
2107 507 154 62 sobrius

449 565 183 70 contra
577 565 256 70 scripturas
778 565 146 70 nemo
870 565 293 70 christianus,
1107 565 183 70 contra
1235 565 238 70 ecclesiam
1418 565 146 70 nemo
1510 565 238 70 pacificus
1693 565 238 70 senserit.
1876 565 146 70 Quia
1967 565 146 70 ergo
2059 565 110 70 in
2095 565 165 70 argumen

451 613 105 71 to
503 613 245 71 assumitur:
695 613 140 71 quod
782 613 210 71 ecclesia
940 613 157 71 mutat
1045 613 157 71 circa
1149 613 210 71 materiam
1307 613 245 71 sacramenti
1499 613 297 71 poenitentiae:
1743 613 210 71 Dicendum
1901 613 140 71 quod
1988 613 192 71 persona
2110 613 140 71 ratio-

441 663 167 64 nalis
553 663 185 64 habens
682 663 148 64 vsum
775 663 185 64 liberi
904 663 222 64 arbitrii
1071 663 130 64 per
1145 663 278 64 sacramentum
1367 663 222 64 baptismi
1533 663 204 64 renata,
1681 663 204 64 subdita
1829 663 222 64 regimini
1996 663 259 64 sacerdotis
2181 663 74 64 cu

448 717 117 68 ius
515 717 117 68 est
582 717 235 68 absoluere,
767 717 84 68 &
800 717 235 68 poenitens,
984 717 84 68 &
1018 717 218 68 confessa,
1186 717 117 68 est
1253 717 251 68 essentialis
1454 717 184 68 materia
1588 717 235 68 sacramenti
1772 717 285 68 poenitentiae:
2007 717 117 68 ita
2074 717 134 68 quod
2141 717 117 68 circa

449 768 247 81 suppositum
643 768 282 81 irrationale,
872 768 123 81 aut
943 768 159 81 circa
1049 768 211 81 personam
1207 768 317 81 intellectualem
1472 768 229 81 daemonis,
1648 768 123 81 aut
1718 768 159 81 circa
1824 768 211 81 personam
1983 768 194 81 hominis
2106 768 141 81 fatui,

441 825 116 62 aut
508 825 149 62 circa
607 825 199 62 personam
756 825 182 62 hominis
889 825 116 62 non
955 825 232 62 baptizati,
1137 825 116 62 aut
1203 825 133 62 quae
1286 825 116 62 non
1353 825 116 62 est
1419 825 199 62 subiecta
1568 825 215 62 sacerdoti
1733 825 116 62 qui
1800 825 149 62 debet
1899 825 149 62 ipsam
1999 825 232 62 absoluere,
2164 825 83 62 aut

454 876 131 75 non
529 876 243 75 poenitens
716 876 131 75 nec
791 876 243 75 confessa,
977 876 280 75 sacramentum
1202 876 299 75 poenitentiae
1445 876 262 75 efficaciam
1650 876 187 75 habere
1781 876 131 75 non
1856 876 224 75 poterit.
2024 876 131 75 Nec
2099 876 131 75 quo
2173 876 112 75 ad

460 930 194 66 huiusmodi
609 930 224 66 conditiones
789 930 179 66 ecclesia
923 930 149 66 potest
1028 930 179 66 immutare
1162 930 179 66 aliquid,
1297 930 90 66 vt
1342 930 120 66 quod
1416 930 164 66 aliquis
1536 930 149 66 (uerbi
1640 930 120 66 gera
1715 930 90 66 in
1760 930 164 66 vltimis
1879 930 164 66 duobus.
1999 930 179 66 scilicet
2133 930 105 66 non
2178 930 75 66 poe

441 994 195 68 nitens,
583 994 124 68 aut
654 994 124 68 non
725 994 231 68 confessus
902 994 266 68 absoluatur.
1115 994 195 68 Caetera
1257 994 160 68 autem
1363 994 284 68 accidentalia
1594 994 160 68 sunt,
1700 994 89 68 &
1736 994 248 68 dispositio
1931 994 160 68 circa
2037 994 106 68 ea
2073 994 177 68 commissa

456 1045 124 56 est
527 1045 231 56 ministris
705 1045 249 56 ecclesiae:
900 1045 266 56 quemadmodum
1113 1045 142 56 opus
1202 1045 160 56 artis
1308 1045 266 56 accidentale
1521 1045 124 56 est
1592 1045 160 56 circa
1699 1045 142 56 opus
1788 1045 213 56 naturae.
1947 1045 107 56 Et
2001 1045 107 56 de
2054 1045 178 56 numero
2160 1045 89 56 ac-

455 1099 221 58 cidentalium
632 1099 103 58 est
691 1099 118 58 esse
765 1099 177 58 subditum
898 1099 118 58 huic
972 1099 207 58 sacerdoti,
1134 1099 103 58 aut
1193 1099 133 58 illi,
1282 1099 118 58 quia
1356 1099 177 58 subditus
1488 1099 103 58 vni
1548 1099 103 58 per
1607 1099 192 58 ecclesiam
1754 1099 148 58 potest
1857 1099 177 58 subtrahi
1990 1099 118 58 ipsi
2064 1099 74 58 &
2094 1099 162 58 subiici
2197 1099 59 58 al

455 1147 125 77 teri:
539 1147 97 77 ita
594 1147 111 77 quod
664 1147 97 77 non
719 1147 139 77 potest
817 1147 153 77 absolui
928 1147 264 77 sacramentaliter
1150 1147 111 77 nisi
1220 1147 97 77 sit
1276 1147 181 77 subditus.
1415 1147 111 77 Dico
1484 1147 83 77 de
1526 1147 209 77 mortalibus.
1693 1147 153 77 accidit
1804 1147 125 77 tamen
1887 1147 83 77 ei
1929 1147 111 77 quod
1999 1147 97 77 sit
2054 1147 167 77 subditus
2166 1147 83 77 isti

457 1204 72 73 &
485 1204 143 73 possit
586 1204 158 73 absolui
700 1204 86 73 ab
743 1204 129 73 isto:
829 1204 100 73 aut
887 1204 129 73 illi,
973 1204 72 73 &
1001 1204 115 73 quod
1073 1204 143 73 possit
1173 1204 158 73 absolui
1288 1204 86 73 ab
1331 1204 129 73 illo.
1417 1204 229 73 Consimiliter
1603 1204 229 73 respondendum
1789 1204 100 73 est
1847 1204 86 73 ad
1890 1204 158 73 aliquae
2004 1204 86 73 de
2047 1204 158 73 materia
2162 1204 86 73 in
2191 1204 57 73 ma

455 1262 201 63 trimonio
606 1262 134 63 quod
689 1262 184 63 materia
823 1262 134 63 eius
907 1262 134 63 sunt
991 1262 117 63 vir
1057 1262 84 63 &
1091 1262 167 63 mulier
1208 1262 134 63 vsum
1292 1262 167 63 liberi
1409 1262 201 63 arbitrii
1559 1262 201 63 habentes
1710 1262 151 63 vltra
1810 1262 167 63 gradum
1927 1262 84 63 a
1961 1262 167 63 diuina
2078 1262 134 63 lege
2161 1262 117 63 at-

455 1311 229 65 tinentes,
631 1311 88 65 &
667 1311 123 65 per
737 1311 229 65 consensum
913 1311 229 65 ecclesiae
1089 1311 299 65 conuenientes.
1336 1311 123 65 ita
1406 1311 141 65 quod
1494 1311 141 65 nisi
1582 1311 141 65 sint
1670 1311 158 65 tales
1776 1311 264 65 matrimonium
1987 1311 246 65 efficaciam
2163 1311 88 65 cir

455 1365 110 61 ca
510 1365 165 61 illos
620 1365 183 61 habere
748 1365 128 61 non
821 1365 202 61 potest.
968 1365 147 61 Vnde
1060 1365 147 61 etsi
1152 1365 165 61 aliae
1262 1365 275 61 conditiones
1482 1365 202 61 adsint,
1628 1365 92 61 &
1665 1365 220 61 ecclesia
1830 1365 238 61 dissensum
2014 1365 147 61 suum
2105 1365 128 61 per
2160 1365 92 61 ge-

444 1409 179 81 nerale
569 1409 215 81 statutum
730 1409 161 81 circa
838 1409 125 81 eos
909 1409 161 81 prius
1017 1409 250 81 expressit,
1213 1409 268 81 matrimonium
1428 1409 250 81 efficaciam
1625 1409 179 81 habere
1750 1409 125 81 non
1822 1409 197 81 potest.
1965 1409 107 81 In
2018 1409 125 81 hoc
2090 1409 143 81 enim
2162 1409 89 81 om-

457 1478 120 69 nes
526 1478 155 69 sicut
629 1478 155 69 filii
732 1478 224 69 pertinent
904 1478 103 69 ad
955 1478 224 69 generalem
1127 1478 189 69 tutelam
1265 1478 241 69 ecclesiae,
1454 1478 103 69 vt
1506 1478 155 69 vltra
1609 1478 172 69 gradus
1729 1478 241 69 prohibitos
1918 1478 86 69 a
1953 1478 138 69 iure
2039 1478 172 69 diuino
2142 1478 103 69 pro-

443 1522 176 75 hibere
567 1522 176 75 potest
690 1522 159 75 alios
796 1522 176 75 gradus
920 1522 88 75 &
955 1522 212 75 personas
1114 1522 176 75 facere
1237 1522 282 75 illegitimas.
1467 1522 159 75 cuius
1573 1522 229 75 potentiam
1749 1522 106 75 se
1802 1522 159 75 nouit
1908 1522 176 75 habere
2031 1522 106 75 ex
2084 1522 194 75 antiquo

447 1585 130 64 vsu
522 1585 335 64 praedecessorum
801 1585 205 64 suorum,
950 1585 130 64 qui
1024 1585 167 64 patet
1136 1585 112 64 ex
1192 1585 242 64 registris
1378 1585 223 64 antiquis
1545 1585 112 64 in
1601 1585 186 64 corpus
1731 1585 167 64 iuris
1843 1585 242 64 redactis,
2029 1585 93 64 &
2066 1585 130 64 non
2122 1585 130 64 reda-

453 1633 163 72 ctis.
562 1633 145 72 Vnde
652 1633 109 72 de
706 1633 145 72 nouo
797 1633 199 72 aliquid
942 1633 217 72 immutare
1105 1633 163 72 circa
1213 1633 109 72 ea
1267 1633 145 72 quae
1358 1633 145 72 sunt
1449 1633 181 72 fidei,
1575 1633 127 72 aut
1648 1633 326 72 sacramentorum,
1919 1633 272 72 periculosum
2118 1633 127 72 esset

450 1686 118 71 nec
518 1686 169 71 posset
636 1686 135 71 esse
720 1686 169 71 certum
838 1686 152 71 vtrum
939 1686 101 71 in
990 1686 101 71 eo
1040 1686 219 71 potentiam
1209 1686 185 71 aliquam
1344 1686 185 71 haberet
1479 1686 219 71 ecclesia.
1647 1686 185 71 Propter
1782 1686 135 71 quod
1866 1686 219 71 glossator
2035 1686 152 71 iuris
2119 1686 135 71 canoni

449 1741 115 59 ci,
514 1741 115 59 vbi
580 1741 181 59 inuenit
712 1741 132 59 quod
794 1741 148 59 super
893 1741 164 59 aliquo
1008 1741 132 59 casu
1090 1741 132 59 papa
1172 1741 230 59 dispensare
1353 1741 115 59 non
1419 1741 181 59 potest,
1551 1741 164 59 optime
1666 1741 181 59 glossat
1797 1741 99 59 id
1847 1741 115 59 est
1913 1741 115 59 non
1978 1741 230 59 consueuit,
2159 1741 132 59 quia

450 1788 259 79 inconsuetudo
660 1788 146 79 facit
758 1788 227 79 verisimile
936 1788 130 79 quod
1017 1788 146 79 illud
1114 1788 243 79 simpliciter
1308 1788 113 79 non
1373 1788 178 79 possit,
1503 1788 146 79 licet
1600 1788 162 79 firmam
1713 1788 146 79 fidem
1811 1788 146 79 super
1908 1788 113 79 hoc
1973 1788 113 79 non
2037 1788 162 79 facit,
2151 1788 130 79 quia

458 1844 157 81 forte
562 1844 192 81 plurima
702 1844 174 81 potest
824 1844 140 81 quae
911 1844 174 81 nullus
1033 1844 314 81 praedecessorum
1295 1844 174 81 suorum
1417 1844 105 81 in
1469 1844 122 81 vsu
1539 1844 192 81 habuit:
1678 1844 122 81 sed
1748 1844 227 81 difficile
1923 1844 157 81 esset
2027 1844 122 81 hoc
2080 1844 174 81 certifi-

458 1903 147 65 cari
550 1903 129 65 ei.
623 1903 147 65 vnde
715 1903 184 65 multum
844 1903 276 65 periculosum
1064 1903 165 65 esset
1175 1903 147 65 tale
1266 1903 147 65 quid
1358 1903 257 65 attentare.

795 1948 146 66 Irca
886 1948 218 66 secundum
1050 1948 237 66 arguitur,
1232 1948 146 66 quod
1323 1948 218 66 promotus
1486 1948 109 66 ex
1541 1948 309 66 dispensatione
1796 1948 109 66 ad
1851 1948 200 66 ordines
1996 1948 182 66 possit
2105 1948 146 66 promo-

797 2003 146 64 ueri
888 2003 109 64 ad
943 2003 182 64 curam.
1070 2003 201 64 quoniam
1216 2003 128 64 cui
1289 2003 255 64 conceditur
1489 2003 182 64 maius,
1617 2003 91 64 &
1653 2003 182 64 minus.
1781 2003 128 64 sed
1854 2003 164 64 maius
1963 2003 128 64 est
2036 2003 182 64 corpus
2146 2003 109 64 Chri

804 2059 120 76 sti
872 2059 222 76 conficere
1043 2059 85 76 &
1077 2059 188 76 dignius
1214 2059 137 76 quam
1299 2059 154 76 curam
1401 2059 222 76 exercere,
1572 2059 102 76 eo
1623 2059 137 76 ergo
1709 2059 120 76 quo
1777 2059 137 76 illi
1862 2059 239 76 conceditur
2050 2059 120 76 per
2101 2059 154 76 dispen-

799 2109 226 80 sationem
969 2109 226 80 promotio
1139 2109 113 80 ad
1195 2109 226 80 ordines,
1365 2109 170 80 eadem
1478 2109 321 80 dispensatione
1743 2109 264 80 conceditur
1950 2109 113 80 ei
2007 2109 226 80 promotio
2177 2109 113 80 ad

794 2168 186 77 curam.
925 2168 112 77 IN
980 2168 260 77 contrarium
1185 2168 130 77 est
1259 2168 149 77 quod
1352 2168 149 77 papa
1445 2168 205 77 saepius
1594 2168 242 77 dispensat
1780 2168 130 77 cum
1854 2168 242 77 aliquibus
2040 2168 112 77 vt
2078 2168 167 77 promoue

794 2221 167 61 antur
906 2221 112 61 ad
962 2221 223 61 ordines,
1129 2221 149 61 quos
1222 2221 167 61 tamen
1334 2221 223 61 prohibet
1501 2221 242 61 promoueri
1687 2221 112 61 ad
1743 2221 186 61 curam.
1873 2221 223 61 DIcendum
2040 2221 149 61 quod
2115 2221 130 61 priui

796 2275 152 78 legia
897 2275 186 78 stricti
1032 2275 152 78 iuris
1134 2275 135 78 sunt
1218 2275 101 78 eo
1269 2275 135 78 quod
1353 2275 186 78 gratiam
1488 2275 236 78 continent.
1673 2275 186 78 propter
1808 2275 135 78 quod
1893 2275 118 78 non
1960 2275 253 78 extenduntur
2146 2275 101 78 nisi

451 2334 105 69 ad
504 2334 105 69 ea
557 2334 141 69 quae
645 2334 105 69 in
697 2334 264 69 priuilegiis
908 2334 281 69 exprimuntur,
1137 2334 88 69 &
1172 2334 176 69 maxime
1295 2334 105 69 in
1348 2334 369 69 dispensationibus:
1664 2334 176 69 quando
1787 2334 105 69 ea
1840 2334 141 69 quae
1928 2334 105 69 in
1980 2334 246 69 priuilegio
2156 2334 88 69 non

455 2391 296 54 exprimuntur,
696 2391 241 54 specialem
881 2391 185 54 causam
1011 2391 278 54 dispensandi
1233 2391 259 54 requirunt.
1437 2391 148 54 Nunc
1529 2391 167 54 autem
1640 2391 111 54 in
1696 2391 204 54 fauorem
1844 2391 259 54 religionis
2047 2391 204 54 saepius
2177 2391 74 54 ta

458 2434 106 74 le
511 2434 159 74 datur
617 2434 282 74 priuilegium,
846 2434 194 74 virtute
987 2434 159 74 cuius
1093 2434 264 74 dispensatur
1304 2434 106 74 vt
1357 2434 159 74 alias
1463 2434 194 74 fratres
1604 2434 247 74 illegitimi
1798 2434 106 74 ad
1851 2434 282 74 promotionem,
2080 2434 106 74 ad
2115 2434 141 74 sacros

460 2487 200 81 ordines
605 2487 218 81 poterunt
769 2487 255 81 promoueri,
970 2487 109 81 eo
1024 2487 146 81 quod
1115 2487 109 81 ex
1170 2487 237 81 religione
1352 2487 328 81 praesupponitur
1625 2487 255 81 diligentia
1825 2487 109 81 in
1880 2487 182 81 missam
2007 2487 273 81 celebrando,

454 2540 109 69 ad
508 2540 146 69 quod
600 2540 128 69 non
673 2540 255 69 requiritur
873 2540 164 69 magna
983 2540 237 69 industria
1165 2540 128 69 aut
1238 2540 274 69 instructio,
1457 2540 146 69 quae
1548 2540 109 69 ad
1603 2540 164 69 curam
1712 2540 219 69 tenendam
1876 2540 274 69 requiritur,
2095 2540 91 69 &
2113 2540 128 69 exre-

459 2594 187 79 ligione
595 2594 170 79 inesse
714 2594 119 79 non
782 2594 272 79 praesumitur:
1003 2594 119 79 sed
1071 2594 170 79 potius
1190 2594 221 79 contraria
1361 2594 272 79 simplicitas.
1582 2594 119 79 ita
1650 2594 136 79 quod
1735 2594 102 79 in
1786 2594 187 79 talibus
1922 2594 102 79 ex
1973 2594 136 79 alia
2058 2594 153 79 causa
2143 2594 102 79 dis-

451 2651 192 65 pensatur
595 2651 128 65 quod
675 2651 176 65 possint
803 2651 208 65 promoueri
963 2651 96 65 ad
1011 2651 192 65 ordines,
1155 2651 96 65 ex
1203 2651 128 65 alia
1283 2651 128 65 vero
1362 2651 128 65 quod
1442 2651 96 65 ad
1490 2651 160 65 curam,
1602 2651 160 65 quarum
1714 2651 128 65 illa
1794 2651 160 65 potest
1906 2651 128 65 esse
1986 2651 128 65 fine
2066 2651 144 65 ista:
2162 2651 112 65 sed

456 2708 134 70 ista
540 2708 117 70 non
607 2708 151 70 debet
708 2708 134 70 esse
791 2708 134 70 fine
875 2708 151 70 illa.
976 2708 184 70 Propter
1110 2708 134 70 quid
1193 2708 134 70 dico
1277 2708 134 70 quod
1361 2708 101 70 ex
1411 2708 235 70 priuilegio
1596 2708 184 70 stricto
1730 2708 117 70 quo
1797 2708 268 70 dispensatiue
2014 2708 168 70 potest
2115 2708 134 70 promo-

452 2764 145 54 ueri
542 2764 109 54 ad
597 2764 217 54 ordines,
759 2764 127 54 non
832 2764 181 54 potest
958 2764 235 54 promoueri
1139 2764 109 54 ad
1194 2764 181 54 curam:
1320 2764 127 54 sed
1393 2764 199 54 indiget
1537 2764 253 54 priuilegio
1736 2764 163 54 alio,
1845 2764 127 54 vel
1917 2764 308 54 dispensatione
2153 2764 90 54 spe

454 2818 163 76 ciali
563 2818 109 76 ad
617 2818 145 76 hoc.
707 2818 109 76 Et
762 2818 217 76 secundum
925 2818 127 76 hoc
997 2818 254 76 concedenda
1196 2818 199 76 secunda
1341 2818 163 76 ratio
1450 2818 109 76 ad
1504 2818 163 76 istam
1613 2818 181 76 partem
1740 2818 254 76 procedens.
1939 2818 109 76 Ad
1993 2818 181 76 primam
2120 2818 163 76 quaoe
2211 2818 54 76 e

451 2870 134 54 erat
535 2870 101 54 in
585 2870 251 54 contrarium:
787 2870 134 54 quod
870 2870 151 54 maius
971 2870 117 54 est
1038 2870 235 54 conficere:
1222 2870 201 54 Dicendum
1373 2870 134 54 quod
1457 2870 101 54 in
1507 2870 168 54 factis
1625 2870 184 54 aliquid
1759 2870 184 54 dicitur
1893 2870 134 54 esse
1977 2870 151 54 maius
2077 2870 151 54 alio,
2161 2870 84 54 aut

450 2924 133 65 quo
526 2924 114 65 ad
583 2924 228 65 factorum
754 2924 285 65 dignitatem,
983 2924 133 65 aut
1059 2924 133 65 quo
1135 2924 114 65 ad
1192 2924 247 65 periculum
1382 2924 95 65 &
1420 2924 323 65 difficultatem
1686 2924 114 65 in
1743 2924 152 65 modo
1839 2924 247 65 faciendi.
2029 2924 171 65 Primo
2124 2924 114 65 modo

447 2979 151 62 maius
548 2979 117 62 est
615 2979 168 62 corpus
732 2979 185 62 Christi
867 2979 218 62 conficere
1034 2979 134 62 quam
1118 2979 151 62 curam
1219 2979 218 62 exercere,
1387 2979 134 62 quia
1470 2979 151 62 illud
1571 2979 201 62 pertinet
1722 2979 101 62 ad
1772 2979 151 62 caput
1873 2979 235 62 ecclesiae,
2057 2979 117 62 hoc
2125 2979 151 62 autem

452 3034 110 63 ad
507 3034 202 63 membra.
654 3034 202 63 Secundo
801 3034 147 63 modo
893 3034 166 63 maius
1003 3034 129 63 est
1077 3034 166 63 curam
1187 3034 221 63 exercere
1353 3034 147 63 quam
1445 3034 184 63 corpus
1574 3034 202 63 Christi
1721 3034 257 63 conficere,
1923 3034 147 63 quia
2015 3034 110 63 ad
2070 3034 129 63 hoc
2125 3034 129 63 maior

452 3083 218 59 requiritur
624 3083 202 59 industria
779 3083 125 59 quam
857 3083 93 59 ad
904 3083 156 59 illud.
1013 3083 93 59 Et
1060 3083 202 59 praeterea
1215 3083 140 59 error
1309 3083 93 59 in
1356 3083 234 59 conficiendo
1542 3083 140 59 solum
1636 3083 156 59 vergit
1745 3083 93 59 in
1791 3083 234 59 detrimentum
1978 3083 265 59 conficientis:
2181 3083 62 59 er

451 3140 112 72 ror
515 3140 128 72 vero
595 3140 96 72 in
643 3140 144 72 curam
739 3140 208 72 exercendo
899 3140 160 72 vergit
1011 3140 96 72 in
1059 3140 240 72 detrimentum
1251 3140 128 72 suum
1331 3140 80 72 &
1363 3140 192 72 aliorum.
1506 3140 128 72 Nunc
1586 3140 144 72 autem
1682 3140 96 72 in
1730 3140 240 72 dispensando
1922 3140 112 72 non
1986 3140 112 72 sit
2050 3140 192 72 aspectus
2194 3140 96 72 ad
