2443 3778
516 295 82 93 &
548 295 214 93 apostolis
713 295 230 93 reuelauit,
894 295 82 93 &
927 295 132 93 ipsi
1009 295 214 93 tenuerunt
1174 295 99 93 in
1223 295 132 93 suis
1306 295 280 93 obseruantiis,
1536 295 148 93 licet
1635 295 115 93 non
1701 295 230 93 redigerunt
1882 295 99 93 in
1931 295 214 93 scriptis.
2096 295 148 93 Circa
2178 295 115 93 disso

511 371 204 75 lutionem
664 371 153 75 autem
766 371 119 75 quo
833 371 102 75 ad
884 371 204 75 mrimonii
1037 371 204 75 viculum,
1190 371 187 75 Christi
1326 371 204 75 statutum
1478 371 102 75 in
1529 371 204 75 scriptis
1682 371 119 75 non
1750 371 204 75 habemus,
1903 371 119 75 sed
1971 371 272 75 obseruantiam
2174 371 119 75 eccle

512 440 115 59 siae
584 440 86 59 ab
627 440 187 59 apostolis
771 440 230 59 descendentem
958 440 101 59 per
1016 440 245 59 consuetudinem
1217 440 216 59 obtinuimus,
1390 440 115 59 quod
1462 440 173 59 scilicet
1591 440 101 59 per
1649 440 202 59 religionis
1807 440 187 59 ingressum
1951 440 101 59 vir
2009 440 173 59 mulierem
2139 440 115 59 ante
2196 440 101 59 copu-

512 488 115 66 lam
577 488 213 66 dimittere
741 488 196 66 poterit.
888 488 131 66 Vnde
970 488 82 66 &
1003 488 115 66 sic
1068 488 131 66 vsus
1150 488 164 66 fuisse
1265 488 196 66 creditur
1412 488 213 66 Christus.
1576 488 147 66 Dicit
1674 488 131 66 enim
1756 488 164 66 Hiero.
1871 488 98 66 in
1920 488 180 66 prologo
2051 488 213 66 euangelii
2198 488 82 66 sup

511 546 130 63 loam,
597 546 116 63 quod
670 546 130 63 ipsum
757 546 174 63 volentem
887 546 145 63 nubere
988 546 87 63 de
1032 546 159 63 nuptiis
1148 546 174 63 vocauit.
1278 546 87 63 Et
1322 546 174 63 creditur
1452 546 116 63 quod
1524 546 101 63 hoc
1582 546 116 63 fuit
1655 546 87 63 de
1698 546 130 63 illis
1785 546 159 63 nuptiis
1901 546 116 63 quae
1973 546 232 63 describuntur
2162 546 116 63 loan
2220 546 72 63 ii.

518 601 88 66 vt
562 601 88 66 in
606 601 132 66 ipsis
694 601 161 66 Ioannes
811 601 117 66 ipse
884 601 190 66 sporiesus
1030 601 146 66 fuerit
1132 601 175 66 mfimonio
1264 601 102 66 iam
1322 601 102 66 per
1381 601 132 66 verba
1469 601 88 66 de
1513 601 190 66 praesenti
1659 601 205 66 contracto:
1820 601 102 66 sed
1878 601 146 66 nondum
1980 601 102 66 per
2039 601 102 66 car
2097 601 132 66 nalem
2170 601 132 66 copulam

520 646 250 76 consummato.
721 646 134 76 Quia
804 646 167 76 igitur
921 646 234 76 matrimonia
1104 646 100 76 ex
1154 646 167 76 natura
1271 646 117 76 rei
1338 646 234 76 efficaciam
1522 646 117 76 non
1588 646 167 76 habent
1705 646 217 76 inquantum
1872 646 234 76 matrimonia
2056 646 150 76 sunt,
2139 646 167 76 sedsolum

523 714 92 60 ex
569 714 153 60 diuina
676 714 260 60 institutione:
890 714 122 60 ipse
967 714 138 60 autem
1058 714 184 60 Christus
1196 714 122 60 deus
1273 714 77 60 &
1303 714 122 60 homo
1380 714 138 60 sicut
1472 714 199 60 instituit
1625 714 184 60 coniungi
1762 714 107 60 per
1824 714 199 60 consensum
1977 714 153 60 mutuum
2084 714 199 60 animorum:
2221 714 77 60 sic

519 761 138 68 etiam
611 761 169 68 statuit
734 761 108 68 per
795 761 184 68 animorum
933 761 200 68 dissensum
1087 761 138 68 posse
1179 761 200 68 dissolui:
1333 761 108 68 dum
1394 761 138 68 tamen
1487 761 108 68 non
1548 761 138 68 esset
1640 761 184 68 vlterius
1779 761 215 68 processum:
1948 761 77 68 &
1978 761 108 68 hoc
2040 761 92 68 in
2086 761 169 68 casibus
2209 761 92 68 ab
2240 761 61 68 ec

525 814 162 70 clesia
638 814 291 70 constituendis:
880 814 97 70 si
929 814 145 70 forte
1026 814 113 70 sit
1091 814 178 70 aliquis
1220 814 145 70 alius
1317 814 129 70 quam
1398 814 226 70 religionis
1576 814 226 70 ingressus.
1753 814 97 70 Et
1802 814 113 70 sic
1867 814 162 70 potius
1980 814 145 70 credo
2077 814 194 70 dicendum
2206 814 97 70 quod

529 864 186 77 vinculum
668 864 217 77 matrimonii
838 864 155 77 omnino
946 864 232 77 dissoluitur
1132 864 108 77 per
1194 864 217 77 religionis
1364 864 217 77 ingressum,
1534 864 124 77 quam
1612 864 124 77 quod
1689 864 170 77 maneat.
1813 864 108 77 Hoc
1875 864 139 77 tamen
1968 864 170 77 ponendi
2091 864 170 77 quantum
2200 864 108 77 video

529 923 138 72 nulla
621 923 107 72 est
682 923 230 72 necessitas.
866 923 153 72 Posset
973 923 123 72 enim
1049 923 123 72 dici
1126 923 123 72 quod
1202 923 123 72 ille
1279 923 107 72 est
1340 923 123 72 vnus
1417 923 138 72 casus
1509 923 199 72 separandi
1662 923 153 72 thorum
1769 923 123 72 ante
1846 923 184 72 copulam,
1983 923 138 72 sicut
2075 923 107 72 est
2121 923 184 72 fornicatio

538 984 147 62 alius
636 984 147 62 casus
734 984 212 62 separandi
897 984 163 62 thorum
1011 984 131 62 post
1093 984 196 62 copulam,
1240 984 163 62 viculo
1354 984 212 62 vtrobique
1517 984 196 62 manente.
1664 984 98 62 Et
1713 984 131 62 quod
1795 984 245 62 separatione
1991 984 147 62 facta
2089 984 131 62 ante
2154 984 147 62 copulam

534 1045 147 67 licet
631 1045 163 67 alteri
745 1045 179 67 nubere,
876 1045 114 67 non
941 1045 147 67 autem
1038 1045 147 67 facta
1136 1045 147 67 post,
1234 1045 114 67 hoc
1299 1045 114 67 non
1364 1045 212 67 contingit
1527 1045 98 67 ex
1576 1045 163 67 aliqua
1689 1045 163 67 natura
1803 1045 130 67 rei,
1885 1045 114 67 sed
1950 1045 98 67 ex
1999 1045 130 67 mero
2080 1045 212 67 instituto
2227 1045 81 67 dei

532 1096 90 67 &
568 1096 144 67 quod
658 1096 215 67 secundum
819 1096 126 67 hoc
891 1096 179 67 nuilum
1017 1096 126 67 est
1088 1096 287 67 inconueniens
1322 1096 144 67 vnam
1412 1096 215 67 mulierem
1573 1096 144 67 duos
1663 1096 179 67 habere
1788 1096 162 67 viros
1896 1096 108 67 in
1950 1096 197 67 vinculo
2076 1096 215 67 spirituali

539 1147 131 74 vnum
620 1147 147 74 autem
718 1147 163 74 tantum
833 1147 98 74 in
882 1147 180 74 vinculo
1013 1147 196 74 carnali.
1160 1147 180 74 Priorem
1291 1147 147 74 tamen
1389 1147 147 74 modum
1487 1147 180 74 ponendi
1617 1147 229 74 sustinendo
1797 1147 196 74 dicendum
1944 1147 114 74 est
2010 1147 98 74 ad
2059 1147 229 74 argumentum
2222 1147 82 74 pri

530 1202 110 66 mum
593 1202 126 66 quod
672 1202 235 66 abstinentia
860 1202 78 66 a
891 1202 157 66 copula
1001 1202 141 66 etiam
1095 1202 110 66 cum
1158 1202 126 66 voto
1237 1202 94 66 de
1284 1202 110 66 non
1347 1202 235 66 cognoscendo
1535 1202 110 66 se,
1598 1202 188 66 vinculum
1739 1202 110 66 non
1802 1202 188 66 separat,
1943 1202 110 66 sed
2006 1202 204 66 dissensus
2147 1202 157 66 alterius

534 1262 105 78 non
594 1262 210 78 absolutus,
759 1262 105 78 sed
818 1262 135 78 solum
908 1262 105 78 per
968 1262 195 78 ingressum
1118 1262 224 78 religionis,
1297 1262 105 78 aut
1357 1262 135 78 forte
1447 1262 90 78 in
1492 1262 120 78 alio
1567 1262 120 78 casu
1642 1262 195 78 statuendo
1791 1262 105 78 per
1851 1262 210 78 ecclesiam,
2016 1262 90 78 si
2061 1262 105 78 hoc
2120 1262 150 78 omnino
2210 1262 90 78 Chri

528 1323 135 77 stus
612 1323 101 77 in
663 1323 219 77 ecclesiae
831 1323 270 77 dispositione
1034 1323 185 77 reliquit.

860 1372 123 61 Irca
936 1372 184 61 secundum
1074 1372 184 61 arguitur
1213 1372 123 61 quod
1289 1372 107 61 nec
1351 1372 169 61 reddere
1473 1372 184 61 possunt,
1612 1372 107 61 nec
1673 1372 169 61 petere,
1796 1372 123 61 quia
1872 1372 107 61 iam
1934 1372 107 61 est
1995 1372 199 61 affinitas
2133 1372 169 61 contracti

850 1427 119 83 quae
925 1427 164 83 copulam
1044 1427 179 83 impedit,
1177 1427 134 83 sicut
1267 1427 74 83 &
1296 1427 223 83 matrimonium
1475 1427 253 83 contrahendum,
1683 1427 89 83 vt
1728 1427 179 83 videtur.
1862 1427 89 83 IN
1906 1427 253 83 contrariumest
2115 1427 134 83 illud
2204 1427 119 83 quod

850 1482 169 86 dicitur
973 1482 139 86 extra
1065 1482 92 86 de
1111 1482 92 86 eo
1157 1482 108 86 qui
1219 1482 154 86 cogno.
1327 1482 215 86 consangui.
1496 1482 123 86 vxo.
1573 1482 139 86 suae,
1665 1482 108 86 Nec
1727 1482 200 86 affinitas
1881 1482 123 86 quae
1958 1482 123 86 post
2035 1482 215 86 contractum
2189 1482 92 86 legi

859 1539 121 70 time
935 1539 228 70 matrimonium
1117 1539 137 70 inter
1208 1539 137 70 virum
1299 1539 76 70 &
1329 1539 152 70 vxorem
1435 1539 152 70 inique
1542 1539 228 70 contrahitur
1724 1539 91 70 ei
1769 1539 137 70 debet
1860 1539 182 70 officere
1997 1539 106 70 qui
2057 1539 197 70 huiusmodi
2209 1539 106 70 ini

857 1603 191 68 quitatis
1001 1603 207 68 particeps
1160 1603 112 68 non
1224 1603 191 68 existit:
1367 1603 112 68 cum
1431 1603 112 68 suo
1495 1603 128 68 iure
1575 1603 112 68 non
1638 1603 159 68 debeat
1750 1603 128 68 sine
1830 1603 112 68 sua
1893 1603 143 68 culpa
1989 1603 191 68 priuari.
2133 1603 191 68 DIcendum

858 1646 95 70 ad
906 1646 111 70 hoc
969 1646 127 70 quod
1049 1646 159 70 diuina
1160 1646 127 70 lex,
1240 1646 127 70 etsi
1319 1646 159 70 aliqua
1430 1646 159 70 tangit
1542 1646 95 70 de
1589 1646 223 70 affinitate
1764 1646 223 70 impediente
1939 1646 238 70 matrimonium
2114 1646 175 70 contrahem

844 1703 101 63 dum
901 1703 116 63 Leu.
974 1703 101 63 xx.
1032 1703 87 63 de
1075 1703 202 63 affinitate
1234 1703 130 63 tamen
1321 1703 202 63 impediente
1480 1703 159 63 aliquid
1595 1703 130 63 circa
1682 1703 101 63 iam
1740 1703 202 63 contractum
1899 1703 130 63 nihil
1986 1703 145 63 omnino
2087 1703 188 63 exprimit,
2232 1703 101 63 sed

529 1756 107 68 hoc
590 1756 92 68 in
636 1756 199 68 ecclesiae
789 1756 245 68 dispositione
988 1756 199 68 reliquit.
1142 1756 92 68 Et
1188 1756 123 68 ideo
1264 1756 169 68 quantum
1387 1756 107 68 est
1448 1756 92 68 de
1494 1756 123 68 iure
1571 1756 153 68 diuino
1678 1756 199 68 affinitas
1831 1756 138 68 talis
1923 1756 245 68 superueniens
2122 1756 107 68 nec
2168 1756 138 68 impedit

522 1808 165 77 debitum
642 1808 150 77 petere
747 1808 105 77 nec
807 1808 180 77 exigere:
942 1808 105 77 sed
1002 1808 105 77 quo
1062 1808 90 77 ad
1107 1808 105 77 hoc
1167 1808 180 77 tenendum
1302 1808 105 77 est
1362 1808 120 77 quod
1436 1808 180 77 ecclesia
1571 1808 180 77 statuit.
1706 1808 90 77 Id
1751 1808 135 77 autem
1841 1808 105 77 est
1901 1808 120 77 quod
1976 1808 150 77 mulier
2081 1808 150 77 quando
2186 1808 105 77 non
2231 1808 75 77 est

521 1872 91 63 in
566 1872 151 63 culpa,
672 1872 151 63 petere
778 1872 167 63 potest,
899 1872 76 63 &
930 1872 106 63 vir
990 1872 136 63 debet
1081 1872 91 63 ei
1126 1872 182 63 reddere.
1263 1872 151 63 Quando
1369 1872 121 63 vero
1444 1872 151 63 mulier
1550 1872 106 63 est
1611 1872 91 63 in
1656 1872 151 63 culpa,
1762 1872 167 63 vterque
1883 1872 106 63 ius
1944 1872 121 63 suum
2019 1872 151 63 amisit
2125 1872 167 63 omnino:
2231 1872 76 63 nec

530 1921 172 72 debent
650 1921 190 72 petere,
788 1921 121 72 nec
857 1921 207 72 reddere,
1012 1921 103 72 vt
1064 1921 207 72 insinuat
1219 1921 190 72 decret.
1357 1921 207 72 inducta,
1512 1921 86 72 &
1547 1921 155 72 magis
1650 1921 207 72 exprimit
1805 1921 138 72 illa
1891 1921 138 72 alia
1978 1921 138 72 Tuae
2046 1921 259 72 fraternitatis

529 1978 100 66 Per
586 1978 115 66 haec
658 1978 129 66 patet
743 1978 186 66 obiectum:
887 1978 115 66 quod
958 1978 100 66 non
1015 1978 100 66 est
1073 1978 143 66 simile
1173 1978 86 66 de
1216 1978 200 66 affinitate
1373 1978 215 66 praecedente
1545 1978 72 66 &
1574 1978 229 66 consequente:
1760 1978 115 66 quia
1832 1978 200 66 praecedens
1989 1978 186 66 mrimonium
2132 1978 143 66 potest
2218 1978 86 66 impe

530 2034 117 71 dire
603 2034 233 71 contrahendum
793 2034 117 71 sine
866 2034 175 71 alicuius
997 2034 175 71 iniuria:
1128 2034 160 71 copulam
1245 2034 87 71 in
1289 2034 102 71 iam
1347 2034 204 71 contracto,
1507 2034 117 71 sine
1580 2034 146 71 vxoris
1682 2034 175 71 consensu
1813 2034 175 71 impedire
1945 2034 102 71 non
2003 2034 160 71 potest,
2119 2034 87 71 vt
2149 2034 160 71 dictumen.

874 2088 120 67 lrca
949 2088 165 67 tertium
1069 2088 180 67 arguitur
1204 2088 120 67 quod
1280 2088 180 67 ignorans
1415 2088 180 67 defectum
1550 2088 150 67 fuisse
1655 2088 210 67 praedictum
1820 2088 90 67 in
1865 2088 165 67 coniuge
1986 2088 165 67 mortua,
2106 2088 105 67 non
2166 2088 135 67 debet
2241 2088 60 67 bo

862 2150 90 67 na
907 2150 151 67 illius
1013 2150 196 67 diuidere,
1163 2150 121 67 quia
1239 2150 136 67 forte
1329 2150 106 67 non
1390 2150 121 67 erat
1465 2150 226 67 matrimonium
1646 2150 90 67 in
1691 2150 106 67 rei
1751 2150 196 67 veritate,
1902 2150 75 67 &
1932 2150 106 67 ita
1992 2150 181 67 priculum
2128 2150 136 67 esset
2219 2150 90 67 ne
2249 2150 60 67 si

869 2204 88 68 bi
913 2204 206 68 attraheret
1076 2204 103 68 rem
1135 2204 177 68 alienam.
1267 2204 88 68 In
1311 2204 206 68 contrarium
1474 2204 103 68 est
1533 2204 118 68 quod
1606 2204 221 68 praesumitur
1783 2204 147 68 fuisse
1886 2204 236 68 matrimonium:
2078 2204 74 68 &
2107 2204 103 68 hoc
2152 2204 147 68 sufficit

860 2264 92 63 ad
906 2264 168 63 bonorum
1028 2264 305 63 communicationem.
1287 2264 183 63 DIcendum
1424 2264 122 63 quod
1500 2264 92 63 si
1546 2264 198 63 mrimonium
1699 2264 107 63 non
1760 2264 107 63 sit
1821 2264 107 63 eis
1882 2264 92 63 de
1928 2264 244 63 impedimento,
2126 2264 107 63 sed
2172 2264 137 63 placuit

858 2310 139 83 etiam
950 2310 93 83 se
996 2310 139 83 stare
1089 2310 154 83 absque
1197 2310 247 83 conmixtione,
1398 2310 170 83 standum
1521 2310 108 83 est
1583 2310 108 83 pro
1645 2310 232 83 matrimonio:
1830 2310 77 83 &
1861 2310 154 83 debent
1969 2310 216 83 praesumere
2139 2310 139 83 verum
2216 2310 77 83 mfi

866 2376 145 71 monium
967 2376 159 71 fuisse,
1083 2376 101 71 nec
1141 2376 145 71 facere
1242 2376 159 71 aliquam
1358 2376 232 71 conscientiam
1546 2376 130 71 super
1633 2376 217 71 impedimento
1807 2376 203 71 incognito,
1966 2376 116 71 quia
2038 2376 203 71 scrutinium
2198 2376 130 71 super

863 2417 98 72 eo
912 2417 164 72 facere
1026 2417 115 72 non
1092 2417 213 72 debuerunt
1255 2417 180 72 propter
1386 2417 131 72 quod
1468 2417 164 72 licite
1583 2417 164 72 potest
1697 2417 213 72 superstes
1861 2417 196 72 defuncti
2008 2417 131 72 bona
2090 2417 213 72 diuidere.
2238 2417 65 72 Et

531 2477 138 79 patet
623 2477 92 79 ad
669 2477 215 79 argumentum
838 2477 92 79 in
884 2477 215 79 oppositum.
1053 2477 169 79 quoniam
1176 2477 123 79 etsi
1253 2477 138 79 forte
1345 2477 92 79 in
1391 2477 108 79 rei
1452 2477 184 79 veritate
1590 2477 108 79 non
1652 2477 123 79 fuit
1729 2477 200 79 mrimonium
1882 2477 169 79 propter
2005 2477 261 79 impedimentum,
2205 2477 92 79 fuit

525 2530 149 69 tamen
625 2530 264 69 praesumptum:
839 2530 132 69 quid
922 2530 198 69 sufficit
1070 2530 99 69 ad
1120 2530 231 69 diuisionem
1301 2530 182 69 bonorum
1433 2530 165 69 absque
1549 2530 132 69 omni
1631 2530 198 69 scrupulo
1763 2530 248 69 conscientiae.

516 2563 245 115 Explicitae
708 2563 140 115 sunt
795 2563 262 115 quaestiones
1005 2563 105 115 de
1058 2563 210 115 Quolibet
1215 2563 210 115 magistri
1373 2563 175 115 Herici
1495 2563 87 115 a
1530 2563 192 115 Gandauo
1670 2563 280 115 Archidiaconi
1898 2563 227 115 Tornacen.
2073 2563 175 115 quinto
2178 2563 122 115 dispu

518 2651 149 62 tatae
618 2651 99 62 in
667 2651 182 62 scholis
799 2651 132 62 suis
882 2651 83 62 &
915 2651 264 62 determinatae
1130 2651 99 62 ab
1179 2651 149 62 ipso:
1279 2651 83 62 &
1312 2651 165 62 erant.
1427 2651 116 62 xl.
1493 2651 83 62 &
1510 2651 99 62 vna.

1109 2683 140 79 Hic
1189 2683 220 79 incipit
1349 2683 200 79 Sextum
1488 2683 260 79 Quodlibet
1688 2683 240 79 Magistri
1868 2683 220 79 Henrici
2027 2683 100 79 a
2047 2683 200 79 Gandauo.

1034 2758 367 109 gidie
1279 2758 244 109 in
1401 2758 407 109 nostra
1645 2758 652 109 disputationege

999 2868 165 72 nerali
1114 2868 297 72 proponebantur.
1361 2868 181 72 xxxiii.
1493 2868 181 72 Quaedam
1625 2868 247 72 pertinentia
1823 2868 99 72 ad
1872 2868 148 72 deum.
1971 2868 181 72 Quaedam
2103 2868 132 72 vero
2169 2868 132 72 perti-

1005 2914 153 81 nentia
1112 2914 92 81 ad
1157 2914 214 81 creaturas.
1325 2914 137 81 Inter
1417 2914 229 81 pertinentia
1600 2914 92 81 ad
1646 2914 122 81 deum
1723 2914 244 81 proponebatur
1921 2914 122 81 vnum
1998 2914 199 81 pertinens
2150 2914 92 81 ad
2181 2914 122 81 deunse

1003 2976 151 70 cundum
1109 2976 106 70 se.
1169 2976 91 70 Et
1214 2976 166 70 quaedam
1335 2976 121 70 alia
1410 2976 226 70 pertinentia
1592 2976 91 70 ad
1637 2976 136 70 ipsum
1727 2976 91 70 in
1773 2976 181 70 respectu
1909 2976 91 70 ad
1954 2976 211 70 creaturas.
2120 2976 136 70 Illud
2210 2976 121 70 vnum

1006 3029 203 65 pertinens
1162 3029 94 65 ad
1209 3029 125 65 deum
1287 3029 94 65 sm
1334 3029 94 65 se
1381 3029 125 65 erat
1459 3029 94 65 de
1506 3029 172 65 diuinis
1631 3029 203 65 personis,
1787 3029 140 65 vtrum
1881 3029 125 65 sint
1959 3029 140 65 tres,
2052 3029 109 65 nec
2115 3029 172 65 plures,
2224 3029 78 65 nec

1007 3078 199 84 pauciores.
1163 3078 85 84 Ex
1206 3078 170 84 arguitur
1333 3078 114 84 quod
1404 3078 142 84 tantum
1504 3078 114 84 sunt
1575 3078 128 84 duae,
1660 3078 114 84 quia
1731 3078 85 84 sm
1774 3078 156 84 Anselu.
1887 3078 85 84 de
1930 3078 170 84 processu
2058 3078 170 84 spiritus
2171 3078 114 84 sancti

1009 3128 129 67 omnis
1095 3128 158 67 persona
1210 3128 144 67 diuina
1310 3128 101 67 vel
1368 3128 101 67 est
1425 3128 115 67 deus
1497 3128 86 67 de
1540 3128 115 67 deo,
1612 3128 101 67 vel
1669 3128 115 67 deus
1741 3128 101 67 non
1799 3128 86 67 de
1842 3128 115 67 deo.
1914 3128 101 67 sed
1971 3128 144 67 tantum
2072 3128 129 67 vnica
2143 3128 144 67 estperso

1002 3189 94 76 na
1049 3189 126 76 deus
1128 3189 110 76 non
1191 3189 94 76 de
1238 3189 110 76 deo
1301 3189 189 76 secundum
1443 3189 142 76 Hila.
1537 3189 94 76 de
1585 3189 157 76 Synod.
1695 3189 126 76 ergo
1774 3189 110 76 &c.
1837 3189 205 76 Praeterea
1994 3189 110 76 cum
2057 3189 126 76 deus
2136 3189 189 76 procedat

990 3238 105 94 de
1043 3238 123 94 deo
1113 3238 158 94 ratio
1219 3238 176 94 agendi
1342 3238 123 94 qua
1412 3238 228 94 procedit,
1588 3238 123 94 non
1658 3238 123 94 est
1729 3238 141 94 nisi
1816 3238 176 94 diuina
1939 3238 228 94 essentia,
2115 3238 141 94 quia
2186 3238 105 94 ipsa
