2407 3743
496 286 105 85 vt
548 286 122 85 nec
618 286 192 85 plures,
757 286 122 85 nec
827 286 227 85 pauciores
1001 286 139 85 esse
1088 286 209 85 possint.
1245 286 209 85 INtentum
1402 286 157 85 autem
1507 286 244 85 propositum
1699 286 105 85 ex
1751 286 157 85 parte
1856 286 262 85 intellectus
2065 286 157 85 habet
2170 286 174 85 decla-

499 351 142 71 rari
588 351 142 71 siue
677 351 195 71 probari
819 351 124 71 vno
890 351 249 71 syllogismo
1085 351 266 71 principali,
1298 351 89 71 &
1334 351 124 71 vno
1405 351 302 71 prosyllogismo
1654 351 107 71 ad
1707 351 266 71 probationem
1920 351 213 71 minoris.
2062 351 231 71 Syllogismus

501 409 246 75 principalis
698 409 115 75 est
763 409 148 75 iste.
862 409 214 75 Vbicumque
1026 409 131 75 tota
1109 409 246 75 foecunditas
1306 409 99 75 ad
1355 409 263 75 generationem
1569 409 148 75 filii
1667 409 230 75 exhauritur
1848 409 148 75 vnius
1947 409 148 75 filii
2045 409 263 75 generatione:
2242 409 66 75 il

501 460 99 61 lo
550 460 197 61 generato
698 460 247 61 impossibile
895 460 115 61 est
961 460 115 61 ibi
1027 460 148 61 alium
1126 460 165 61 filium
1241 460 214 61 generari:
1406 460 99 61 in
1455 460 181 61 diuinis
1586 460 148 61 autem
1685 460 132 61 siue
1767 460 99 61 in
1817 460 115 61 deo
1883 460 132 61 tota
1965 460 247 61 foecunditas
2162 460 99 61 ad
2195 460 99 61 gene

493 511 206 55 rationem
648 511 155 55 filii
751 511 241 55 exhauritur
940 511 155 55 vnius
1043 511 155 55 filii
1146 511 275 55 generatione.
1370 511 138 55 ergo
1456 511 103 55 in
1508 511 189 55 diuinis
1645 511 138 55 siue
1731 511 103 55 in
1783 511 120 55 deo
1852 511 120 55 vno
1921 511 155 55 filio
2024 511 224 55 generato,
2179 511 120 55 impos

501 560 152 64 sibile
607 560 106 64 est
668 560 137 64 alium
759 560 152 64 filium
866 560 198 64 generari.
1018 560 122 64 Quia
1094 560 91 64 si
1140 560 122 64 sic,
1216 560 167 64 necesse
1338 560 106 64 est
1398 560 122 64 ergo
1474 560 91 64 in
1520 560 106 64 deo
1581 560 122 64 esse
1657 560 152 64 vnicum
1764 560 152 64 filium
1870 560 167 64 tantum:
1992 560 76 64 &
2022 560 137 64 eadem
2113 560 167 64 ratione
2220 560 76 64 vni

493 623 122 66 cum
562 623 209 66 spiritum
719 623 209 66 sanctum:
875 623 139 66 quia
962 623 278 66 consimiliter
1188 623 104 66 in
1240 623 122 66 deo
1310 623 139 66 tota
1397 623 261 66 foecunditas
1605 623 104 66 ad
1658 623 278 66 productionem
1884 623 209 66 spiritus
2040 623 174 66 sancti
2145 623 156 66 exhauri

498 670 136 62 tur,
583 670 204 62 spiritus
736 670 170 62 sancti
855 670 153 62 vnius
957 670 272 62 productione.
1178 670 153 62 Maior
1280 670 153 62 huius
1382 670 238 62 syllogismi
1570 670 102 62 de
1621 670 102 62 se
1672 670 153 62 clara
1774 670 136 62 est:
1859 670 136 62 quia
1944 670 102 62 si
1995 670 136 62 tota
2063 670 238 62 foecunditate

501 730 104 62 ad
553 730 277 62 generationem
778 730 156 62 filii
882 730 208 62 ordinata
1038 730 208 62 exhausta
1193 730 104 62 in
1245 730 156 62 vnius
1349 730 156 62 filii
1453 730 260 62 generatione
1661 730 225 62 possibile
1834 730 156 62 esset
1938 730 121 62 cum
2008 730 139 62 illo
2094 730 156 62 alium
2181 730 121 62 gene-

499 774 152 63 rari:
601 774 136 63 ille
685 774 254 63 generaretur
889 774 136 63 sine
973 774 136 63 omni
1058 774 271 63 foecunditate
1278 774 203 63 ordinata
1431 774 102 63 ad
1482 774 152 63 filii
1583 774 288 63 generationem.
1821 774 136 63 quid
1905 774 169 63 omnino
2024 774 119 63 est
2075 774 220 63 impossibile

502 834 127 61 quia
582 834 255 61 principiatum
789 834 112 61 non
853 834 159 61 potest
964 834 127 61 esse
1044 834 127 61 fine
1123 834 175 61 ratione
1251 834 271 61 principiandi:
1474 834 207 61 cuiusmodi
1633 834 112 61 est
1697 834 239 61 foecunditas
1888 834 96 61 in
1936 834 223 61 principio.
2111 834 96 61 Si
2159 834 127 61 ergo
2222 834 80 61 cum

502 886 138 75 illo
588 886 155 75 alius
691 886 172 75 filius
811 886 172 75 posset
932 886 224 75 generari,
1104 886 258 75 foecunditas
1310 886 103 75 ad
1362 886 138 75 eius
1447 886 275 75 generationem
1671 886 206 75 ordinata
1826 886 120 75 non
1895 886 155 75 esset
1998 886 206 75 exhausta
2152 886 103 75 in
2187 886 103 75 gene

495 941 190 61 ratione
633 941 173 61 illius
754 941 173 61 primi.
875 941 155 61 cuius
978 941 242 61 contrarium
1168 941 225 61 assumitur
1341 941 104 61 in
1393 941 138 61 illa
1479 941 190 61 maiore.
1617 941 155 61 Minor
1721 941 138 61 vero
1807 941 207 61 probatur
1963 941 138 61 tali
2032 941 259 61 prosyllogismo

504 989 240 71 vbicumque
688 989 148 71 actu
781 989 129 71 vno
855 989 296 71 generationis
1095 989 185 71 semper
1225 989 203 71 manente
1373 989 259 71 producitur
1576 989 148 71 vnus
1668 989 185 71 filius
1798 989 185 71 semper
1927 989 185 71 manens
2057 989 111 71 ex
2112 989 166 71 eodem
2205 989 92 71 sem

497 1052 122 58 per
566 1052 261 58 vniformiter
775 1052 104 58 se
827 1052 209 58 habente:
984 1052 139 58 tota
1071 1052 261 58 foecunditas
1280 1052 104 58 ad
1332 1052 157 58 filii
1436 1052 278 58 generationem
1663 1052 244 58 exhauritur
1854 1052 157 58 vnius
1958 1052 157 58 filii
2063 1052 261 58 generatione

500 1105 127 64 sed
572 1105 109 64 in
627 1105 199 64 diuinis
771 1105 145 64 siue
862 1105 109 64 in
916 1105 127 64 deo
988 1105 163 64 vnico
1097 1105 145 64 actu
1187 1105 289 64 generationis
1423 1105 181 64 semper
1549 1105 199 64 manente
1694 1105 253 64 producitur
1893 1105 145 64 vnus
1983 1105 181 64 filius
2110 1105 181 64 semper
2219 1105 72 64 ma

498 1152 138 71 nens
584 1152 104 71 ex
636 1152 155 71 eodem
739 1152 173 71 semper
860 1152 259 71 vniformiter
1067 1152 104 71 se
1119 1152 207 71 habente.
1275 1152 138 71 ergo
1361 1152 121 71 &c.
1430 1152 155 71 Maior
1533 1152 155 71 huius
1637 1152 293 71 prosyllogismi
1879 1152 155 71 clara
1982 1152 138 71 est:
2069 1152 138 71 quia
2155 1152 121 71 vbi
2207 1152 86 71 vno

502 1209 152 61 actu
597 1209 304 61 generationis
844 1209 190 61 semper
977 1209 209 61 manente
1129 1209 266 61 producitur
1338 1209 152 61 vnus
1434 1209 190 61 filius
1567 1209 190 61 semper
1700 1209 190 61 manens
1833 1209 114 61 ex
1890 1209 171 61 eodem
2004 1209 190 61 semper
2118 1209 171 61 manente

510 1264 266 60 vniformiter,
727 1264 116 60 ibi
793 1264 116 60 non
860 1264 166 60 posset
976 1264 183 60 restare
1109 1264 250 60 foecunditas
1309 1264 100 60 ad
1359 1264 200 60 alterius
1509 1264 150 60 filii
1609 1264 283 60 productionem:
1842 1264 133 60 nisi
1925 1264 183 60 possent
2058 1264 133 60 esse
2141 1264 133 60 duae
2208 1264 83 60 pro

507 1317 226 65 ductiones
680 1317 174 65 omnino
802 1317 156 65 vnius
906 1317 87 65 &
940 1317 191 65 eiusdem
1079 1317 208 65 rationis
1235 1317 156 65 simul
1340 1317 104 65 ex
1392 1317 174 65 eodem,
1513 1317 104 65 vt
1565 1317 104 65 ex
1617 1317 121 65 quo
1687 1317 121 65 fit
1756 1317 243 65 generatio,
1947 1317 87 65 &
1982 1317 156 65 circa
2086 1317 174 65 omnino
2190 1317 104 65 idem

502 1365 256 66 vniformiter
707 1365 102 66 se
758 1365 205 66 habente:
912 1365 119 66 cum
980 1365 154 66 omnis
1082 1365 222 66 productio
1253 1365 205 66 filiorum
1407 1365 102 66 in
1458 1365 154 66 eadem
1560 1365 171 66 natura
1680 1365 188 66 eiusdem
1816 1365 205 66 rationis
1970 1365 137 66 est:
2055 1365 154 66 sicut
2157 1365 85 66 &
2175 1365 119 66 omnes

500 1419 137 70 filii
591 1419 76 70 &
621 1419 137 70 omnes
712 1419 228 70 filiationes
895 1419 152 70 eorum.
1001 1419 228 70 Impossibile
1183 1419 106 70 est
1244 1419 122 70 enim
1320 1419 243 70 simpliciter:
1517 1419 122 70 quod
1593 1419 182 70 filiatio
1730 1419 106 70 vna
1791 1419 91 70 ab
1836 1419 122 70 alia
1912 1419 182 70 differat
2049 1419 152 70 aliqua
2140 1419 152 70 differem

503 1483 95 64 tia
558 1483 95 64 aut
612 1483 150 64 ratione
721 1483 163 64 formali:
843 1483 109 64 nisi
911 1483 122 64 forte
993 1483 163 64 secundum
1115 1483 217 64 differentiam
1292 1483 177 64 naturarum
1428 1483 190 64 diuersarum
1577 1483 82 64 in
1618 1483 136 64 quibus
1713 1483 109 64 sunt
1781 1483 109 64 quae
1849 1483 95 64 eis
1903 1483 95 64 per
1958 1483 217 64 generationem
2121 1483 163 64 communican

503 1523 119 80 tur.
578 1523 89 80 Et
622 1523 104 80 hoc
682 1523 104 80 vel
741 1523 179 80 secundum
875 1523 164 80 speciem
994 1523 253 80 differentium:
1203 1523 223 80 quemadmodum
1381 1523 149 80 potest
1485 1523 119 80 poni
1560 1523 119 80 alia
1634 1523 164 80 species
1753 1523 223 80 filiationis
1932 1523 104 80 qua
1991 1523 104 80 hic
2051 1523 119 80 homo
2125 1523 104 80 est
2170 1523 119 80 filius

492 1581 150 67 illius
597 1581 180 67 hominis:
732 1581 75 67 &
762 1581 120 67 alia
837 1581 105 67 qua
897 1581 105 67 hic
957 1581 135 67 equus
1047 1581 105 67 est
1107 1581 150 67 filius
1212 1581 150 67 illius
1317 1581 135 67 equi:
1408 1581 225 67 quemadmodum
1588 1581 120 67 alia
1663 1581 105 67 est
1723 1581 150 67 specie
1828 1581 150 67 natura
1933 1581 180 67 hominis,
2068 1581 75 67 &
2098 1581 120 67 alia
2173 1581 150 67 natura

501 1640 157 62 equi.
605 1640 122 62 Vel
675 1640 210 62 secundum
832 1640 192 62 numerum
972 1640 297 62 differentium:
1217 1640 262 62 quemadmodum
1426 1640 175 62 potest
1549 1640 140 62 poni
1636 1640 140 62 alia
1723 1640 210 62 filiatio
1881 1640 175 62 numero
2003 1640 122 62 qua
2073 1640 122 62 hic
2143 1640 140 62 homo
2213 1640 87 62 est

497 1681 165 80 filius
613 1681 165 80 illius
729 1681 198 80 hominis:
877 1681 83 80 &
910 1681 116 80 qua
976 1681 149 80 alius
1075 1681 132 80 homo
1158 1681 116 80 est
1224 1681 165 80 filius
1339 1681 116 80 vel
1406 1681 182 80 eiusdem
1538 1681 149 80 cuius
1637 1681 116 80 est
1703 1681 149 80 alter
1802 1681 182 80 filius,
1934 1681 116 80 vel
2000 1681 215 80 alterius:
2165 1681 165 80 quemad

490 1747 157 60 modum
594 1747 140 60 ania
681 1747 122 60 est
751 1747 174 60 numero
873 1747 174 60 natura
995 1747 192 60 hominis
1135 1747 105 60 in
1187 1747 122 60 vno
1257 1747 87 60 &
1292 1747 105 60 in
1344 1747 192 60 altero.
1484 1747 122 60 Nec
1553 1747 174 60 refert
1676 1747 140 60 siue
1763 1747 140 60 sint
1850 1747 157 60 filii
1955 1747 192 60 eiusdem
2094 1747 192 60 patris,
2216 1747 70 60 si

494 1800 92 76 ue
540 1800 230 76 diuersorum:
724 1800 123 76 quia
801 1800 123 76 ordo
877 1800 169 76 illorum
1000 1800 92 76 ad
1046 1800 123 76 suos
1123 1800 154 76 patres
1230 1800 246 76 accidentalis
1430 1800 123 76 est.
1507 1800 138 76 ILLVD
1599 1800 138 76 autem
1691 1800 200 76 consequem
1844 1800 184 76 scilicet
1983 1800 123 76 quod
2059 1800 138 76 simul
2151 1800 169 76 possint
2259 1800 46 76 l

499 1852 149 62 esse
593 1852 149 62 duae
686 1852 299 62 productiones
929 1852 187 62 omnino
1059 1852 168 62 vnius
1171 1852 93 62 &
1209 1852 205 62 eiusdem
1358 1852 224 62 rationis
1526 1852 112 62 ex
1582 1852 168 62 eodem
1694 1852 93 62 &
1731 1852 168 62 circa
1843 1852 149 62 idem
1936 1852 187 62 omnino
2048 1852 243 62 vniformiter

502 1898 102 84 se
553 1898 187 84 habens:
689 1898 170 84 omnino
808 1898 119 84 est
875 1898 272 84 impossibile:
1096 1898 136 84 siue
1181 1898 102 84 ab
1232 1898 153 84 eodem
1334 1898 238 84 generante,
1520 1898 136 84 siue
1605 1898 85 84 a
1639 1898 221 84 diuersis:
1809 1898 153 84 sicut
1911 1898 255 84 impossibile
2114 1898 119 84 est
2182 1898 136 84 vnam
2250 1898 51 84 &

492 1968 190 64 eandem
625 1968 209 64 naturam
776 1968 190 64 omnino
909 1968 190 64 semper
1042 1968 284 64 vniformiter
1269 1968 114 64 se
1326 1968 227 64 habentem
1497 1968 171 64 simul
1611 1968 95 64 &
1648 1968 171 64 semel
1762 1968 190 64 moueri
1895 1968 152 64 siue
1990 1968 114 64 ab
2047 1968 171 64 eodem
2160 1968 152 64 siue
2236 1968 57 64 a

495 2003 220 75 pluribus
659 2003 220 75 diuersis
824 2003 201 75 motibus
970 2003 293 75 generationis
1208 2003 128 75 vel
1282 2003 293 75 alterationis
1519 2003 110 75 in
1574 2003 146 75 idem
1666 2003 220 75 secundum
1831 2003 220 75 speciem,
1995 2003 238 75 differens
2160 2003 128 75 autem

498 2068 208 61 secundum
654 2068 208 61 numerum:
809 2068 87 61 &
844 2068 121 61 hoc
913 2068 156 61 iuxta
1017 2068 156 61 artem
1121 2068 260 61 philosophi:
1329 2068 121 61 qua
1398 2068 260 61 determinat.
1606 2068 104 61 V.
1658 2068 208 61 Physicae
1814 2068 139 61 quod
1900 2068 156 61 motus
2004 2068 121 61 est
2073 2068 173 61 genere
2177 2068 104 61 vnus

494 2114 195 77 secundum
640 2114 179 77 figuras
770 2114 293 77 praedicamenti.
1014 2114 130 77 Quia
1096 2114 146 77 motus
1193 2114 114 77 est
1258 2114 130 77 vnus
1340 2114 179 77 genere,
1470 2114 114 77 qui
1535 2114 114 77 est
1600 2114 98 77 in
1649 2114 114 77 rem
1714 2114 146 77 vnius
1811 2114 277 77 praedicamenti
2039 2114 179 77 genere.
2153 2114 130 77 Specie

494 2178 153 67 autem
596 2178 136 67 vnus
681 2178 136 67 est:
766 2178 119 67 cum
835 2178 119 67 est
903 2178 170 67 genere
1022 2178 136 67 vnus
1107 2178 85 67 &
1141 2178 221 67 indiuidua
1311 2178 187 67 specie.
1448 2178 102 67 id
1499 2178 119 67 est
1567 2178 153 67 motus
1669 2178 119 67 est
1737 2178 136 67 vnus
1822 2178 170 67 specie
1941 2178 119 67 qui
2010 2178 119 67 est
2078 2178 102 67 in
2129 2178 119 67 rem
2180 2178 102 67 ean-

494 2229 106 67 dem
555 2229 167 67 specie.
676 2229 76 67 &
707 2229 137 67 sicut
798 2229 152 67 dicit,
904 2229 122 67 esse
980 2229 137 67 motum
1072 2229 122 67 vnum
1148 2229 152 67 genere
1254 2229 106 67 aut
1315 2229 167 67 specie,
1437 2229 106 67 est
1497 2229 76 67 a
1528 2229 91 67 re
1573 2229 91 67 in
1619 2229 122 67 quam
1695 2229 182 67 mouetur:
1832 2229 76 67 i
1862 2229 182 67 scilicet
1999 2229 106 67 vna
2060 2229 152 67 genere
2166 2229 106 67 aut
2212 2229 76 67 spe

498 2284 132 72 cie.
581 2284 116 72 Sed
647 2284 116 72 non
714 2284 232 72 requiritur
896 2284 132 72 quod
978 2284 116 72 sit
1045 2284 132 72 vnum
1127 2284 132 72 quod
1210 2284 199 72 mouetur:
1359 2284 149 72 neque
1458 2284 132 72 quod
1541 2284 99 72 in
1591 2284 149 72 eodem
1690 2284 199 72 tempore:
1839 2284 116 72 sed
1905 2284 149 72 motus
2005 2284 248 72 simpliciter
2187 2284 99 72 vnus

499 2336 106 65 est
559 2336 90 65 in
604 2336 166 65 omnibus
725 2336 121 65 his:
800 2336 136 65 quia.
891 2336 181 65 scilicet
1027 2336 166 65 oportet
1147 2336 121 65 quod
1223 2336 106 65 sit
1283 2336 121 65 vnum
1358 2336 151 65 genere
1464 2336 75 65 &
1494 2336 151 65 specie
1600 2336 90 65 in
1645 2336 121 65 quid
1720 2336 181 65 mouetur.
1856 2336 90 65 Et
1901 2336 121 65 quod
1976 2336 136 65 motus
2067 2336 90 65 in
2112 2336 136 65 eodem
2188 2336 90 65 ten-

492 2393 140 56 pore
580 2393 298 56 indiuisibili:
826 2393 88 56 &
861 2393 140 56 quod
949 2393 228 56 subiectum
1124 2393 228 56 sustinens
1300 2393 158 56 motum
1405 2393 123 56 sit
1475 2393 140 56 vnum
1563 2393 123 56 per
1633 2393 123 56 se,
1704 2393 88 56 &
1739 2393 123 56 non
1809 2393 211 56 secundum
1967 2393 228 56 accidens.
2143 2393 105 56 si
2178 2393 105 56 enim

498 2443 105 58 sit
558 2443 120 58 vnum
633 2443 105 58 per
694 2443 105 58 se,
754 2443 75 58 &
784 2443 151 58 tempus
889 2443 105 58 est
950 2443 136 58 vnum.
1040 2443 75 58 &
1070 2443 181 58 secundum
1206 2443 166 58 speciem
1326 2443 105 58 est
1386 2443 136 58 vnum:
1477 2443 90 58 in
1522 2443 120 58 quod
1597 2443 105 58 non
1658 2443 151 58 potest
1763 2443 136 58 motus
1853 2443 120 58 esse
1929 2443 120 58 nisi
2004 2443 151 58 numero
2109 2443 136 58 vnus.
2185 2443 105 58 Dicit

489 2502 131 64 autem
577 2502 102 64 non
635 2502 102 64 per
693 2502 189 64 accidens:
838 2502 116 64 quia
911 2502 87 64 vt
954 2502 131 64 dicit
1041 2502 174 64 Comment.
1172 2502 87 64 si
1216 2502 145 64 fuerit
1317 2502 116 64 vnum
1390 2502 102 64 per
1448 2502 189 64 accidens:
1593 2502 116 64 tunc
1666 2502 116 64 erit
1739 2502 189 64 possibile
1884 2502 87 64 vt
1927 2502 174 64 moueatur
2058 2502 145 64 duobus
2145 2502 131 64 motibus

490 2543 169 71 insimul
613 2543 92 71 in
659 2543 139 71 eodem
751 2543 185 71 tempore.
890 2543 139 71 Verbi
982 2543 169 71 gratia.
1106 2543 169 71 quoniam
1229 2543 139 71 album
1321 2543 77 71 &
1352 2543 154 71 Sortes
1460 2543 123 71 sunt
1537 2543 123 71 idem
1614 2543 108 71 per
1675 2543 200 71 accidens,
1829 2543 77 71 &
1860 2543 246 71 nigrificatur
2060 2543 185 71 secundum
2184 2543 92 71 quod

495 2608 121 65 est
564 2608 172 65 album:
684 2608 86 65 &
719 2608 189 65 ambulat
856 2608 207 65 secundum
1011 2608 138 65 quod
1098 2608 121 65 est
1166 2608 189 65 Sortes.
1304 2608 138 65 Vnde
1390 2608 121 65 non
1459 2608 121 65 est
1528 2608 138 65 plus
1614 2608 224 65 possibile
1787 2608 138 65 quod
1873 2608 138 65 idem
1959 2608 121 65 per
2028 2608 103 65 se
2079 2608 207 65 moueatur
2217 2608 69 65 di

495 2656 182 61 uersis
622 2656 201 61 motibus
768 2656 219 61 secundum
932 2656 182 61 eandem
1060 2656 201 61 speciem
1206 2656 182 61 motus:
1334 2656 146 61 quam
1425 2656 128 61 sit
1498 2656 237 61 possibile
1680 2656 146 61 duos
1771 2656 201 61 homines
1917 2656 182 61 sanari
2045 2656 219 61 secundum
2191 2656 91 61 eun

492 2705 123 64 dem
563 2705 159 64 motum
669 2705 247 64 sanationis
863 2705 212 64 secundum
1022 2705 212 64 numerum.
1180 2705 159 64 Minor
1286 2705 159 64 dicti
1392 2705 300 64 prosyllogismi
1639 2705 194 64 clarior
1780 2705 141 64 est.
1868 2705 194 64 quoniam
2009 2705 123 64 cum
2080 2705 106 64 in
2133 2705 123 64 deo
2186 2705 88 64 nul

485 2763 109 64 la
539 2763 163 64 cadat
648 2763 308 64 transmutatio:
902 2763 163 64 omnis
1011 2763 163 64 actus
1120 2763 109 64 in
1174 2763 199 64 diuinis
1319 2763 181 64 semper
1446 2763 127 64 est
1518 2763 254 64 permanens:
1718 2763 91 64 &
1754 2763 236 64 similiter
1935 2763 145 64 omne
2026 2763 236 64 productum
2189 2763 91 64 per

487 2818 169 70 actum,
605 2818 84 70 &
639 2818 253 70 vniformiter
842 2818 186 70 necesse
977 2818 118 70 est
1044 2818 169 70 semper
1163 2818 101 70 se
1213 2818 169 70 habere
1331 2818 152 70 illud
1433 2818 101 70 ex
1483 2818 118 70 quo
1551 2818 253 70 producitur,
1754 2818 220 70 cuiusmodi
1922 2818 118 70 est
1990 2818 169 70 diuina
2091 2818 186 70 essentia.

488 2872 112 58 AD
544 2872 318 58 declarationem
807 2872 169 58 autem
919 2872 187 58 omnium
1050 2872 300 58 praedictorum
1293 2872 169 58 quasi
1406 2872 94 58 a
1443 2872 187 58 capite
1574 2872 225 58 inchoand
1743 2872 206 58 dicimus
1893 2872 150 58 quod
1986 2872 281 58 essentialia
2192 2872 75 58 om

485 2927 101 58 nia
542 2927 87 58 in
586 2927 159 58 diuinis
701 2927 115 58 sunt
773 2927 87 58 in
816 2927 101 58 vna
874 2927 159 58 persona
990 2927 216 58 innascibili
1163 2927 115 58 quae
1235 2927 101 58 est
1293 2927 130 58 deus,
1379 2927 101 58 non
1437 2927 87 58 de
1480 2927 115 58 deo,
1552 2927 144 58 habens
1653 2927 115 58 illa
1726 2927 130 58 omnia
1812 2927 216 58 naturaliter
1985 2927 87 58 ex
2029 2927 101 58 se.
2086 2927 72 58 &
2115 2927 115 58 ideo
2187 2927 87 58 ex
2216 2927 58 58 se

483 2969 161 75 habet
590 2969 107 75 in
644 2969 107 75 se
698 2969 268 75 intellectum
912 2969 89 75 &
948 2969 250 75 voluntatem
1145 2969 143 75 quae
1234 2969 143 75 sunt
1324 2969 125 75 per
1395 2969 107 75 se
1449 2969 233 75 principia
1628 2969 179 75 omnium
1753 2969 304 75 productionum.
2004 2969 161 75 Licet
2111 2969 143 75 enim
2200 2969 107 75 in

483 3037 122 60 ter
552 3037 104 60 se
604 3037 139 60 sola
691 3037 191 60 ratione
830 3037 243 60 differant:
1021 3037 104 60 vt
1073 3037 139 60 sunt
1160 3037 278 60 essentialia:
1386 3037 139 60 sunt
1472 3037 156 60 tamen
1576 3037 191 60 radices
1715 3037 278 60 processionum
1941 3037 260 60 notionalium
2149 3037 87 60 a
2167 3037 104 60 per-

485 3081 132 65 sona
568 3081 265 65 innascibili.
783 3081 166 65 Quorum
899 3081 99 65 in
949 3081 132 65 omni
1032 3081 166 65 ordine
1148 3081 265 65 differentium
1363 3081 116 65 vbi
1429 3081 215 65 inuenitur
1594 3081 149 65 minor
1694 3081 265 65 differentia:
1909 3081 99 65 vt
1959 3081 99 65 in
2008 3081 116 65 eis
2074 3081 132 65 quae
2141 3081 132 65 minime

485 3130 212 98 differunt
648 3130 98 98 in
697 3130 163 98 ordine
811 3130 147 98 illo:
909 3130 114 98 ibi
974 3130 114 98 est
1039 3130 179 98 initium
1170 3130 261 98 differentiae
1382 3130 196 98 maioris:
1529 3130 245 98 quemadmodum
1724 3130 147 98 ratio
1822 3130 163 98 primae
1936 3130 196 98 vnitatis
2067 3130 212 98 simplicissi
