2424 3760
454 294 108 73 non
515 294 170 73 aliquid
639 294 217 73 formabile:
809 294 124 73 quod
887 294 124 73 esse
964 294 108 73 non
1026 294 155 73 posset
1134 294 186 73 informe.
1273 294 108 73 Nos
1335 294 155 73 igitur
1444 294 93 73 ex
1490 294 124 73 fide
1567 294 201 73 tenentes,
1722 294 77 73 &
1753 294 93 73 ex
1799 294 232 73 subsequente
1985 294 170 73 ratione
2093 294 155 73 declaram

448 355 133 72 tes,
532 355 133 72 quod
615 355 100 72 ad
665 355 266 72 perfectionem
881 355 250 72 operationis
1081 355 300 72 intellectualis
1331 355 83 72 &
1364 355 250 72 voluntariae
1564 355 100 72 in
1613 355 117 72 deo
1680 355 183 72 necesse
1813 355 117 72 est
1880 355 100 72 in
1930 355 133 72 ipso
2013 355 166 72 ponere
2129 355 150 72 produ

456 417 193 58 ctionem
597 417 158 58 verbi
702 417 88 58 &
737 417 193 58 amoris:
878 417 88 58 &
913 417 123 58 cum
983 417 123 58 hoc
1053 417 263 58 supponentes
1264 417 140 58 quod
1351 417 140 58 deus
1439 417 228 58 creaturas
1614 417 211 58 produxit
1772 417 123 58 non
1842 417 105 58 ex
1895 417 193 58 naturae
2035 417 246 58 necessita-

456 462 113 68 te,
520 462 113 68 sed
585 462 97 68 ex
633 462 258 68 dispositione
843 462 129 68 suae
924 462 242 68 sapientiae,
1117 462 81 68 &
1149 462 226 68 voluntatis
1327 462 226 68 electione,
1504 462 97 68 vt
1553 462 145 68 nulla
1649 462 258 68 necessitate,
1859 462 113 68 sed
1923 462 210 68 solummodo
2085 462 145 68 ipsas
2165 462 81 68 pro

452 509 150 81 ducit
552 509 166 81 liberi
669 509 200 81 arbitrii
819 509 117 81 sui
885 509 216 81 electione
1052 509 200 81 secundum
1201 509 133 81 quod
1285 509 150 81 alias
1384 509 183 81 poterit
1518 509 233 81 declarari:
1701 509 183 81 dicimus
1834 509 133 81 quod
1917 509 216 81 productio
2067 509 183 81 diuinarum

456 580 255 56 personarum
656 580 255 56 necessario
856 580 237 56 praecedit
1038 580 291 56 productionem
1275 580 273 56 creaturarum
1493 580 200 56 tanquam
1638 580 164 56 causa
1748 580 182 56 earum.
1875 580 109 56 AD
1930 580 164 56 cuius
2020 580 237 56 intellectum

452 631 234 59 sciendum,
632 631 144 59 quod
722 631 144 59 deus
812 631 126 59 est
884 631 162 59 causa
992 631 288 59 productionis
1226 631 270 59 creaturarum
1443 631 126 59 per
1515 631 252 59 sapientiam
1713 631 126 59 qua
1785 631 162 59 ipsas
1893 631 252 59 cognoscit,
2091 631 90 59 &
2109 631 144 59 amorem

460 682 123 62 quo
531 682 123 62 eas
601 682 210 62 diligit.
758 682 123 62 Non
828 682 175 62 tantum
951 682 123 62 per
1021 682 245 62 sapientiam
1214 682 88 62 &
1249 682 175 62 amorem
1372 682 228 62 quocunque
1547 682 140 62 modo
1635 682 105 62 se
1687 682 228 62 habentes:
1862 682 140 62 quia
1950 682 123 62 non
2020 682 123 62 per
2090 682 158 62 ipsos
2178 682 70 62 vt

452 735 136 70 sunt
537 735 222 70 simplicis
708 735 307 70 intelligentiae
963 735 85 70 &
997 735 256 70 voluntatis:
1202 735 119 70 sed
1270 735 119 70 per
1338 735 239 70 sapientiam
1526 735 102 70 vt
1577 735 119 70 est
1645 735 256 70 intellectus
1850 735 256 70 disponentis
2054 735 222 70 operanda:

464 792 81 59 &
496 792 114 59 per
561 792 162 59 amorem
675 792 97 59 vt
724 792 114 59 est
789 792 227 59 voluntatis
967 792 130 59 opus
1048 792 260 59 affectantis,
1259 792 292 59 quantuncumque,
1503 792 114 59 n.m
1568 792 244 59 intellectus
1763 792 244 59 cognosceret
1958 792 211 59 operanda:
2120 792 97 59 si
2169 792 114 59 non

464 844 105 63 de
516 844 122 63 eis
586 844 105 63 vt
638 844 105 63 de
691 844 227 63 operandis
865 844 262 63 disponeret,
1075 844 87 63 &
1110 844 297 63 quantumcunque
1355 844 210 63 voluntas
1512 844 210 63 operanda
1669 844 245 63 diligeret,
1862 844 105 63 si
1914 844 280 63 productionem
2124 844 122 63 eorum

463 893 120 57 non
531 893 257 57 affectaret:
737 893 189 57 nunquam
874 893 120 57 per
943 893 257 57 intellectum
1149 893 86 57 &
1183 893 240 57 voluntatem
1372 893 137 57 siue
1457 893 120 57 per
1526 893 240 57 sapientiam
1714 893 86 57 &
1749 893 171 57 amorem
1869 893 137 57 illa
1955 893 257 57 produceret:
2143 893 103 57 quia

460 945 232 69 sapientia
639 945 89 69 &
674 945 143 69 amor
763 945 232 69 huiusmodi
942 945 107 69 ad
995 945 161 69 puram
1102 945 303 69 speculationem
1352 945 250 69 pertinent.
1548 945 125 69 Sed
1620 945 143 69 tunc
1709 945 161 69 primo
1816 945 143 69 opus
1905 945 250 69 producitur
2101 945 125 69 cum
2155 945 89 69 sa-

468 999 184 72 pientia
602 999 252 72 disponitur,
804 999 84 72 &
837 999 218 72 voluntate
1005 999 252 72 affectatur:
1206 999 134 72 quia
1290 999 218 72 sapientia
1458 999 84 72 &
1491 999 134 72 amor
1575 999 218 72 huiusmodi
1743 999 101 72 ad
1793 999 201 72 proximum
1944 999 235 72 pertinent.
2112 999 134 72 Quemad

452 1059 161 60 modum
559 1059 143 60 enim
649 1059 161 60 forma
756 1059 233 60 naturalis
935 1059 125 60 non
1007 1059 125 60 est
1079 1059 251 60 principium
1275 1059 215 60 actionis
1437 1059 215 60 secundum
1598 1059 143 60 quod
1687 1059 125 60 est
1759 1059 233 60 perfectio
1938 1059 143 60 eius
2027 1059 107 60 in
2081 1059 125 60 quo
2135 1059 107 60 est:

464 1106 120 57 sed
532 1106 223 57 solummodo
704 1106 206 57 secundum
858 1106 137 57 quod
943 1106 154 57 habet
1046 1106 223 57 respectum
1217 1106 103 57 ad
1269 1106 223 57 effectum:
1440 1106 223 57 similiter
1611 1106 223 57 sapientia
1783 1106 120 57 aut
1851 1106 137 57 amor
1937 1106 206 57 secundum
2091 1106 137 57 quod
2159 1106 86 57 est

464 1159 152 65 forma
565 1159 253 65 intellectus
767 1159 118 65 aut
835 1159 236 65 voluntatis
1020 1159 118 65 non
1087 1159 118 65 est
1155 1159 202 65 actionis
1306 1159 253 65 principium:
1508 1159 118 65 sed
1575 1159 152 65 solum
1677 1159 202 65 secundum
1828 1159 135 65 quod
1912 1159 152 65 habet
2013 1159 219 65 respectum
2182 1159 101 65 ad

458 1213 219 68 effectum.
627 1213 219 68 Sapientia
795 1213 152 68 autem
896 1213 219 68 disponens
1065 1213 84 68 &
1099 1213 135 68 amor
1183 1213 219 68 affectans
1352 1213 118 68 qui
1419 1213 236 68 respiciunt
1604 1213 169 68 actum,
1722 1213 118 68 non
1790 1213 135 68 sunt
1874 1213 135 68 nisi
1958 1213 219 68 sapientia
2127 1213 84 68 &
2144 1213 101 68 amor

454 1272 236 64 procedens.
640 1272 135 64 Quod
724 1272 152 64 patet
825 1272 118 64 per
893 1272 203 64 exemplum
1045 1272 101 64 in
1095 1272 203 64 artifice
1247 1272 152 64 primo
1349 1272 101 64 ex
1399 1272 152 64 parte
1500 1272 270 64 intellectus.
1720 1272 186 64 Artifex
1855 1272 135 64 enim
1939 1272 101 64 in
1990 1272 219 64 sapientia
2159 1272 118 64 ar-

458 1317 118 71 tis
526 1317 202 71 duplicem
677 1317 152 71 habet
778 1317 202 71 notitiam
930 1317 101 71 de
981 1317 236 71 artificio.
1166 1317 135 71 Vnam
1250 1317 219 71 simplicis
1419 1317 202 71 notitiae
1571 1317 101 71 in
1621 1317 135 71 arte
1706 1317 253 71 vniuersali,
1908 1317 118 71 qua
1975 1317 202 71 intuetur
2110 1317 135 71 operam

462 1373 101 67 da
513 1373 135 67 pura
597 1373 287 67 speculatione,
833 1373 84 67 &
867 1373 152 67 aliam
968 1373 203 67 notitiae
1120 1373 270 67 dispositiuae
1340 1373 101 67 ad
1390 1373 152 67 opus,
1492 1373 118 67 qua
1559 1373 101 67 in
1610 1373 135 67 arte
1694 1373 253 67 particulari
1897 1373 203 67 concepta
2048 1373 101 67 de
2099 1373 135 67 arte
2167 1373 84 67 vni

457 1427 186 68 uersali
592 1427 203 68 intuetur
745 1427 186 68 ordinem
880 1427 271 68 productionis
1100 1427 135 68 suae
1184 1427 101 68 in
1235 1427 152 68 opus.
1337 1427 85 68 &
1370 1427 118 68 est
1438 1427 203 68 cognitio
1590 1427 220 68 practica:
1759 1427 135 68 sine
1844 1427 118 68 qua
1912 1427 220 68 artificem
2064 1427 186 68 impossibi

468 1481 94 61 le
515 1481 109 61 est
578 1481 94 61 in
624 1481 125 61 opus
702 1481 218 61 procedere.
874 1481 203 61 Similiter
1029 1481 78 61 &
1061 1481 94 61 ex
1107 1481 140 61 parte
1201 1481 234 61 voluntatis.
1388 1481 171 61 Artifex
1513 1481 140 61 primo
1606 1481 187 61 duplicem
1746 1481 140 61 habet
1840 1481 156 61 amorem
1949 1481 249 61 artificiati.
2151 1481 125 61 Vnum

467 1535 214 64 simplicem
631 1535 115 64 quo
697 1535 165 64 placet
813 1535 99 64 ei
862 1535 148 64 forma
961 1535 231 64 artificii:
1142 1535 115 64 qui
1208 1535 115 64 non
1274 1535 181 64 ordinat
1406 1535 99 64 ad
1455 1535 148 64 opus.
1554 1535 148 64 Alium
1653 1535 132 64 vero
1735 1535 231 64 affectiuum
1916 1535 115 64 quo
1982 1535 132 64 opus
2065 1535 148 64 fieri
2147 1535 99 64 desi

462 1594 180 57 derat.
588 1594 108 57 Et
642 1594 126 57 est
714 1594 180 57 primus
840 1594 144 57 amor
931 1594 288 57 beneplaciti:
1165 1594 216 57 secundus
1327 1594 144 57 vero
1417 1594 360 57 concupiscentiae.
1723 1594 162 57 Primo
1832 1594 144 57 enim
1922 1594 180 57 placet
2048 1594 180 57 bonum:
2156 1594 90 57 se-

467 1641 149 64 cundo
567 1641 132 64 vero
649 1641 132 64 bono
732 1641 132 64 quod
815 1641 165 64 placet
931 1641 132 64 vult
1013 1641 165 64 bonum.
1129 1641 83 64 &
1162 1641 199 64 procedit
1311 1641 132 64 iste
1394 1641 132 64 amor
1477 1641 199 64 secundus
1625 1641 99 64 in
1675 1641 215 64 voluntate
1840 1641 99 64 de
1890 1641 165 64 primo.
2006 1641 132 64 quia
2089 1641 132 64 enim
2155 1641 99 64 pla-

462 1703 109 59 cet
525 1703 125 59 mihi
603 1703 156 59 bonum,
712 1703 94 59 ei
759 1703 140 59 bonum
853 1703 203 59 desidero.
1009 1703 250 59 Consimiliter
1211 1703 140 59 autem
1305 1703 109 59 est
1368 1703 78 59 &
1399 1703 94 59 ex
1446 1703 140 59 parte
1539 1703 125 59 dei.
1617 1703 94 59 In
1664 1703 187 59 simplici
1804 1703 125 59 enim
1882 1703 172 59 notitia
2007 1703 125 59 eius
2085 1703 125 59 quae
2148 1703 109 59 essen

470 1750 153 52 tialis
577 1750 122 52 est:
653 1750 122 52 quam
729 1750 122 52 agit
805 1750 92 52 in
851 1750 214 52 intellectu
1019 1750 137 52 forma
1111 1750 229 52 intellecta,
1294 1750 76 52 &
1324 1750 107 52 est
1385 1750 122 52 ipse
1462 1750 137 52 actus
1553 1750 259 52 intelligendi:
1767 1750 137 52 nouit
1858 1750 168 52 singula
1980 1750 229 52 simpliciter
2163 1750 76 52 &
2194 1750 92 52 ab

462 1802 184 66 solute:
596 1802 184 66 tanquam
729 1802 100 66 in
780 1802 301 66 manifestatione
1030 1802 167 66 quadam
1147 1802 167 66 habita
1264 1802 100 66 de
1314 1802 100 66 re
1364 1802 250 66 intellecta.
1564 1802 100 66 In
1614 1802 184 66 notitia
1748 1802 134 66 vero
1832 1802 200 66 producta
1982 1802 100 66 de
2032 1802 100 66 ea
2082 1802 117 66 per
2132 1802 117 66 actum

470 1857 212 62 dicendi,
629 1857 159 62 nouit
736 1857 159 62 eadem
842 1857 106 62 vt
895 1857 106 62 in
948 1857 265 62 declaratiuo
1160 1857 88 62 &
1195 1857 301 62 manifestatiuo
1443 1857 194 62 quodam:
1584 1857 88 62 &
1620 1857 124 62 hoc
1690 1857 141 62 siue
1779 1857 248 62 pertineant
1973 1857 106 62 ad
2026 1857 141 62 suam
2097 1857 159 62 essenti

468 1920 119 57 am,
536 1920 136 57 siue
621 1920 136 57 sint
706 1920 204 57 operanda
859 1920 170 57 extra.
979 1920 119 57 Sed
1047 1920 255 57 specialiter
1251 1920 153 57 nouit
1353 1920 102 57 in
1404 1920 102 57 ea
1455 1920 204 57 operanda
1608 1920 187 57 tanquam
1744 1920 102 57 in
1795 1920 170 57 quodam
1915 1920 255 57 dispositiuo
2119 1920 85 57 &
2136 1920 119 57 ordi-

472 1967 164 59 natiuo
587 1967 148 59 eorum
685 1967 99 59 ad
734 1967 148 59 opus:
833 1967 115 59 ita
899 1967 131 59 quod
981 1967 148 59 licet
1079 1967 148 59 istae
1178 1967 131 59 duae
1260 1967 197 59 notitiae
1408 1967 131 59 sint
1490 1967 115 59 vna
1555 1967 82 59 &
1588 1967 148 59 eadem
1687 1967 115 59 re,
1752 1967 148 59 sicut
1851 1967 148 59 omnia
1949 1967 131 59 quae
2032 1967 131 59 sunt
2114 1967 99 59 in
2163 1967 115 59 deo

472 2017 116 68 vna
539 2017 149 68 tamen
638 2017 116 68 est
704 2017 99 68 vt
754 2017 282 68 manifestatiua
986 2017 83 68 &
1019 2017 265 68 dispositiua,
1234 2017 166 68 altera
1350 2017 133 68 vero
1433 2017 215 68 solummodo
1599 2017 99 68 vt
1649 2017 265 68 manifestatio
1864 2017 199 68 quaedam:
2013 2017 83 68 &
2046 2017 116 68 est
2112 2017 116 68 vna
2162 2017 83 68 pro

470 2065 164 77 cedens
584 2065 98 77 de
633 2065 164 77 altera
748 2065 196 77 aequalis
895 2065 98 77 ei
944 2065 115 77 per
1010 2065 164 77 omnia.
1124 2065 98 77 Et
1174 2065 147 77 sicut
1272 2065 115 77 est
1337 2065 98 77 de
1386 2065 180 77 duplici
1517 2065 180 77 notitia
1648 2065 98 77 ex
1697 2065 147 77 parte
1796 2065 262 77 intellectus:
2008 2065 115 77 ita
2074 2065 115 77 est
2139 2065 115 77 suo
2189 2065 65 77 mo

468 2124 102 63 do
519 2124 102 63 de
570 2124 186 63 duplici
705 2124 152 63 amore
807 2124 102 63 ex
858 2124 152 63 parte
959 2124 254 63 voluntatis:
1162 2124 119 63 ita
1230 2124 135 63 quod
1315 2124 186 63 notitia
1450 2124 85 63 &
1484 2124 135 63 amor
1569 2124 203 63 secundum
1721 2124 135 63 quod
1806 2124 135 63 sunt
1890 2124 254 63 procedentes
2094 2124 135 63 sunt
2161 2124 85 63 ra-

470 2178 166 66 tiones
587 2178 200 66 secundum
737 2178 133 66 quas
820 2178 216 66 creaturae
986 2178 250 66 producuntur
1186 2178 100 66 in
1236 2178 150 66 esse:
1336 2178 116 66 ita
1402 2178 133 66 quod
1485 2178 216 66 productio
1652 2178 250 66 creaturarum
1852 2178 266 66 praesupponit
2051 2178 200 66 causaliter

467 2237 277 60 productionem
691 2237 259 60 personarum:
899 2237 121 60 non
968 2237 138 60 quia
1054 2237 86 60 a
1089 2237 138 60 tota
1175 2237 242 60 trinitate,
1366 2237 86 60 &
1400 2237 121 60 ita
1469 2237 104 60 ab
1521 2237 156 60 ipsis
1625 2237 207 60 personis
1780 2237 225 60 productis
1953 2237 259 60 producuntur
2143 2237 104 60 crea

467 2286 147 66 turae
565 2286 196 66 secundum
712 2286 147 66 genus
810 2286 164 66 causae
925 2286 262 66 efficientis:
1138 2286 115 66 sed
1203 2286 131 66 quia
1285 2286 213 66 sapientia
1449 2286 82 66 &
1482 2286 131 66 amor
1563 2286 213 66 producti,
1727 2286 131 66 sunt
1809 2286 196 66 rationes
1956 2286 98 66 in
2005 2286 229 66 intellectu
2169 2286 82 66 es-

469 2337 215 61 sentiali
631 2337 90 61 &
666 2337 233 61 voluntate
846 2337 251 61 trinitatis
1043 2337 287 61 dispositiuae
1277 2337 90 61 &
1313 2337 269 61 ordinatiuae
1528 2337 108 61 ad
1582 2337 269 61 creaturarum
1797 2337 287 61 productionem
2031 2337 215 61 secundum
2174 2337 72 61 ge

461 2391 120 60 nus
530 2391 223 60 concausae
701 2391 223 60 formalis:
873 2391 137 60 sine
959 2391 172 60 quibus
1079 2391 258 60 intellectus
1286 2391 86 60 &
1320 2391 206 60 voluntas
1475 2391 258 60 essentialis
1681 2391 120 60 cum
1750 2391 223 60 sapientia
1921 2391 86 60 &
1956 2391 155 60 amore
2042 2391 206 60 essentiali

469 2451 115 68 non
534 2451 264 68 sufficienter
749 2451 247 68 disponerent
947 2451 280 68 intelligentes
1178 2451 82 68 &
1211 2451 198 68 volentes
1359 2451 99 68 ad
1409 2451 148 68 ipsas
1508 2451 214 68 creaturas
1673 2451 264 68 producendas.
1887 2451 214 68 Sapientia
2052 2451 132 68 enim
2135 2451 99 68 vt
2168 2451 82 68 est

463 2505 261 68 essentialis,
674 2505 114 68 non
740 2505 114 68 est
805 2505 130 68 nisi
886 2505 261 68 speculatiua.
1098 2505 81 68 &
1130 2505 147 68 ideae
1228 2505 98 68 vt
1277 2505 130 68 sunt
1358 2505 98 68 in
1407 2505 130 68 tali
1489 2505 228 68 sapientia,
1668 2505 114 68 non
1733 2505 130 68 sunt
1814 2505 130 68 nisi
1896 2505 195 68 rationes
2026 2505 228 68 cognoscendi.

468 2553 218 57 Sapientia
636 2553 134 57 vero
720 2553 101 57 vt
770 2553 117 57 est
837 2553 235 57 personalis
1021 2553 134 57 siue
1105 2553 168 57 genita
1222 2553 101 57 in
1272 2553 168 57 verbo,
1390 2553 117 57 non
1457 2553 168 57 tantum
1574 2553 117 57 est
1641 2553 251 57 speculatiua
1842 2553 101 57 ad
1892 2553 251 57 cognoscenda
2093 2553 101 57 ea
2143 2553 134 57 quae

466 2606 138 59 sunt
552 2606 103 59 in
603 2606 120 59 deo
672 2606 86 59 &
707 2606 155 59 extra
810 2606 172 59 ipsum,
930 2606 189 59 habendo
1068 2606 103 59 in
1120 2606 103 59 se
1171 2606 206 59 rationes
1326 2606 206 59 ideales:
1481 2606 103 59 vt
1532 2606 138 59 sunt
1618 2606 155 59 solum
1722 2606 224 59 principia
1894 2606 275 59 cognoscendi:
2117 2606 120 59 sed
2169 2606 86 59 eti

465 2660 105 69 am
517 2660 122 69 est
587 2660 209 69 practica
744 2660 209 69 respectu
901 2660 279 69 operandorum:
1128 2660 227 69 continens
1302 2660 105 69 in
1355 2660 105 69 se
1407 2660 157 69 ideas
1512 2660 105 69 vt
1564 2660 140 69 sunt
1652 2660 227 69 principia
1826 2660 227 69 operandi.
2001 2660 192 69 Propter
2140 2660 140 69 quid

463 2713 143 66 dicit
559 2713 223 66 Apostolus.
734 2713 95 66 i.
781 2713 95 66 ad
829 2713 191 66 Corinth.
972 2713 95 66 i.
1020 2713 239 66 Praedicamus
1211 2713 191 66 Christum
1354 2713 111 66 dei
1418 2713 207 66 virtutem,
1577 2713 80 66 &
1609 2713 111 66 dei
1672 2713 239 66 sapientiam.
1863 2713 191 66 Virtutem
2006 2713 207 66 inquantum
2165 2713 111 66 ha-

467 2768 110 69 bet
530 2768 188 69 rationem
671 2768 220 69 sapientiae
844 2768 220 69 practicae:
1016 2768 141 69 prout
1111 2768 141 69 etiam
1205 2768 157 69 verbum
1314 2768 173 69 dicitur
1440 2768 204 69 operatiua
1597 2768 204 69 potentia.
1754 2768 220 69 Sapientiam
1926 2768 204 69 inquantum
2083 2768 141 69 habet
2162 2768 78 69 ra-

467 2824 172 62 tionem
587 2824 241 62 sapientiae
777 2824 293 62 speculatiuae:
1019 2824 121 62 non
1088 2824 121 62 qua
1157 2824 172 62 sapuit
1277 2824 224 62 sapientia
1450 2824 224 62 ingenita:
1622 2824 121 62 sed
1691 2824 103 62 in
1743 2824 121 62 qua
1812 2824 172 62 sapit.
1933 2824 103 62 Ex
1984 2824 121 62 quo
2053 2824 172 62 aperte
2157 2824 86 62 pa-

460 2875 136 60 tet:
545 2875 136 60 quod
630 2875 153 60 sicut
732 2875 136 60 ordo
817 2875 170 60 quidam
935 2875 204 60 rationis
1088 2875 102 60 in
1139 2875 289 60 essentialibus
1377 2875 119 60 deo
1445 2875 204 60 secundum
1598 2875 255 60 intellectum
1802 2875 187 60 nostrum
1937 2875 102 60 in
1988 2875 136 60 esse
2073 2875 119 60 dei
2141 2875 136 60 qua-

461 2930 107 57 si
515 2930 161 57 ortum
622 2930 161 57 habet
729 2930 107 57 vt
783 2930 107 57 in
836 2930 161 57 primo
943 2930 89 57 &
979 2930 304 57 simplicissimo
1229 2930 89 57 &
1265 2930 339 57 principalissimo
1551 2930 214 57 conceptu
1711 2930 196 57 diuino:
1854 2930 143 57 siue
1943 2930 107 57 de
1997 2930 143 57 deo:
2086 2930 89 57 &
2104 2930 143 57 termi-

459 2984 146 73 natur
556 2984 97 73 in
605 2984 243 73 intelligere
799 2984 81 73 &
832 2984 211 73 praecipue
994 2984 97 73 in
1043 2984 130 73 ipso
1124 2984 162 73 velle:
1237 2984 130 73 quae
1318 2984 130 73 sunt
1400 2984 243 73 essentialia
1594 2984 162 73 maxime
1708 2984 211 73 distantia
1870 2984 81 73 &
1902 2984 243 73 differentia
2081 2984 162 73 secundum

469 3037 220 74 rationem:
638 3037 135 74 quae
723 3037 253 74 includuntur
925 3037 101 74 in
976 3037 118 74 vna
1044 3037 84 74 &
1077 3037 152 74 prima
1179 3037 186 74 persona
1314 3037 135 74 quae
1398 3037 270 74 innascibilis
1618 3037 135 74 est,
1702 3037 84 74 &
1736 3037 135 74 deus
1821 3037 118 74 non
1888 3037 101 74 de
1939 3037 135 74 deo:
2023 3037 84 74 a
2057 3037 118 74 quo
2108 3037 135 74 ordine

476 3095 152 69 quodam
582 3095 183 69 originis
719 3095 91 69 in
765 3095 244 69 personalibus
963 3095 198 69 inchoatur
1115 3095 76 69 &
1146 3095 213 69 terminatur
1313 3095 91 69 in
1359 3095 167 69 persona
1481 3095 183 69 spiritus
1618 3095 167 69 sancti:
1740 3095 91 69 in
1785 3095 107 69 quo
1846 3095 213 69 hierarchia
1998 3095 244 69 supercaelestis

475 3144 208 87 terminatur.
642 3144 111 87 Quae
711 3144 167 87 quodammo
836 3144 83 87 in
878 3144 111 87 esse
947 3144 139 87 diuino
1044 3144 194 87 inchoatur:
1197 3144 167 87 secundum
1322 3144 111 87 quod
1391 3144 153 87 habitum
1502 3144 97 87 est
1558 3144 139 87 partim
1655 3144 83 87 in
1697 3144 208 87 praecedenti
1863 3144 208 87 quaestione,
2030 3144 125 87 parti
2113 3144 83 87 in
2141 3144 97 87 istas
