2442 3668
184 218 119 77 nere
259 218 89 77 in
303 218 179 77 generato
437 218 104 77 per
497 218 209 77 miraculum.
661 218 119 77 bene
735 218 119 77 enim
810 218 149 77 potest
914 218 104 77 per
974 218 194 77 miraculum
1123 218 179 77 generari
1257 218 164 77 aliquid
1376 218 89 77 ex
1421 218 164 77 morbosa
1540 218 224 77 substantia:
1719 218 119 77 quae
1778 218 209 77 seminaliteri

191 293 131 78 Adam
272 293 147 78 fuit,
370 293 82 78 &
403 293 114 78 per
468 293 212 78 seminalem
632 293 212 78 rationem:
795 293 147 78 licet
893 293 114 78 non
959 293 245 78 naturaliter
1155 293 82 78 &
1187 293 245 78 seminaliter
1383 293 98 78 ex
1432 293 131 78 illo
1514 293 212 78 generatum
1678 293 131 78 sit:
1759 293 114 78 hoc
1825 293 114 78 est
1890 293 131 78 modo

181 345 131 64 nat
256 345 188 64 uralis
388 345 300 64 generationis
632 345 169 64 patre
744 345 244 64 seminante
932 345 113 64 in
970 345 150 64 matre.

527 387 151 68 Irca
621 387 226 68 Secundum
791 387 264 68 arguebatur
998 387 188 68 Primo:
1130 387 151 68 quod
1224 387 226 68 paruulus
1394 387 207 68 delatus
1545 387 113 68 ad
1601 387 245 68 ecclesiam
1790 387 207 68 interim
1922 387 75 68 mo

530 447 139 60 riens
622 447 201 60 saluatur.
777 447 185 60 Matthaei
915 447 154 60 octauo
1024 447 170 60 dicitur
1147 447 93 60 de
1193 447 216 60 ferentibus
1363 447 185 60 curandum
1502 447 93 60 ad
1548 447 154 60 lesum.
1656 447 154 60 Videns
1764 447 139 60 fidem
1857 447 170 60 illorum

522 503 223 58 misertus
690 503 130 58 est
764 503 167 58 eius,
876 503 93 58 &
913 503 205 58 curauit
1062 503 149 58 eum.
1155 503 130 58 tam
1229 503 112 58 in
1285 503 205 58 corpore
1434 503 149 58 quam
1527 503 112 58 in
1583 503 186 58 anima.
1713 503 112 58 Si
1769 503 149 58 ergo
1843 503 149 58 adulto

522 555 175 64 potuit
644 555 175 64 valere
766 555 157 64 fides
871 555 192 64 aliorum
1010 555 105 64 ad
1063 555 279 64 emundationem
1290 555 209 64 actualis
1447 555 209 64 peccati,
1604 555 157 64 multo
1709 555 192 64 fortius
1831 555 157 64 paruulo

526 617 107 62 ad
580 617 285 62 emundationem
811 617 267 62 originalis.
1025 617 196 62 Contra.
1168 617 196 62 loannis
1311 617 178 62 tertio
1435 617 214 62 dicitur.
1596 617 143 62 Nisi
1685 617 143 62 quis
1774 617 196 62 renatus
1899 617 89 62 fue

503 653 125 75 rit
574 653 107 75 ex
628 653 143 75 aqua
717 653 89 75 &
753 653 196 75 spiritu
895 653 178 75 sancto
1020 653 125 75 &c.
1092 653 143 75 lste
1181 653 160 75 autem
1288 653 125 75 non
1359 653 125 75 sic
1430 653 125 75 est
1502 653 214 75 renatus,
1662 653 143 75 ergo
1751 653 125 75 non
1805 653 178 75 intrabit

297 718 168 62 gnum.
410 718 225 62 DIcendum
578 718 112 62 ad
634 718 131 62 hoc
709 718 131 62 non
784 718 318 62 praeiudicando
1046 718 206 62 diuina:
1196 718 243 62 potestati
1383 718 94 62 &
1420 718 281 62 ordinationi
1645 718 131 62 qua
1720 718 187 62 potest
1832 718 150 62 salua-

195 768 97 73 re
243 768 210 73 quemlibet
405 768 291 73 qualitercumque
647 768 145 73 vult,
744 768 145 73 talem
841 768 194 73 paruulum
986 768 81 73 &
1019 768 226 73 quemcunque
1196 768 162 73 alium:
1310 768 129 73 quod
1390 768 145 73 sicut
1487 768 97 73 in
1536 768 129 73 lege
1616 768 178 73 naturae
1746 768 113 73 non
1794 768 194 73 saluabatur

194 827 202 68 paruulus
345 827 134 68 nisi
429 827 101 68 in
480 827 134 68 fide
564 827 218 68 parentum,
732 827 101 68 in
782 827 134 68 lege
866 827 151 68 Moysi
967 827 84 68 a
1001 827 118 68 die
1068 827 168 68 octauo
1186 827 118 68 per
1253 827 319 68 circuncisionem,
1522 827 118 68 sic
1589 827 101 68 in
1639 827 134 68 lege
1723 827 218 68 Euangelii
1874 827 118 68 secun

187 891 128 57 dum
260 891 219 57 communem
424 891 182 57 cursum
551 891 200 57 diuinae
697 891 200 57 gratiae
843 891 182 57 nuilus
970 891 237 57 saluatur,
1152 891 146 57 nisi
1243 891 200 57 ablutus
1389 891 164 57 aquis
1498 891 237 57 baptismi:
1680 891 91 57 &
1717 891 128 57 hoc
1790 891 109 57 ex
1826 891 164 57 virtute

195 938 171 60 edicti
314 938 154 60 legis
417 938 205 60 diuinae.
570 938 154 60 Modum
673 938 154 60 autem
775 938 85 60 &
809 938 205 60 rationem
963 938 222 60 iustitiae
1133 938 154 60 talis
1235 938 171 60 edicti
1355 938 256 60 impertinens
1560 938 119 60 est
1628 938 102 60 ad
1679 938 239 60 propositum
1850 938 136 60 inten-

185 989 141 64 tum
265 989 261 64 exponere.
466 989 121 64 AD
526 989 281 64 Argumentum
747 989 121 64 in
808 989 261 64 oppositum
1009 989 261 64 dicendum:
1210 989 161 64 quod
1310 989 241 64 secundum
1491 989 241 64 conmunem
1672 989 201 64 cursum
1792 989 181 64 gratiae

199 1043 154 64 prima
301 1043 171 64 gratia
421 1043 171 64 potest
541 1043 171 64 homini
661 1043 171 64 mereri
780 1043 120 64 per
849 1043 171 64 alios:
968 1043 103 64 vt
1020 1043 120 64 per
1088 1043 154 64 illam
1191 1043 222 64 excitetur
1362 1043 103 64 in
1413 1043 171 64 libero
1532 1043 205 64 arbitrio
1686 1043 103 64 ad
1738 1043 274 64 praeparandum

191 1093 106 57 se
244 1093 106 57 ad
297 1093 282 57 suscipiendum
526 1093 141 57 motu
615 1093 212 57 propriae
773 1093 247 57 voluntatis
967 1093 212 57 secundam
1126 1093 212 57 gratiam.
1285 1093 106 57 Et
1338 1093 123 57 sic
1408 1093 159 57 fides
1514 1093 194 57 aliorum
1655 1093 176 57 potuit
1778 1093 141 57 illi
1849 1093 141 57 adulto

182 1148 251 55 subuenire.
379 1148 125 55 sed
451 1148 125 55 non
522 1148 143 55 fine
612 1148 161 55 motu,
719 1148 215 55 propriae
880 1148 251 55 voluntatis
1077 1148 322 55 interueniente.
1346 1148 143 55 Quia
1435 1148 143 55 ergo
1525 1148 215 55 paruulus
1686 1148 179 55 nuilum
1811 1148 161 55 motum
1901 1148 90 55 pro

184 1205 160 60 priae
291 1205 250 60 voluntatis
487 1205 178 60 potuit
612 1205 232 60 adhibere:
790 1205 143 60 etsi
880 1205 178 60 primam
1004 1205 196 60 gratiam
1147 1205 250 60 recepisset
1343 1205 178 60 merito
1468 1205 160 60 fidei
1575 1205 214 60 aliorum:
1735 1205 143 60 ideo
1807 1205 178 60 mediante

185 1256 138 68 illa
271 1256 120 68 non
340 1256 172 68 potuit
460 1256 206 68 secundum
615 1256 189 68 commnem
752 1256 155 68 legem
855 1256 275 68 susceptionis
1079 1256 206 68 gratiae:
1234 1256 206 68 secundam
1388 1256 189 68 gratiam
1526 1256 224 68 recepisse
1698 1256 103 68 ad
1749 1256 275 68 emundationem

171 1311 194 63 peccati
312 1311 264 63 originalis.
523 1311 88 63 &
559 1311 123 63 sic
629 1311 123 63 non
699 1311 123 63 est
770 1311 176 63 simile
893 1311 106 63 de
946 1311 141 63 isto
1034 1311 176 63 curato
1157 1311 88 63 &
1192 1311 141 63 illo
1280 1311 211 63 paruulo.
1438 1311 106 63 Sl
1491 1311 158 63 autem
1597 1311 176 63 omnino
1720 1311 158 63 fides
1826 1311 194 63 aliorum

192 1366 162 68 illum
300 1366 216 68 curauit:
462 1366 126 68 hoc
534 1366 144 68 fuit
624 1366 180 68 gratia
750 1366 252 68 specialis,
948 1366 90 68 &
984 1366 162 68 talem
1092 1366 180 68 potuit
1219 1366 144 68 isti
1309 1366 198 68 paruulo
1453 1366 234 68 concedere
1633 1366 90 68 &
1669 1366 126 68 eum
1741 1366 216 68 saluare.
1903 1366 90 68 &
1921 1366 72 68 de

188 1410 134 61 hoc
264 1410 172 61 nihil
379 1410 211 61 habemus
532 1410 249 61 iudicare.

539 1463 177 65 Ertia
657 1463 236 65 quaestio
835 1463 315 65 proponebatur
1091 1463 158 65 sine
1189 1463 276 65 argumento,
1406 1463 98 65 &
1445 1463 158 65 ideo
1544 1463 236 65 breuiter
1721 1463 236 65 dicendum
1898 1463 118 65 ad

549 1519 140 62 psam
637 1519 140 62 quod
725 1519 105 62 in
777 1519 210 62 paruulis
935 1519 193 62 omnibus
1075 1519 228 62 originale
1250 1519 210 62 peccatum
1407 1519 193 62 aequale
1547 1519 140 62 est,
1635 1519 88 62 &
1670 1519 210 62 aequalis
1827 1519 158 62 poena
1915 1519 70 62 ei

532 1577 182 65 debetur
665 1577 99 65 in
715 1577 199 65 omnibus:
863 1577 149 65 poena
963 1577 166 65 danmni
1079 1577 215 65 scilicet,
1244 1577 99 65 vt
1294 1577 215 65 carentiae
1459 1577 199 65 visionis
1608 1577 132 65 dei:
1691 1577 132 65 quae
1774 1577 116 65 est
1840 1577 132 65 pura
1906 1577 83 65 pri

534 1635 189 68 uatio:
666 1635 113 68 in
723 1635 132 68 qua
798 1635 132 68 non
874 1635 189 68 cadunt
1006 1635 170 68 maius
1119 1635 94 68 &
1157 1635 189 68 minus.
1289 1635 170 68 nulla
1402 1635 170 68 autem
1515 1635 132 68 est
1591 1635 170 68 poena
1704 1635 189 68 sensus
1836 1635 113 68 in
1893 1635 132 68 qua

518 1668 183 76 maius
640 1668 102 76 &
680 1668 183 76 minus
803 1668 183 76 locum
925 1668 204 76 habere
1067 1668 244 76 possunt.
1250 1668 102 76 &
1291 1668 163 76 ideo
1393 1668 163 76 cum,
1495 1668 122 76 vt
1556 1668 142 76 iam
1637 1668 204 76 dictum
1779 1668 163 76 est,
1861 1668 122 76 par-

522 1727 160 68 uulo
622 1727 260 68 decedente
822 1727 160 68 sine
923 1727 240 68 baptismo
1103 1727 120 68 in
1163 1727 180 68 nullo
1283 1727 320 68 suffragantur
1543 1727 240 68 secundum
1724 1727 240 68 communem
1884 1727 100 68 le-

194 1791 121 68 gem
263 1791 172 68 merita
383 1791 121 68 aut
452 1791 155 68 fides
555 1791 224 68 parentum:
728 1791 207 68 aequalis
883 1791 138 68 erit
969 1791 224 68 danmnatio
1141 1791 86 68 &
1176 1791 155 68 poena
1279 1791 189 68 paruuli
1417 1791 189 68 fidelis
1554 1791 241 68 decedentis
1744 1791 138 68 sine
1813 1791 172 68 baptismo

193 1840 105 60 &
214 1840 251 60 Sarraceni.

508 1887 225 76 Imiliter
677 1887 94 76 &
714 1887 187 76 quarta
845 1887 225 76 quaestio
1014 1887 150 76 sine
1108 1887 243 76 argumento
1295 1887 318 76 proponebatur,
1557 1887 94 76 &
1594 1887 150 76 ideo
1688 1887 112 76 ad
1744 1887 169 76 ipsam
1838 1887 131 76 simi-

525 1960 138 57 liter
617 1960 184 57 dicendum
755 1960 184 57 breuiter
892 1960 123 57 quod
969 1960 215 57 cimiterium
1138 1960 107 57 non
1199 1960 107 57 est
1260 1960 123 57 nisi
1337 1960 92 57 ad
1383 1960 215 57 reuerenter
1551 1960 245 57 custodiendum
1750 1960 169 57 corpora
1858 1960 107 57 filio

518 2021 106 61 rum
578 2021 197 61 ecclesiae
730 2021 91 61 in
775 2021 136 61 terra
866 2021 136 61 vsque
957 2021 91 61 ad
1002 2021 167 61 finalem
1123 2021 288 61 resurrectionem:
1366 2021 151 61 quorum
1471 2021 151 61 animae
1577 2021 212 61 requescunt
1744 2021 106 61 cum
1804 2021 106 61 deo
1865 2021 91 61 in
1895 2021 76 61 cae

520 2065 135 60 lis:
604 2065 202 60 secundum
756 2065 135 60 quod
840 2065 253 60 aestimatur.
1043 2065 135 60 vnde
1127 2065 84 60 &
1161 2065 337 60 excommunicatorum
1447 2065 185 60 corpora
1582 2065 101 60 de
1633 2065 169 60 quibus
1734 2065 236 60 praesumitur.

524 2122 100 57 ab
574 2122 199 57 ecclesia
724 2122 100 57 in
773 2122 133 57 foro
856 2122 216 57 exteriori
1023 2122 133 57 quod
1106 2122 166 57 animae
1222 2122 149 57 eorum
1321 2122 133 57 sunt
1404 2122 216 57 separatae
1570 2122 100 57 ab
1620 2122 199 57 ecclesia
1753 2122 216 57 triumphante

522 2175 105 64 in
575 2175 229 64 cimiterio
751 2175 123 64 non
821 2175 281 64 sepeliuntur.
1050 2175 158 64 Quare
1155 2175 123 64 cum
1226 2175 211 64 ecclesia
1384 2175 211 64 supponit
1542 2175 176 64 animam
1665 2175 158 64 dicti
1771 2175 193 64 paruuli
1894 2175 70 64 da

188 2239 201 67 mnatam:
334 2239 183 67 corpus
462 2239 146 67 eius
553 2239 110 67 in
608 2239 238 67 cimiterio
791 2239 219 67 sepeliri
955 2239 128 67 non
1028 2239 183 67 debet:
1156 2239 183 67 maxime
1284 2239 110 67 ea
1339 2239 110 67 de
1394 2239 164 67 causa
1503 2239 146 67 quod
1595 2239 128 67 per
1668 2239 274 67 sacramentum
1869 2239 91 67 re-

192 2279 279 73 enerationis
416 2279 205 73 nunquam
564 2279 242 73 ecclesiae
751 2279 205 73 membrum
881 2279 130 73 fuit.

510 2326 223 76 Equuntur
677 2326 278 76 quaestiones
900 2326 111 76 de
956 2326 186 76 homine
1086 2326 278 76 pertinentes
1308 2326 111 76 ad
1364 2326 186 76 statum
1494 2326 186 76 culpae
1624 2326 241 76 actualis.
1810 2326 93 76 &
1828 2326 130 76 propo

500 2401 208 68 nebantur
656 2401 156 68 duae.
760 2401 173 68 Prima:
881 2401 156 68 vtrum
985 2401 278 68 principalius
1211 2401 104 68 in
1263 2401 191 68 peccato
1402 2401 121 68 sit
1471 2401 191 68 auersio
1610 2401 104 68 an
1662 2401 243 68 conversio.
1836 2401 121 68 Secun

515 2447 127 64 da:
587 2447 163 64 vtrum
696 2447 217 64 quilibet
859 2447 217 64 teneatur
1022 2447 163 64 scire
1131 2447 109 64 de
1185 2447 217 64 quolibet
1348 2447 217 64 peccato:
1511 2447 163 64 vtrum
1620 2447 127 64 sit
1692 2447 199 64 mortale
1837 2447 109 64 an
1873 2447 91 64 ve-

511 2501 192 56 niale.
645 2501 173 56 ClRCA
761 2501 192 56 Primum
895 2501 269 56 arguebatur
1106 2501 154 56 quod
1203 2501 211 56 auersio
1356 2501 154 56 sit.
1452 2501 154 56 quod
1548 2501 269 56 principale
1760 2501 135 56 est
1837 2501 96 56 &
1856 2501 96 56 per

519 2560 96 53 se
567 2560 96 53 in
615 2560 191 53 peccato,
758 2560 191 53 priuatio
902 2560 128 53 est.
981 2560 112 53 sed
1045 2560 175 53 auersio
1173 2560 144 53 magis
1268 2560 207 53 consistit
1428 2560 96 53 in
1476 2560 223 53 priuatione
1651 2560 128 53 quam
1731 2560 223 53 conversio.
1890 2560 80 53 er-

511 2608 111 71 go
566 2608 129 71 &c.
640 2608 203 71 CONtra.
788 2608 166 71 illud
899 2608 129 71 est
973 2608 296 71 principalius
1213 2608 111 71 in
1268 2608 203 71 peccato
1416 2608 148 71 quod
1509 2608 129 71 est
1583 2608 166 71 causa
1694 2608 240 71 alterius.
1860 2608 111 71 Com-

187 2668 176 64 uersio
311 2668 106 64 in
363 2668 193 64 peccato
504 2668 123 64 est
574 2668 158 64 causa
680 2668 264 64 auersionis.
891 2668 193 64 Numquam
1032 2668 141 64 enim
1120 2668 264 64 auerteretur
1331 2668 141 64 homo
1419 2668 88 64 a
1454 2668 141 64 bono
1542 2668 299 64 incommutabili
1788 2668 141 64 nisi
1858 2668 106 64 pro-

188 2720 161 69 pter
288 2720 322 69 conuersionem
550 2720 121 69 ad
610 2720 181 69 bonum
731 2720 322 69 commutabile.
992 2720 161 69 ergo
1093 2720 141 69 &c.
1173 2720 241 69 DICENdum
1354 2720 121 69 ad
1414 2720 161 69 hoc:
1515 2720 161 69 quod
1615 2720 141 69 cum
1696 2720 121 69 in
1756 2720 161 69 omni
1836 2720 121 69 pec-

193 2774 142 65 cato
282 2774 124 65 duo
353 2774 159 65 sunt,
459 2774 213 65 scilicet
618 2774 159 65 actus
725 2774 248 65 voluntatis
920 2774 89 65 &
955 2774 266 65 deordinatio
1168 2774 159 65 circa
1274 2774 177 65 ipsum:
1398 2774 159 65 actus
1504 2774 230 65 materiale
1682 2774 124 65 est
1752 2774 106 65 in
1788 2774 177 65 peccato.

192 2828 272 69 deordinatio
409 2828 163 69 autem
518 2828 218 69 formale.
681 2828 163 69 actus
790 2828 145 69 enim
881 2828 127 69 non
953 2828 163 69 esset
1062 2828 218 69 peccatum
1226 2828 145 69 nisi
1316 2828 199 69 propter
1461 2828 326 69 deordinationem
1715 2828 254 69 contingentem

188 2883 159 68 circa
294 2883 177 68 ipsum.
418 2883 159 68 lilud
524 2883 159 68 autem
630 2883 106 68 in
683 2883 230 68 vnoquoque
859 2883 247 68 principale
1054 2883 124 68 est
1124 2883 88 68 a
1160 2883 124 68 quo
1230 2883 159 68 habet
1336 2883 141 68 esse
1425 2883 141 68 suum
1513 2883 212 68 formale.
1672 2883 159 68 Illud
1778 2883 141 68 ergo
1866 2883 141 68 quod

193 2935 119 64 est
261 2935 153 64 ratio
363 2935 306 64 deordinationis
618 2935 102 64 in
669 2935 204 64 peccato,
822 2935 238 64 principale
1009 2935 119 64 est
1077 2935 102 64 in
1129 2935 153 64 illo.
1231 2935 119 64 hoc
1299 2935 153 64 autem
1401 2935 119 64 est
1469 2935 187 64 auersio
1605 2935 85 64 &
1639 2935 119 64 non
1707 2935 238 64 conuersio.
1877 2935 85 64 sub

184 2986 196 69 stantia
327 2986 143 69 enim
416 2986 160 69 actus
523 2986 249 69 voluntatis
719 2986 232 69 peccantis
897 2986 107 69 in
950 2986 267 69 conuersione
1164 2986 107 69 ad
1218 2986 160 69 bonum
1325 2986 267 69 commutabile
1538 2986 232 69 consistit
1717 2986 107 69 vt
1752 2986 214 69 delectetur

189 3037 101 64 in
240 3037 152 64 illo,
341 3037 135 64 quae
426 3037 186 64 quantum
561 3037 118 64 est
629 3037 101 64 de
680 3037 118 64 se:
747 3037 118 64 non
815 3037 118 64 est
883 3037 152 64 mala.
984 3037 152 64 sicut
1086 3037 152 64 neque
1187 3037 152 64 ipsum
1288 3037 152 64 bonum
1390 3037 254 64 commutabile
1593 3037 152 64 malum
1694 3037 135 64 est.
1779 3037 118 64 sed
1847 3037 101 64 ex
1880 3037 85 64 hoc

179 3094 162 77 solum
287 3094 126 77 est
359 3094 144 77 mala
449 3094 90 77 &
485 3094 270 77 deordinata,
701 3094 144 77 quia
791 3094 126 77 est
863 3094 180 77 contra
989 3094 234 77 praecepta
1168 3094 198 77 diuinae
1312 3094 180 77 legis:
1438 3094 90 77 &
1474 3094 198 77 fruitur
1618 3094 144 77 homo
1708 3094 216 77 creatura
1870 3094 126 77 non
