<?xml version="1.0" encoding="UTF-8"?>
<alto xmlns:xsi="http://www.w3.org/2001/XMLSchema-instance"
      xmlns="http://www.loc.gov/standards/alto/ns-v2#"
      xmlns:page="http://schema.primaresearch.org/PAGE/gts/pagecontent/2013-07-15"
      xsi:schemaLocation="http://www.loc.gov/standards/alto/ns-v2# http://www.loc.gov/standards/alto/alto.xsd">
   <Description>
      <MeasurementUnit>pixel</MeasurementUnit>
      <OCRProcessing ID="IdOcr">
         <ocrProcessingStep>
            <processingDateTime>2020-04-22T20:10:49.512-04:00</processingDateTime>
            <processingSoftware>
               <softwareCreator>READ COOP</softwareCreator>
               <softwareName>Transkribus</softwareName>
            </processingSoftware>
         </ocrProcessingStep>
      </OCRProcessing>
   </Description>
   <Layout>
      <Page ID="Page1" PHYSICAL_IMG_NR="1" HEIGHT="3733" WIDTH="2449">
         <TopMargin HEIGHT="0" WIDTH="2449" VPOS="0" HPOS="0"/>
         <LeftMargin HEIGHT="3733" WIDTH="0" VPOS="0" HPOS="0"/>
         <RightMargin HEIGHT="3733" WIDTH="0" VPOS="0" HPOS="2449"/>
         <BottomMargin HEIGHT="0" WIDTH="2449" VPOS="3733" HPOS="0"/>
         <PrintSpace HEIGHT="3733" WIDTH="2449" VPOS="0" HPOS="0">
            <TextBlock ID="TextRegion_1582588195146_344"
                       HEIGHT="2910"
                       WIDTH="1786"
                       VPOS="320"
                       HPOS="168">
               <Shape>
                  <Polygon POINTS="168,320 1954,320 1954,3230 168,3230"/>
               </Shape>
               <TextLine ID="line_1582588202702_357"
                         BASELINE="397"
                         HEIGHT="88"
                         WIDTH="1796"
                         VPOS="309"
                         HPOS="159">
                  <String HEIGHT="88"
                          WIDTH="128"
                          VPOS="309"
                          HPOS="143"
                          CONTENT="Post"/>
                  <SP HEIGHT="88" WIDTH="16" VPOS="309" HPOS="271"/>
                  <String HEIGHT="88"
                          WIDTH="176"
                          VPOS="309"
                          HPOS="223"
                          CONTENT="ordinem"/>
                  <SP HEIGHT="88" WIDTH="16" VPOS="309" HPOS="400"/>
                  <String HEIGHT="88"
                          WIDTH="144"
                          VPOS="309"
                          HPOS="351"
                          CONTENT="autem"/>
                  <SP HEIGHT="88" WIDTH="16" VPOS="309" HPOS="496"/>
                  <String HEIGHT="88"
                          WIDTH="144"
                          VPOS="309"
                          HPOS="448"
                          CONTENT="huius"/>
                  <SP HEIGHT="88" WIDTH="16" VPOS="309" HPOS="592"/>
                  <String HEIGHT="88"
                          WIDTH="241"
                          VPOS="309"
                          HPOS="544"
                          CONTENT="hierarchiae"/>
                  <SP HEIGHT="88" WIDTH="16" VPOS="309" HPOS="784"/>
                  <String HEIGHT="88" WIDTH="112" VPOS="309" HPOS="736" CONTENT="non"/>
                  <SP HEIGHT="88" WIDTH="16" VPOS="309" HPOS="849"/>
                  <String HEIGHT="88"
                          WIDTH="160"
                          VPOS="309"
                          HPOS="800"
                          CONTENT="restat"/>
                  <SP HEIGHT="88" WIDTH="16" VPOS="309" HPOS="961"/>
                  <String HEIGHT="88"
                          WIDTH="128"
                          VPOS="309"
                          HPOS="913"
                          CONTENT="nisi"/>
                  <SP HEIGHT="88" WIDTH="16" VPOS="309" HPOS="1041"/>
                  <String HEIGHT="88"
                          WIDTH="128"
                          VPOS="309"
                          HPOS="993"
                          CONTENT="ordo"/>
                  <SP HEIGHT="88" WIDTH="16" VPOS="309" HPOS="1121"/>
                  <String HEIGHT="88"
                          WIDTH="241"
                          VPOS="309"
                          HPOS="1073"
                          CONTENT="hicrarchiae"/>
                  <SP HEIGHT="88" WIDTH="16" VPOS="309" HPOS="1314"/>
                  <String HEIGHT="88"
                          WIDTH="208"
                          VPOS="309"
                          HPOS="1265"
                          CONTENT="caelestis"/>
                  <SP HEIGHT="88" WIDTH="16" VPOS="309" HPOS="1474"/>
                  <String HEIGHT="88" WIDTH="80" VPOS="309" HPOS="1426" CONTENT="&amp;"/>
                  <SP HEIGHT="88" WIDTH="16" VPOS="309" HPOS="1506"/>
                  <String HEIGHT="88"
                          WIDTH="305"
                          VPOS="309"
                          HPOS="1458"
                          CONTENT="ecclesiasticae,"/>
                  <SP HEIGHT="88" WIDTH="16" VPOS="309" HPOS="1763"/>
                  <String HEIGHT="88"
                          WIDTH="128"
                          VPOS="309"
                          HPOS="1714"
                          CONTENT="quae"/>
                  <SP HEIGHT="88" WIDTH="16" VPOS="309" HPOS="1843"/>
                  <String HEIGHT="88"
                          WIDTH="176"
                          VPOS="309"
                          HPOS="1795"
                          CONTENT="incipit"/>
                  <SP HEIGHT="88" WIDTH="16" VPOS="309" HPOS="1971"/>
                  <String HEIGHT="88" WIDTH="48" VPOS="309" HPOS="1907" CONTENT="a"/>
               </TextLine>
               <TextLine ID="line_1582588181522_330"
                         BASELINE="449"
                         HEIGHT="69"
                         WIDTH="1790"
                         VPOS="380"
                         HPOS="174">
                  <String HEIGHT="69"
                          WIDTH="243"
                          VPOS="380"
                          HPOS="157"
                          CONTENT="creaturis,"/>
                  <SP HEIGHT="69" WIDTH="17" VPOS="380" HPOS="400"/>
                  <String HEIGHT="69"
                          WIDTH="139"
                          VPOS="380"
                          HPOS="348"
                          CONTENT="quae"/>
                  <SP HEIGHT="69" WIDTH="17" VPOS="380" HPOS="487"/>
                  <String HEIGHT="69" WIDTH="104" VPOS="380" HPOS="435" CONTENT="in"/>
                  <SP HEIGHT="69" WIDTH="17" VPOS="380" HPOS="539"/>
                  <String HEIGHT="69" WIDTH="122" VPOS="380" HPOS="487" CONTENT="sua"/>
                  <SP HEIGHT="69" WIDTH="17" VPOS="380" HPOS="608"/>
                  <String HEIGHT="69"
                          WIDTH="261"
                          VPOS="380"
                          HPOS="556"
                          CONTENT="differentia"/>
                  <SP HEIGHT="69" WIDTH="17" VPOS="380" HPOS="817"/>
                  <String HEIGHT="69"
                          WIDTH="191"
                          VPOS="380"
                          HPOS="765"
                          CONTENT="emanant"/>
                  <SP HEIGHT="69" WIDTH="17" VPOS="380" HPOS="956"/>
                  <String HEIGHT="69" WIDTH="87" VPOS="380" HPOS="904" CONTENT="a"/>
                  <SP HEIGHT="69" WIDTH="17" VPOS="380" HPOS="991"/>
                  <String HEIGHT="69"
                          WIDTH="226"
                          VPOS="380"
                          HPOS="939"
                          CONTENT="trinitate"/>
                  <SP HEIGHT="69" WIDTH="17" VPOS="380" HPOS="1165"/>
                  <String HEIGHT="69"
                          WIDTH="243"
                          VPOS="380"
                          HPOS="1112"
                          CONTENT="personarum"/>
                  <SP HEIGHT="69" WIDTH="17" VPOS="380" HPOS="1356"/>
                  <String HEIGHT="69"
                          WIDTH="226"
                          VPOS="380"
                          HPOS="1304"
                          CONTENT="diuinarum"/>
                  <SP HEIGHT="69" WIDTH="17" VPOS="380" HPOS="1530"/>
                  <String HEIGHT="69" WIDTH="104" VPOS="380" HPOS="1477" CONTENT="vt"/>
                  <SP HEIGHT="69" WIDTH="17" VPOS="380" HPOS="1582"/>
                  <String HEIGHT="69"
                          WIDTH="209"
                          VPOS="380"
                          HPOS="1530"
                          CONTENT="vniuntur"/>
                  <SP HEIGHT="69" WIDTH="17" VPOS="380" HPOS="1738"/>
                  <String HEIGHT="69" WIDTH="104" VPOS="380" HPOS="1686" CONTENT="in"/>
                  <SP HEIGHT="69" WIDTH="17" VPOS="380" HPOS="1790"/>
                  <String HEIGHT="69"
                          WIDTH="174"
                          VPOS="380"
                          HPOS="1738"
                          CONTENT="diuina"/>
                  <SP HEIGHT="69" WIDTH="17" VPOS="380" HPOS="1912"/>
                  <String HEIGHT="69"
                          WIDTH="122"
                          VPOS="380"
                          HPOS="1842"
                          CONTENT="essen"/>
               </TextLine>
               <TextLine ID="r1l4"
                         BASELINE="511"
                         HEIGHT="76"
                         WIDTH="1797"
                         VPOS="435"
                         HPOS="165">
                  <String HEIGHT="76"
                          WIDTH="132"
                          VPOS="435"
                          HPOS="149"
                          CONTENT="tia,"/>
                  <SP HEIGHT="76" WIDTH="16" VPOS="435" HPOS="280"/>
                  <String HEIGHT="76"
                          WIDTH="132"
                          VPOS="435"
                          HPOS="231"
                          CONTENT="quae"/>
                  <SP HEIGHT="76" WIDTH="16" VPOS="435" HPOS="363"/>
                  <String HEIGHT="76" WIDTH="115" VPOS="435" HPOS="313" CONTENT="sub"/>
                  <SP HEIGHT="76" WIDTH="16" VPOS="435" HPOS="429"/>
                  <String HEIGHT="76"
                          WIDTH="181"
                          VPOS="435"
                          HPOS="379"
                          CONTENT="ratione"/>
                  <SP HEIGHT="76" WIDTH="16" VPOS="435" HPOS="561"/>
                  <String HEIGHT="76" WIDTH="115" VPOS="435" HPOS="511" CONTENT="qua"/>
                  <SP HEIGHT="76" WIDTH="16" VPOS="435" HPOS="627"/>
                  <String HEIGHT="76" WIDTH="115" VPOS="435" HPOS="577" CONTENT="est"/>
                  <SP HEIGHT="76" WIDTH="16" VPOS="435" HPOS="693"/>
                  <String HEIGHT="76"
                          WIDTH="198"
                          VPOS="435"
                          HPOS="643"
                          CONTENT="voluntas"/>
                  <SP HEIGHT="76" WIDTH="16" VPOS="435" HPOS="841"/>
                  <String HEIGHT="76"
                          WIDTH="198"
                          VPOS="435"
                          HPOS="791"
                          CONTENT="arbitrio"/>
                  <SP HEIGHT="76" WIDTH="16" VPOS="435" HPOS="989"/>
                  <String HEIGHT="76"
                          WIDTH="181"
                          VPOS="435"
                          HPOS="940"
                          CONTENT="libera,"/>
                  <SP HEIGHT="76" WIDTH="16" VPOS="435" HPOS="1121"/>
                  <String HEIGHT="76"
                          WIDTH="115"
                          VPOS="435"
                          HPOS="1072"
                          CONTENT="est"/>
                  <SP HEIGHT="76" WIDTH="16" VPOS="435" HPOS="1187"/>
                  <String HEIGHT="76"
                          WIDTH="247"
                          VPOS="435"
                          HPOS="1138"
                          CONTENT="principalis"/>
                  <SP HEIGHT="76" WIDTH="16" VPOS="435" HPOS="1385"/>
                  <String HEIGHT="76"
                          WIDTH="148"
                          VPOS="435"
                          HPOS="1336"
                          CONTENT="ratio"/>
                  <SP HEIGHT="76" WIDTH="16" VPOS="435" HPOS="1484"/>
                  <String HEIGHT="76"
                          WIDTH="264"
                          VPOS="435"
                          HPOS="1434"
                          CONTENT="productionis"/>
                  <SP HEIGHT="76" WIDTH="16" VPOS="435" HPOS="1698"/>
                  <String HEIGHT="76"
                          WIDTH="165"
                          VPOS="435"
                          HPOS="1649"
                          CONTENT="omnium"/>
                  <SP HEIGHT="76" WIDTH="16" VPOS="435" HPOS="1814"/>
                  <String HEIGHT="76"
                          WIDTH="214"
                          VPOS="435"
                          HPOS="1748"
                          CONTENT="creaturarum"/>
               </TextLine>
               <TextLine ID="r1l5"
                         BASELINE="544"
                         HEIGHT="56"
                         WIDTH="1790"
                         VPOS="488"
                         HPOS="170">
                  <String HEIGHT="56"
                          WIDTH="142"
                          VPOS="488"
                          HPOS="152"
                          CONTENT="quae"/>
                  <SP HEIGHT="56" WIDTH="18" VPOS="488" HPOS="294"/>
                  <String HEIGHT="56" WIDTH="124" VPOS="488" HPOS="241" CONTENT="quo"/>
                  <SP HEIGHT="56" WIDTH="18" VPOS="488" HPOS="365"/>
                  <String HEIGHT="56" WIDTH="106" VPOS="488" HPOS="312" CONTENT="ad"/>
                  <SP HEIGHT="56" WIDTH="18" VPOS="488" HPOS="418"/>
                  <String HEIGHT="56"
                          WIDTH="160"
                          VPOS="488"
                          HPOS="365"
                          CONTENT="actum"/>
                  <SP HEIGHT="56" WIDTH="18" VPOS="488" HPOS="524"/>
                  <String HEIGHT="56"
                          WIDTH="248"
                          VPOS="488"
                          HPOS="471"
                          CONTENT="producendi"/>
                  <SP HEIGHT="56" WIDTH="18" VPOS="488" HPOS="719"/>
                  <String HEIGHT="56" WIDTH="106" VPOS="488" HPOS="666" CONTENT="in"/>
                  <SP HEIGHT="56" WIDTH="18" VPOS="488" HPOS="773"/>
                  <String HEIGHT="56" WIDTH="124" VPOS="488" HPOS="719" CONTENT="deo"/>
                  <SP HEIGHT="56" WIDTH="18" VPOS="488" HPOS="843"/>
                  <String HEIGHT="56"
                          WIDTH="177"
                          VPOS="488"
                          HPOS="790"
                          CONTENT="nuilum"/>
                  <SP HEIGHT="56" WIDTH="18" VPOS="488" HPOS="968"/>
                  <String HEIGHT="56"
                          WIDTH="160"
                          VPOS="488"
                          HPOS="914"
                          CONTENT="inter"/>
                  <SP HEIGHT="56" WIDTH="18" VPOS="488" HPOS="1074"/>
                  <String HEIGHT="56" WIDTH="106" VPOS="488" HPOS="1021" CONTENT="se"/>
                  <SP HEIGHT="56" WIDTH="18" VPOS="488" HPOS="1127"/>
                  <String HEIGHT="56"
                          WIDTH="177"
                          VPOS="488"
                          HPOS="1074"
                          CONTENT="habent"/>
                  <SP HEIGHT="56" WIDTH="18" VPOS="488" HPOS="1251"/>
                  <String HEIGHT="56"
                          WIDTH="195"
                          VPOS="488"
                          HPOS="1198"
                          CONTENT="ordinem"/>
                  <SP HEIGHT="56" WIDTH="18" VPOS="488" HPOS="1393"/>
                  <String HEIGHT="56"
                          WIDTH="213"
                          VPOS="488"
                          HPOS="1340"
                          CONTENT="respectu"/>
                  <SP HEIGHT="56" WIDTH="18" VPOS="488" HPOS="1552"/>
                  <String HEIGHT="56"
                          WIDTH="142"
                          VPOS="488"
                          HPOS="1499"
                          CONTENT="dei."/>
                  <SP HEIGHT="56" WIDTH="18" VPOS="488" HPOS="1641"/>
                  <String HEIGHT="56"
                          WIDTH="160"
                          VPOS="488"
                          HPOS="1588"
                          CONTENT="Forte"/>
                  <SP HEIGHT="56" WIDTH="18" VPOS="488" HPOS="1747"/>
                  <String HEIGHT="56"
                          WIDTH="142"
                          VPOS="488"
                          HPOS="1694"
                          CONTENT="enim"/>
                  <SP HEIGHT="56" WIDTH="18" VPOS="488" HPOS="1836"/>
                  <String HEIGHT="56"
                          WIDTH="142"
                          VPOS="488"
                          HPOS="1783"
                          CONTENT="deus"/>
                  <SP HEIGHT="56" WIDTH="18" VPOS="488" HPOS="1925"/>
                  <String HEIGHT="56"
                          WIDTH="106"
                          VPOS="488"
                          HPOS="1854"
                          CONTENT="cre"
                          SUBS_TYPE="HypPart1"
                          SUBS_CONTENT="creando"/>
                  <HYP CONTENT="-"/>
               </TextLine>
               <TextLine ID="r1l6"
                         BASELINE="605"
                         HEIGHT="69"
                         WIDTH="1786"
                         VPOS="536"
                         HPOS="172">
                  <String HEIGHT="69"
                          WIDTH="131"
                          VPOS="536"
                          HPOS="156"
                          CONTENT="ando"
                          SUBS_TYPE="HypPart2"
                          SUBS_CONTENT="creando"/>
                  <SP HEIGHT="69" WIDTH="16" VPOS="536" HPOS="287"/>
                  <String HEIGHT="69"
                          WIDTH="147"
                          VPOS="536"
                          HPOS="238"
                          CONTENT="omnia"/>
                  <SP HEIGHT="69" WIDTH="16" VPOS="536" HPOS="385"/>
                  <String HEIGHT="69"
                          WIDTH="147"
                          VPOS="536"
                          HPOS="336"
                          CONTENT="simul"/>
                  <SP HEIGHT="69" WIDTH="16" VPOS="536" HPOS="483"/>
                  <String HEIGHT="69"
                          WIDTH="213"
                          VPOS="536"
                          HPOS="434"
                          CONTENT="produxit:"/>
                  <SP HEIGHT="69" WIDTH="16" VPOS="536" HPOS="647"/>
                  <String HEIGHT="69" WIDTH="115" VPOS="536" HPOS="598" CONTENT="aut"/>
                  <SP HEIGHT="69" WIDTH="16" VPOS="536" HPOS="713"/>
                  <String HEIGHT="69" WIDTH="98" VPOS="536" HPOS="664" CONTENT="si"/>
                  <SP HEIGHT="69" WIDTH="16" VPOS="536" HPOS="762"/>
                  <String HEIGHT="69" WIDTH="115" VPOS="536" HPOS="713" CONTENT="non"/>
                  <SP HEIGHT="69" WIDTH="16" VPOS="536" HPOS="827"/>
                  <String HEIGHT="69"
                          WIDTH="164"
                          VPOS="536"
                          HPOS="778"
                          CONTENT="fecit:"/>
                  <SP HEIGHT="69" WIDTH="16" VPOS="536" HPOS="942"/>
                  <String HEIGHT="69" WIDTH="115" VPOS="536" HPOS="893" CONTENT="sed"/>
                  <SP HEIGHT="69" WIDTH="16" VPOS="536" HPOS="1008"/>
                  <String HEIGHT="69"
                          WIDTH="147"
                          VPOS="536"
                          HPOS="958"
                          CONTENT="primo"/>
                  <SP HEIGHT="69" WIDTH="16" VPOS="536" HPOS="1106"/>
                  <String HEIGHT="69"
                          WIDTH="197"
                          VPOS="536"
                          HPOS="1057"
                          CONTENT="produxit"/>
                  <SP HEIGHT="69" WIDTH="16" VPOS="536" HPOS="1253"/>
                  <String HEIGHT="69"
                          WIDTH="213"
                          VPOS="536"
                          HPOS="1204"
                          CONTENT="angelicam"/>
                  <SP HEIGHT="69" WIDTH="16" VPOS="536" HPOS="1417"/>
                  <String HEIGHT="69"
                          WIDTH="197"
                          VPOS="536"
                          HPOS="1368"
                          CONTENT="naturam:"/>
                  <SP HEIGHT="69" WIDTH="16" VPOS="536" HPOS="1565"/>
                  <String HEIGHT="69"
                          WIDTH="164"
                          VPOS="536"
                          HPOS="1516"
                          CONTENT="deinde"/>
                  <SP HEIGHT="69" WIDTH="16" VPOS="536" HPOS="1679"/>
                  <String HEIGHT="69"
                          WIDTH="147"
                          VPOS="536"
                          HPOS="1630"
                          CONTENT="alias"/>
                  <SP HEIGHT="69" WIDTH="16" VPOS="536" HPOS="1778"/>
                  <String HEIGHT="69"
                          WIDTH="197"
                          VPOS="536"
                          HPOS="1729"
                          CONTENT="secundum"/>
                  <SP HEIGHT="69" WIDTH="16" VPOS="536" HPOS="1925"/>
                  <String HEIGHT="69"
                          WIDTH="98"
                          VPOS="536"
                          HPOS="1860"
                          CONTENT="ordi"/>
               </TextLine>
               <TextLine ID="r1l7"
                         BASELINE="654"
                         HEIGHT="60"
                         WIDTH="1793"
                         VPOS="594"
                         HPOS="164">
                  <String HEIGHT="60" WIDTH="120" VPOS="594" HPOS="147" CONTENT="nem"/>
                  <SP HEIGHT="60" WIDTH="17" VPOS="594" HPOS="266"/>
                  <String HEIGHT="60" WIDTH="120" VPOS="594" HPOS="215" CONTENT="sex"/>
                  <SP HEIGHT="60" WIDTH="17" VPOS="594" HPOS="335"/>
                  <String HEIGHT="60"
                          WIDTH="188"
                          VPOS="594"
                          HPOS="284"
                          CONTENT="dierum:"/>
                  <SP HEIGHT="60" WIDTH="17" VPOS="594" HPOS="471"/>
                  <String HEIGHT="60"
                          WIDTH="171"
                          VPOS="594"
                          HPOS="420"
                          CONTENT="potuit"/>
                  <SP HEIGHT="60" WIDTH="17" VPOS="594" HPOS="591"/>
                  <String HEIGHT="60"
                          WIDTH="154"
                          VPOS="594"
                          HPOS="540"
                          CONTENT="tamen"/>
                  <SP HEIGHT="60" WIDTH="17" VPOS="594" HPOS="693"/>
                  <String HEIGHT="60"
                          WIDTH="154"
                          VPOS="594"
                          HPOS="642"
                          CONTENT="simul"/>
                  <SP HEIGHT="60" WIDTH="17" VPOS="594" HPOS="796"/>
                  <String HEIGHT="60"
                          WIDTH="154"
                          VPOS="594"
                          HPOS="745"
                          CONTENT="omnia"/>
                  <SP HEIGHT="60" WIDTH="17" VPOS="594" HPOS="898"/>
                  <String HEIGHT="60"
                          WIDTH="239"
                          VPOS="594"
                          HPOS="847"
                          CONTENT="producere:"/>
                  <SP HEIGHT="60" WIDTH="17" VPOS="594" HPOS="1086"/>
                  <String HEIGHT="60" WIDTH="85" VPOS="594" HPOS="1035" CONTENT="&amp;"/>
                  <SP HEIGHT="60" WIDTH="17" VPOS="594" HPOS="1120"/>
                  <String HEIGHT="60"
                          WIDTH="154"
                          VPOS="594"
                          HPOS="1069"
                          CONTENT="illam"/>
                  <SP HEIGHT="60" WIDTH="17" VPOS="594" HPOS="1223"/>
                  <String HEIGHT="60"
                          WIDTH="222"
                          VPOS="594"
                          HPOS="1171"
                          CONTENT="creaturam"/>
                  <SP HEIGHT="60" WIDTH="17" VPOS="594" HPOS="1393"/>
                  <String HEIGHT="60"
                          WIDTH="171"
                          VPOS="594"
                          HPOS="1342"
                          CONTENT="prius,"/>
                  <SP HEIGHT="60" WIDTH="17" VPOS="594" HPOS="1513"/>
                  <String HEIGHT="60"
                          WIDTH="137"
                          VPOS="594"
                          HPOS="1462"
                          CONTENT="quam"/>
                  <SP HEIGHT="60" WIDTH="17" VPOS="594" HPOS="1598"/>
                  <String HEIGHT="60"
                          WIDTH="154"
                          VPOS="594"
                          HPOS="1547"
                          CONTENT="forte"/>
                  <SP HEIGHT="60" WIDTH="17" VPOS="594" HPOS="1701"/>
                  <String HEIGHT="60"
                          WIDTH="205"
                          VPOS="594"
                          HPOS="1650"
                          CONTENT="produxit"/>
                  <SP HEIGHT="60" WIDTH="17" VPOS="594" HPOS="1855"/>
                  <String HEIGHT="60"
                          WIDTH="171"
                          VPOS="594"
                          HPOS="1786"
                          CONTENT="posteri"
                          SUBS_TYPE="HypPart1"
                          SUBS_CONTENT="posterius."/>
                  <HYP CONTENT="-"/>
               </TextLine>
               <TextLine ID="r1l8"
                         BASELINE="713"
                         HEIGHT="65"
                         WIDTH="1793"
                         VPOS="648"
                         HPOS="165">
                  <String HEIGHT="65"
                          WIDTH="109"
                          VPOS="648"
                          HPOS="149"
                          CONTENT="us."
                          SUBS_TYPE="HypPart2"
                          SUBS_CONTENT="posterius."/>
                  <SP HEIGHT="65" WIDTH="16" VPOS="648" HPOS="259"/>
                  <String HEIGHT="65"
                          WIDTH="140"
                          VPOS="648"
                          HPOS="212"
                          CONTENT="Inter"/>
                  <SP HEIGHT="65" WIDTH="16" VPOS="648" HPOS="352"/>
                  <String HEIGHT="65" WIDTH="94" VPOS="648" HPOS="305" CONTENT="se"/>
                  <SP HEIGHT="65" WIDTH="16" VPOS="648" HPOS="399"/>
                  <String HEIGHT="65"
                          WIDTH="140"
                          VPOS="648"
                          HPOS="352"
                          CONTENT="autem"/>
                  <SP HEIGHT="65" WIDTH="16" VPOS="648" HPOS="492"/>
                  <String HEIGHT="65"
                          WIDTH="187"
                          VPOS="648"
                          HPOS="446"
                          CONTENT="duplicem"/>
                  <SP HEIGHT="65" WIDTH="16" VPOS="648" HPOS="633"/>
                  <String HEIGHT="65"
                          WIDTH="156"
                          VPOS="648"
                          HPOS="586"
                          CONTENT="habent"/>
                  <SP HEIGHT="65" WIDTH="16" VPOS="648" HPOS="742"/>
                  <String HEIGHT="65"
                          WIDTH="187"
                          VPOS="648"
                          HPOS="695"
                          CONTENT="ordinem:"/>
                  <SP HEIGHT="65" WIDTH="16" VPOS="648" HPOS="882"/>
                  <String HEIGHT="65" WIDTH="78" VPOS="648" HPOS="835" CONTENT="&amp;"/>
                  <SP HEIGHT="65" WIDTH="16" VPOS="648" HPOS="913"/>
                  <String HEIGHT="65"
                          WIDTH="187"
                          VPOS="648"
                          HPOS="867"
                          CONTENT="secundum"/>
                  <SP HEIGHT="65" WIDTH="16" VPOS="648" HPOS="1054"/>
                  <String HEIGHT="65"
                          WIDTH="109"
                          VPOS="648"
                          HPOS="1007"
                          CONTENT="hoc"/>
                  <SP HEIGHT="65" WIDTH="16" VPOS="648" HPOS="1116"/>
                  <String HEIGHT="65"
                          WIDTH="203"
                          VPOS="648"
                          HPOS="1069"
                          CONTENT="creaturae"/>
                  <SP HEIGHT="65" WIDTH="16" VPOS="648" HPOS="1272"/>
                  <String HEIGHT="65"
                          WIDTH="218"
                          VPOS="648"
                          HPOS="1225"
                          CONTENT="duplicitur"/>
                  <SP HEIGHT="65" WIDTH="16" VPOS="648" HPOS="1443"/>
                  <String HEIGHT="65" WIDTH="94" VPOS="648" HPOS="1397" CONTENT="in"/>
                  <SP HEIGHT="65" WIDTH="16" VPOS="648" HPOS="1490"/>
                  <String HEIGHT="65"
                          WIDTH="218"
                          VPOS="648"
                          HPOS="1443"
                          CONTENT="hierarchia"/>
                  <SP HEIGHT="65" WIDTH="16" VPOS="648" HPOS="1662"/>
                  <String HEIGHT="65"
                          WIDTH="109"
                          VPOS="648"
                          HPOS="1615"
                          CONTENT="sua"/>
                  <SP HEIGHT="65" WIDTH="16" VPOS="648" HPOS="1724"/>
                  <String HEIGHT="65"
                          WIDTH="234"
                          VPOS="648"
                          HPOS="1677"
                          CONTENT="ordinantur:"/>
                  <SP HEIGHT="65" WIDTH="16" VPOS="648" HPOS="1911"/>
                  <String HEIGHT="65"
                          WIDTH="109"
                          VPOS="648"
                          HPOS="1849"
                          CONTENT="secun"/>
               </TextLine>
               <TextLine ID="line_1582588195296_347"
                         BASELINE="763"
                         HEIGHT="60"
                         WIDTH="1795"
                         VPOS="703"
                         HPOS="157">
                  <String HEIGHT="60" WIDTH="119" VPOS="703" HPOS="140" CONTENT="dum"/>
                  <SP HEIGHT="60" WIDTH="17" VPOS="703" HPOS="259"/>
                  <String HEIGHT="60"
                          WIDTH="135"
                          VPOS="703"
                          HPOS="208"
                          CONTENT="quod"/>
                  <SP HEIGHT="60" WIDTH="17" VPOS="703" HPOS="343"/>
                  <String HEIGHT="60"
                          WIDTH="271"
                          VPOS="703"
                          HPOS="292"
                          CONTENT="declarabimus"/>
                  <SP HEIGHT="60" WIDTH="17" VPOS="703" HPOS="563"/>
                  <String HEIGHT="60" WIDTH="102" VPOS="703" HPOS="513" CONTENT="in"/>
                  <SP HEIGHT="60" WIDTH="17" VPOS="703" HPOS="614"/>
                  <String HEIGHT="60"
                          WIDTH="152"
                          VPOS="703"
                          HPOS="563"
                          CONTENT="parte"/>
                  <SP HEIGHT="60" WIDTH="17" VPOS="703" HPOS="716"/>
                  <String HEIGHT="60" WIDTH="102" VPOS="703" HPOS="665" CONTENT="in"/>
                  <SP HEIGHT="60" WIDTH="17" VPOS="703" HPOS="767"/>
                  <String HEIGHT="60"
                          WIDTH="169"
                          VPOS="703"
                          HPOS="716"
                          CONTENT="tertia"/>
                  <SP HEIGHT="60" WIDTH="17" VPOS="703" HPOS="885"/>
                  <String HEIGHT="60"
                          WIDTH="237"
                          VPOS="703"
                          HPOS="834"
                          CONTENT="quaestione"/>
                  <SP HEIGHT="60" WIDTH="17" VPOS="703" HPOS="1071"/>
                  <String HEIGHT="60"
                          WIDTH="220"
                          VPOS="703"
                          HPOS="1021"
                          CONTENT="sequente."/>
                  <SP HEIGHT="60" WIDTH="17" VPOS="703" HPOS="1241"/>
                  <String HEIGHT="60" WIDTH="102" VPOS="703" HPOS="1190" CONTENT="AD"/>
                  <SP HEIGHT="60" WIDTH="17" VPOS="703" HPOS="1292"/>
                  <String HEIGHT="60"
                          WIDTH="152"
                          VPOS="703"
                          HPOS="1241"
                          CONTENT="illud"/>
                  <SP HEIGHT="60" WIDTH="17" VPOS="703" HPOS="1393"/>
                  <String HEIGHT="60"
                          WIDTH="135"
                          VPOS="703"
                          HPOS="1342"
                          CONTENT="ergo"/>
                  <SP HEIGHT="60" WIDTH="17" VPOS="703" HPOS="1478"/>
                  <String HEIGHT="60"
                          WIDTH="135"
                          VPOS="703"
                          HPOS="1427"
                          CONTENT="quod"/>
                  <SP HEIGHT="60" WIDTH="17" VPOS="703" HPOS="1563"/>
                  <String HEIGHT="60"
                          WIDTH="203"
                          VPOS="703"
                          HPOS="1512"
                          CONTENT="arguitur"/>
                  <SP HEIGHT="60" WIDTH="17" VPOS="703" HPOS="1715"/>
                  <String HEIGHT="60"
                          WIDTH="169"
                          VPOS="703"
                          HPOS="1664"
                          CONTENT="contra"/>
                  <SP HEIGHT="60" WIDTH="17" VPOS="703" HPOS="1833"/>
                  <String HEIGHT="60"
                          WIDTH="186"
                          VPOS="703"
                          HPOS="1766"
                          CONTENT="determina"/>
               </TextLine>
               <TextLine ID="r1l11"
                         BASELINE="813"
                         HEIGHT="56"
                         WIDTH="1779"
                         VPOS="757"
                         HPOS="172">
                  <String HEIGHT="56" WIDTH="106" VPOS="757" HPOS="157" CONTENT="ta:"/>
                  <SP HEIGHT="56" WIDTH="15" VPOS="757" HPOS="263"/>
                  <String HEIGHT="56"
                          WIDTH="122"
                          VPOS="757"
                          HPOS="218"
                          CONTENT="quod"/>
                  <SP HEIGHT="56" WIDTH="15" VPOS="757" HPOS="339"/>
                  <String HEIGHT="56"
                          WIDTH="137"
                          VPOS="757"
                          HPOS="294"
                          CONTENT="pater"/>
                  <SP HEIGHT="56" WIDTH="15" VPOS="757" HPOS="430"/>
                  <String HEIGHT="56" WIDTH="91" VPOS="757" HPOS="385" CONTENT="ex"/>
                  <SP HEIGHT="56" WIDTH="15" VPOS="757" HPOS="476"/>
                  <String HEIGHT="56" WIDTH="91" VPOS="757" HPOS="430" CONTENT="se"/>
                  <SP HEIGHT="56" WIDTH="15" VPOS="757" HPOS="522"/>
                  <String HEIGHT="56" WIDTH="106" VPOS="757" HPOS="476" CONTENT="est"/>
                  <SP HEIGHT="56" WIDTH="15" VPOS="757" HPOS="583"/>
                  <String HEIGHT="56"
                          WIDTH="137"
                          VPOS="757"
                          HPOS="537"
                          CONTENT="causa"/>
                  <SP HEIGHT="56" WIDTH="15" VPOS="757" HPOS="674"/>
                  <String HEIGHT="56"
                          WIDTH="258"
                          VPOS="757"
                          HPOS="628"
                          CONTENT="productionis:"/>
                  <SP HEIGHT="56" WIDTH="15" VPOS="757" HPOS="887"/>
                  <String HEIGHT="56"
                          WIDTH="122"
                          VPOS="757"
                          HPOS="841"
                          CONTENT="ergo"/>
                  <SP HEIGHT="56" WIDTH="15" VPOS="757" HPOS="963"/>
                  <String HEIGHT="56"
                          WIDTH="122"
                          VPOS="757"
                          HPOS="917"
                          CONTENT="fine"/>
                  <SP HEIGHT="56" WIDTH="15" VPOS="757" HPOS="1039"/>
                  <String HEIGHT="56"
                          WIDTH="137"
                          VPOS="757"
                          HPOS="993"
                          CONTENT="aliis"/>
                  <SP HEIGHT="56" WIDTH="15" VPOS="757" HPOS="1130"/>
                  <String HEIGHT="56"
                          WIDTH="182"
                          VPOS="757"
                          HPOS="1084"
                          CONTENT="personis"/>
                  <SP HEIGHT="56" WIDTH="15" VPOS="757" HPOS="1267"/>
                  <String HEIGHT="56"
                          WIDTH="152"
                          VPOS="757"
                          HPOS="1221"
                          CONTENT="potest"/>
                  <SP HEIGHT="56" WIDTH="15" VPOS="757" HPOS="1373"/>
                  <String HEIGHT="56"
                          WIDTH="198"
                          VPOS="757"
                          HPOS="1328"
                          CONTENT="creaturas"/>
                  <SP HEIGHT="56" WIDTH="15" VPOS="757" HPOS="1525"/>
                  <String HEIGHT="56"
                          WIDTH="213"
                          VPOS="757"
                          HPOS="1480"
                          CONTENT="producere:"/>
                  <SP HEIGHT="56" WIDTH="15" VPOS="757" HPOS="1693"/>
                  <String HEIGHT="56" WIDTH="76" VPOS="757" HPOS="1647" CONTENT="&amp;"/>
                  <SP HEIGHT="56" WIDTH="15" VPOS="757" HPOS="1723"/>
                  <String HEIGHT="56"
                          WIDTH="106"
                          VPOS="757"
                          HPOS="1677"
                          CONTENT="ita"/>
                  <SP HEIGHT="56" WIDTH="15" VPOS="757" HPOS="1784"/>
                  <String HEIGHT="56"
                          WIDTH="106"
                          VPOS="757"
                          HPOS="1738"
                          CONTENT="&amp;c."/>
                  <SP HEIGHT="56" WIDTH="15" VPOS="757" HPOS="1845"/>
                  <String HEIGHT="56"
                          WIDTH="182"
                          VPOS="757"
                          HPOS="1799"
                          CONTENT="Dicendum"/>
                  <SP HEIGHT="56" WIDTH="15" VPOS="757" HPOS="1981"/>
                  <String HEIGHT="56" WIDTH="30" VPOS="757" HPOS="1921" CONTENT=""/>
               </TextLine>
               <TextLine ID="r1l13"
                         BASELINE="870"
                         HEIGHT="62"
                         WIDTH="1777"
                         VPOS="808"
                         HPOS="177">
                  <String HEIGHT="62"
                          WIDTH="123"
                          VPOS="808"
                          HPOS="162"
                          CONTENT="quod"/>
                  <SP HEIGHT="62" WIDTH="15" VPOS="808" HPOS="284"/>
                  <String HEIGHT="62" WIDTH="92" VPOS="808" HPOS="238" CONTENT="ex"/>
                  <SP HEIGHT="62" WIDTH="15" VPOS="808" HPOS="330"/>
                  <String HEIGHT="62" WIDTH="92" VPOS="808" HPOS="284" CONTENT="se"/>
                  <SP HEIGHT="62" WIDTH="15" VPOS="808" HPOS="376"/>
                  <String HEIGHT="62"
                          WIDTH="169"
                          VPOS="808"
                          HPOS="330"
                          CONTENT="aliquid"/>
                  <SP HEIGHT="62" WIDTH="15" VPOS="808" HPOS="499"/>
                  <String HEIGHT="62"
                          WIDTH="169"
                          VPOS="808"
                          HPOS="453"
                          CONTENT="dicitur"/>
                  <SP HEIGHT="62" WIDTH="15" VPOS="808" HPOS="621"/>
                  <String HEIGHT="62"
                          WIDTH="153"
                          VPOS="808"
                          HPOS="575"
                          CONTENT="agere:"/>
                  <SP HEIGHT="62" WIDTH="15" VPOS="808" HPOS="728"/>
                  <String HEIGHT="62"
                          WIDTH="123"
                          VPOS="808"
                          HPOS="683"
                          CONTENT="quia"/>
                  <SP HEIGHT="62" WIDTH="15" VPOS="808" HPOS="805"/>
                  <String HEIGHT="62" WIDTH="92" VPOS="808" HPOS="759" CONTENT="in"/>
                  <SP HEIGHT="62" WIDTH="15" VPOS="808" HPOS="851"/>
                  <String HEIGHT="62" WIDTH="92" VPOS="808" HPOS="805" CONTENT="se"/>
                  <SP HEIGHT="62" WIDTH="15" VPOS="808" HPOS="897"/>
                  <String HEIGHT="62"
                          WIDTH="138"
                          VPOS="808"
                          HPOS="851"
                          CONTENT="habet"/>
                  <SP HEIGHT="62" WIDTH="15" VPOS="808" HPOS="989"/>
                  <String HEIGHT="62"
                          WIDTH="184"
                          VPOS="808"
                          HPOS="943"
                          CONTENT="rationem"/>
                  <SP HEIGHT="62" WIDTH="15" VPOS="808" HPOS="1127"/>
                  <String HEIGHT="62"
                          WIDTH="184"
                          VPOS="808"
                          HPOS="1081"
                          CONTENT="formalem"/>
                  <SP HEIGHT="62" WIDTH="15" VPOS="808" HPOS="1265"/>
                  <String HEIGHT="62"
                          WIDTH="107"
                          VPOS="808"
                          HPOS="1219"
                          CONTENT="qua"/>
                  <SP HEIGHT="62" WIDTH="15" VPOS="808" HPOS="1326"/>
                  <String HEIGHT="62"
                          WIDTH="138"
                          VPOS="808"
                          HPOS="1280"
                          CONTENT="agit,"/>
                  <SP HEIGHT="62" WIDTH="15" VPOS="808" HPOS="1418"/>
                  <String HEIGHT="62"
                          WIDTH="123"
                          VPOS="808"
                          HPOS="1372"
                          CONTENT="quod"/>
                  <SP HEIGHT="62" WIDTH="15" VPOS="808" HPOS="1494"/>
                  <String HEIGHT="62"
                          WIDTH="153"
                          VPOS="808"
                          HPOS="1448"
                          CONTENT="potest"/>
                  <SP HEIGHT="62" WIDTH="15" VPOS="808" HPOS="1602"/>
                  <String HEIGHT="62"
                          WIDTH="214"
                          VPOS="808"
                          HPOS="1556"
                          CONTENT="contingere"/>
                  <SP HEIGHT="62" WIDTH="15" VPOS="808" HPOS="1770"/>
                  <String HEIGHT="62"
                          WIDTH="153"
                          VPOS="808"
                          HPOS="1724"
                          CONTENT="alicui"/>
                  <SP HEIGHT="62" WIDTH="15" VPOS="808" HPOS="1877"/>
                  <String HEIGHT="62"
                          WIDTH="138"
                          VPOS="808"
                          HPOS="1816"
                          CONTENT="duplici"/>
               </TextLine>
               <TextLine ID="r1l14"
                         BASELINE="934"
                         HEIGHT="65"
                         WIDTH="1789"
                         VPOS="869"
                         HPOS="171">
                  <String HEIGHT="65"
                          WIDTH="129"
                          VPOS="869"
                          HPOS="155"
                          CONTENT="ter."/>
                  <SP HEIGHT="65" WIDTH="16" VPOS="869" HPOS="284"/>
                  <String HEIGHT="65" WIDTH="113" VPOS="869" HPOS="235" CONTENT="Vno"/>
                  <SP HEIGHT="65" WIDTH="16" VPOS="869" HPOS="348"/>
                  <String HEIGHT="65"
                          WIDTH="129"
                          VPOS="869"
                          HPOS="300"
                          CONTENT="modo"/>
                  <SP HEIGHT="65" WIDTH="16" VPOS="869" HPOS="429"/>
                  <String HEIGHT="65"
                          WIDTH="177"
                          VPOS="869"
                          HPOS="381"
                          CONTENT="habendo"/>
                  <SP HEIGHT="65" WIDTH="16" VPOS="869" HPOS="558"/>
                  <String HEIGHT="65"
                          WIDTH="145"
                          VPOS="869"
                          HPOS="509"
                          CONTENT="illam"/>
                  <SP HEIGHT="65" WIDTH="16" VPOS="869" HPOS="655"/>
                  <String HEIGHT="65" WIDTH="97" VPOS="869" HPOS="606" CONTENT="in"/>
                  <SP HEIGHT="65" WIDTH="16" VPOS="869" HPOS="703"/>
                  <String HEIGHT="65" WIDTH="97" VPOS="869" HPOS="655" CONTENT="se"/>
                  <SP HEIGHT="65" WIDTH="16" VPOS="869" HPOS="751"/>
                  <String HEIGHT="65"
                          WIDTH="145"
                          VPOS="869"
                          HPOS="703"
                          CONTENT="solo."/>
                  <SP HEIGHT="65" WIDTH="16" VPOS="869" HPOS="848"/>
                  <String HEIGHT="65"
                          WIDTH="129"
                          VPOS="869"
                          HPOS="800"
                          CONTENT="Alio"/>
                  <SP HEIGHT="65" WIDTH="16" VPOS="869" HPOS="929"/>
                  <String HEIGHT="65"
                          WIDTH="129"
                          VPOS="869"
                          HPOS="880"
                          CONTENT="modo"/>
                  <SP HEIGHT="65" WIDTH="16" VPOS="869" HPOS="1009"/>
                  <String HEIGHT="65"
                          WIDTH="177"
                          VPOS="869"
                          HPOS="961"
                          CONTENT="habendo"/>
                  <SP HEIGHT="65" WIDTH="16" VPOS="869" HPOS="1138"/>
                  <String HEIGHT="65"
                          WIDTH="113"
                          VPOS="869"
                          HPOS="1090"
                          CONTENT="eam"/>
                  <SP HEIGHT="65" WIDTH="16" VPOS="869" HPOS="1202"/>
                  <String HEIGHT="65" WIDTH="97" VPOS="869" HPOS="1154" CONTENT="in"/>
                  <SP HEIGHT="65" WIDTH="16" VPOS="869" HPOS="1251"/>
                  <String HEIGHT="65"
                          WIDTH="113"
                          VPOS="869"
                          HPOS="1202"
                          CONTENT="se:"/>
                  <SP HEIGHT="65" WIDTH="16" VPOS="869" HPOS="1315"/>
                  <String HEIGHT="65"
                          WIDTH="113"
                          VPOS="869"
                          HPOS="1267"
                          CONTENT="ita"/>
                  <SP HEIGHT="65" WIDTH="16" VPOS="869" HPOS="1380"/>
                  <String HEIGHT="65"
                          WIDTH="129"
                          VPOS="869"
                          HPOS="1331"
                          CONTENT="quod"/>
                  <SP HEIGHT="65" WIDTH="16" VPOS="869" HPOS="1460"/>
                  <String HEIGHT="65"
                          WIDTH="145"
                          VPOS="869"
                          HPOS="1412"
                          CONTENT="simul"/>
                  <SP HEIGHT="65" WIDTH="16" VPOS="869" HPOS="1557"/>
                  <String HEIGHT="65"
                          WIDTH="193"
                          VPOS="869"
                          HPOS="1509"
                          CONTENT="habeatur"/>
                  <SP HEIGHT="65" WIDTH="16" VPOS="869" HPOS="1702"/>
                  <String HEIGHT="65" WIDTH="97" VPOS="869" HPOS="1654" CONTENT="in"/>
                  <SP HEIGHT="65" WIDTH="16" VPOS="869" HPOS="1750"/>
                  <String HEIGHT="65"
                          WIDTH="161"
                          VPOS="869"
                          HPOS="1702"
                          CONTENT="aliis."/>
                  <SP HEIGHT="65" WIDTH="16" VPOS="869" HPOS="1863"/>
                  <String HEIGHT="65"
                          WIDTH="129"
                          VPOS="869"
                          HPOS="1815"
                          CONTENT="Quid"/>
                  <SP HEIGHT="65" WIDTH="16" VPOS="869" HPOS="1944"/>
                  <String HEIGHT="65" WIDTH="81" VPOS="869" HPOS="1879" CONTENT="pri"/>
               </TextLine>
               <TextLine ID="r1l15"
                         BASELINE="970"
                         HEIGHT="58"
                         WIDTH="1791"
                         VPOS="912"
                         HPOS="165">
                  <String HEIGHT="58" WIDTH="93" VPOS="912" HPOS="149" CONTENT="mo"/>
                  <SP HEIGHT="58" WIDTH="16" VPOS="912" HPOS="243"/>
                  <String HEIGHT="58"
                          WIDTH="125"
                          VPOS="912"
                          HPOS="196"
                          CONTENT="modo"/>
                  <SP HEIGHT="58" WIDTH="16" VPOS="912" HPOS="321"/>
                  <String HEIGHT="58"
                          WIDTH="125"
                          VPOS="912"
                          HPOS="274"
                          CONTENT="agit"/>
                  <SP HEIGHT="58" WIDTH="16" VPOS="912" HPOS="399"/>
                  <String HEIGHT="58"
                          WIDTH="171"
                          VPOS="912"
                          HPOS="352"
                          CONTENT="aliquid"/>
                  <SP HEIGHT="58" WIDTH="16" VPOS="912" HPOS="523"/>
                  <String HEIGHT="58" WIDTH="93" VPOS="912" HPOS="476" CONTENT="ex"/>
                  <SP HEIGHT="58" WIDTH="16" VPOS="912" HPOS="570"/>
                  <String HEIGHT="58" WIDTH="109" VPOS="912" HPOS="523" CONTENT="se:"/>
                  <SP HEIGHT="58" WIDTH="16" VPOS="912" HPOS="632"/>
                  <String HEIGHT="58"
                          WIDTH="156"
                          VPOS="912"
                          HPOS="585"
                          CONTENT="potest"/>
                  <SP HEIGHT="58" WIDTH="16" VPOS="912" HPOS="741"/>
                  <String HEIGHT="58"
                          WIDTH="140"
                          VPOS="912"
                          HPOS="695"
                          CONTENT="illud"/>
                  <SP HEIGHT="58" WIDTH="16" VPOS="912" HPOS="835"/>
                  <String HEIGHT="58"
                          WIDTH="140"
                          VPOS="912"
                          HPOS="788"
                          CONTENT="agere"/>
                  <SP HEIGHT="58" WIDTH="16" VPOS="912" HPOS="928"/>
                  <String HEIGHT="58"
                          WIDTH="125"
                          VPOS="912"
                          HPOS="881"
                          CONTENT="sine"/>
                  <SP HEIGHT="58" WIDTH="16" VPOS="912" HPOS="1006"/>
                  <String HEIGHT="58"
                          WIDTH="156"
                          VPOS="912"
                          HPOS="959"
                          CONTENT="aliis:"/>
                  <SP HEIGHT="58" WIDTH="16" VPOS="912" HPOS="1115"/>
                  <String HEIGHT="58"
                          WIDTH="109"
                          VPOS="912"
                          HPOS="1068"
                          CONTENT="non"/>
                  <SP HEIGHT="58" WIDTH="16" VPOS="912" HPOS="1177"/>
                  <String HEIGHT="58"
                          WIDTH="140"
                          VPOS="912"
                          HPOS="1131"
                          CONTENT="autem"/>
                  <SP HEIGHT="58" WIDTH="16" VPOS="912" HPOS="1271"/>
                  <String HEIGHT="58"
                          WIDTH="125"
                          VPOS="912"
                          HPOS="1224"
                          CONTENT="quod"/>
                  <SP HEIGHT="58" WIDTH="16" VPOS="912" HPOS="1349"/>
                  <String HEIGHT="58"
                          WIDTH="125"
                          VPOS="912"
                          HPOS="1302"
                          CONTENT="agit"/>
                  <SP HEIGHT="58" WIDTH="16" VPOS="912" HPOS="1426"/>
                  <String HEIGHT="58"
                          WIDTH="171"
                          VPOS="912"
                          HPOS="1380"
                          CONTENT="aliquid"/>
                  <SP HEIGHT="58" WIDTH="16" VPOS="912" HPOS="1551"/>
                  <String HEIGHT="58"
                          WIDTH="171"
                          VPOS="912"
                          HPOS="1504"
                          CONTENT="secundo"/>
                  <SP HEIGHT="58" WIDTH="16" VPOS="912" HPOS="1676"/>
                  <String HEIGHT="58"
                          WIDTH="140"
                          VPOS="912"
                          HPOS="1629"
                          CONTENT="modo."/>
                  <SP HEIGHT="58" WIDTH="16" VPOS="912" HPOS="1769"/>
                  <String HEIGHT="58" WIDTH="93" VPOS="912" HPOS="1722" CONTENT="Et"/>
                  <SP HEIGHT="58" WIDTH="16" VPOS="912" HPOS="1816"/>
                  <String HEIGHT="58"
                          WIDTH="125"
                          VPOS="912"
                          HPOS="1769"
                          CONTENT="isto"/>
                  <SP HEIGHT="58" WIDTH="16" VPOS="912" HPOS="1894"/>
                  <String HEIGHT="58"
                          WIDTH="125"
                          VPOS="912"
                          HPOS="1831"
                          CONTENT="secun"
                          SUBS_TYPE="HypPart1"
                          SUBS_CONTENT="secundo"/>
                  <HYP CONTENT="-"/>
               </TextLine>
               <TextLine ID="r1l16"
                         BASELINE="1027"
                         HEIGHT="56"
                         WIDTH="1790"
                         VPOS="971"
                         HPOS="169">
                  <String HEIGHT="56"
                          WIDTH="101"
                          VPOS="971"
                          HPOS="152"
                          CONTENT="do"
                          SUBS_TYPE="HypPart2"
                          SUBS_CONTENT="secundo"/>
                  <SP HEIGHT="56" WIDTH="17" VPOS="971" HPOS="253"/>
                  <String HEIGHT="56"
                          WIDTH="135"
                          VPOS="971"
                          HPOS="203"
                          CONTENT="modo"/>
                  <SP HEIGHT="56" WIDTH="17" VPOS="971" HPOS="338"/>
                  <String HEIGHT="56"
                          WIDTH="152"
                          VPOS="971"
                          HPOS="287"
                          CONTENT="pater"/>
                  <SP HEIGHT="56" WIDTH="17" VPOS="971" HPOS="439"/>
                  <String HEIGHT="56"
                          WIDTH="152"
                          VPOS="971"
                          HPOS="389"
                          CONTENT="creat"/>
                  <SP HEIGHT="56" WIDTH="17" VPOS="971" HPOS="541"/>
                  <String HEIGHT="56" WIDTH="101" VPOS="971" HPOS="490" CONTENT="ex"/>
                  <SP HEIGHT="56" WIDTH="17" VPOS="971" HPOS="591"/>
                  <String HEIGHT="56" WIDTH="118" VPOS="971" HPOS="541" CONTENT="se,"/>
                  <SP HEIGHT="56" WIDTH="17" VPOS="971" HPOS="659"/>
                  <String HEIGHT="56" WIDTH="84" VPOS="971" HPOS="608" CONTENT="&amp;"/>
                  <SP HEIGHT="56" WIDTH="17" VPOS="971" HPOS="692"/>
                  <String HEIGHT="56"
                          WIDTH="152"
                          VPOS="971"
                          HPOS="642"
                          CONTENT="tamen"/>
                  <SP HEIGHT="56" WIDTH="17" VPOS="971" HPOS="794"/>
                  <String HEIGHT="56"
                          WIDTH="236"
                          VPOS="971"
                          HPOS="743"
                          CONTENT="coniunctim"/>
                  <SP HEIGHT="56" WIDTH="17" VPOS="971" HPOS="980"/>
                  <String HEIGHT="56" WIDTH="84" VPOS="971" HPOS="929" CONTENT="&amp;"/>
                  <SP HEIGHT="56" WIDTH="17" VPOS="971" HPOS="1013"/>
                  <String HEIGHT="56"
                          WIDTH="321"
                          VPOS="971"
                          HPOS="963"
                          CONTENT="inseparabiliter"/>
                  <SP HEIGHT="56" WIDTH="17" VPOS="971" HPOS="1284"/>
                  <String HEIGHT="56"
                          WIDTH="118"
                          VPOS="971"
                          HPOS="1233"
                          CONTENT="cum"/>
                  <SP HEIGHT="56" WIDTH="17" VPOS="971" HPOS="1351"/>
                  <String HEIGHT="56"
                          WIDTH="152"
                          VPOS="971"
                          HPOS="1300"
                          CONTENT="filio"/>
                  <SP HEIGHT="56" WIDTH="17" VPOS="971" HPOS="1452"/>
                  <String HEIGHT="56" WIDTH="84" VPOS="971" HPOS="1402" CONTENT="&amp;"/>
                  <SP HEIGHT="56" WIDTH="17" VPOS="971" HPOS="1486"/>
                  <String HEIGHT="56"
                          WIDTH="186"
                          VPOS="971"
                          HPOS="1436"
                          CONTENT="spiritu"/>
                  <SP HEIGHT="56" WIDTH="17" VPOS="971" HPOS="1621"/>
                  <String HEIGHT="56"
                          WIDTH="186"
                          VPOS="971"
                          HPOS="1571"
                          CONTENT="sancto,"/>
                  <SP HEIGHT="56" WIDTH="17" VPOS="971" HPOS="1756"/>
                  <String HEIGHT="56"
                          WIDTH="135"
                          VPOS="971"
                          HPOS="1706"
                          CONTENT="quia"/>
                  <SP HEIGHT="56" WIDTH="17" VPOS="971" HPOS="1841"/>
                  <String HEIGHT="56"
                          WIDTH="152"
                          VPOS="971"
                          HPOS="1790"
                          CONTENT="omnes"/>
                  <SP HEIGHT="56" WIDTH="17" VPOS="971" HPOS="1942"/>
                  <String HEIGHT="56" WIDTH="101" VPOS="971" HPOS="1891" CONTENT="ha"/>
                  <SP HEIGHT="56" WIDTH="17" VPOS="971" HPOS="1993"/>
                  <String HEIGHT="56" WIDTH="34" VPOS="971" HPOS="1925" CONTENT=""/>
               </TextLine>
               <TextLine ID="r1l17"
                         BASELINE="1085"
                         HEIGHT="62"
                         WIDTH="1786"
                         VPOS="1023"
                         HPOS="163">
                  <String HEIGHT="62"
                          WIDTH="119"
                          VPOS="1023"
                          HPOS="148"
                          CONTENT="bent"/>
                  <SP HEIGHT="62" WIDTH="15" VPOS="1023" HPOS="267"/>
                  <String HEIGHT="62" WIDTH="89" VPOS="1023" HPOS="223" CONTENT="in"/>
                  <SP HEIGHT="62" WIDTH="15" VPOS="1023" HPOS="312"/>
                  <String HEIGHT="62" WIDTH="89" VPOS="1023" HPOS="267" CONTENT="se"/>
                  <SP HEIGHT="62" WIDTH="15" VPOS="1023" HPOS="356"/>
                  <String HEIGHT="62"
                          WIDTH="164"
                          VPOS="1023"
                          HPOS="312"
                          CONTENT="naturam"/>
                  <SP HEIGHT="62" WIDTH="15" VPOS="1023" HPOS="476"/>
                  <String HEIGHT="62"
                          WIDTH="223"
                          VPOS="1023"
                          HPOS="431"
                          CONTENT="diuinitatis"/>
                  <SP HEIGHT="62" WIDTH="15" VPOS="1023" HPOS="654"/>
                  <String HEIGHT="62"
                          WIDTH="119"
                          VPOS="1023"
                          HPOS="610"
                          CONTENT="quae"/>
                  <SP HEIGHT="62" WIDTH="15" VPOS="1023" HPOS="729"/>
                  <String HEIGHT="62"
                          WIDTH="164"
                          VPOS="1023"
                          HPOS="684"
                          CONTENT="creant."/>
                  <SP HEIGHT="62" WIDTH="15" VPOS="1023" HPOS="848"/>
                  <String HEIGHT="62"
                          WIDTH="119"
                          VPOS="1023"
                          HPOS="803"
                          CONTENT="Quia"/>
                  <SP HEIGHT="62" WIDTH="15" VPOS="1023" HPOS="922"/>
                  <String HEIGHT="62"
                          WIDTH="134"
                          VPOS="1023"
                          HPOS="877"
                          CONTENT="tamen"/>
                  <SP HEIGHT="62" WIDTH="15" VPOS="1023" HPOS="1011"/>
                  <String HEIGHT="62"
                          WIDTH="149"
                          VPOS="1023"
                          HPOS="967"
                          CONTENT="ordine"/>
                  <SP HEIGHT="62" WIDTH="15" VPOS="1023" HPOS="1116"/>
                  <String HEIGHT="62"
                          WIDTH="149"
                          VPOS="1023"
                          HPOS="1071"
                          CONTENT="quodam"/>
                  <SP HEIGHT="62" WIDTH="15" VPOS="1023" HPOS="1220"/>
                  <String HEIGHT="62"
                          WIDTH="179"
                          VPOS="1023"
                          HPOS="1175"
                          CONTENT="rationis"/>
                  <SP HEIGHT="62" WIDTH="15" VPOS="1023" HPOS="1354"/>
                  <String HEIGHT="62"
                          WIDTH="149"
                          VPOS="1023"
                          HPOS="1309"
                          CONTENT="habent"/>
                  <SP HEIGHT="62" WIDTH="15" VPOS="1023" HPOS="1458"/>
                  <String HEIGHT="62"
                          WIDTH="104"
                          VPOS="1023"
                          HPOS="1413"
                          CONTENT="eam"/>
                  <SP HEIGHT="62" WIDTH="15" VPOS="1023" HPOS="1517"/>
                  <String HEIGHT="62" WIDTH="89" VPOS="1023" HPOS="1473" CONTENT="in"/>
                  <SP HEIGHT="62" WIDTH="15" VPOS="1023" HPOS="1562"/>
                  <String HEIGHT="62"
                          WIDTH="104"
                          VPOS="1023"
                          HPOS="1517"
                          CONTENT="eo,"/>
                  <SP HEIGHT="62" WIDTH="15" VPOS="1023" HPOS="1622"/>
                  <String HEIGHT="62"
                          WIDTH="104"
                          VPOS="1023"
                          HPOS="1577"
                          CONTENT="ves"/>
                  <SP HEIGHT="62" WIDTH="15" VPOS="1023" HPOS="1681"/>
                  <String HEIGHT="62"
                          WIDTH="119"
                          VPOS="1023"
                          HPOS="1636"
                          CONTENT="quod"/>
                  <SP HEIGHT="62" WIDTH="15" VPOS="1023" HPOS="1756"/>
                  <String HEIGHT="62"
                          WIDTH="134"
                          VPOS="1023"
                          HPOS="1711"
                          CONTENT="pater"/>
                  <SP HEIGHT="62" WIDTH="15" VPOS="1023" HPOS="1845"/>
                  <String HEIGHT="62"
                          WIDTH="134"
                          VPOS="1023"
                          HPOS="1800"
                          CONTENT="habet"/>
                  <SP HEIGHT="62" WIDTH="15" VPOS="1023" HPOS="1934"/>
                  <String HEIGHT="62"
                          WIDTH="74"
                          VPOS="1023"
                          HPOS="1875"
                          CONTENT="eam"/>
               </TextLine>
               <TextLine ID="r1l18"
                         BASELINE="1140"
                         HEIGHT="62"
                         WIDTH="1786"
                         VPOS="1078"
                         HPOS="173">
                  <String HEIGHT="62" WIDTH="76" VPOS="1078" HPOS="158" CONTENT="a"/>
                  <SP HEIGHT="62" WIDTH="15" VPOS="1078" HPOS="234"/>
                  <String HEIGHT="62"
                          WIDTH="107"
                          VPOS="1078"
                          HPOS="188"
                          CONTENT="se:"/>
                  <SP HEIGHT="62" WIDTH="15" VPOS="1078" HPOS="295"/>
                  <String HEIGHT="62"
                          WIDTH="153"
                          VPOS="1078"
                          HPOS="249"
                          CONTENT="filius"/>
                  <SP HEIGHT="62" WIDTH="15" VPOS="1078" HPOS="402"/>
                  <String HEIGHT="62"
                          WIDTH="137"
                          VPOS="1078"
                          HPOS="356"
                          CONTENT="autem"/>
                  <SP HEIGHT="62" WIDTH="15" VPOS="1078" HPOS="494"/>
                  <String HEIGHT="62" WIDTH="76" VPOS="1078" HPOS="448" CONTENT="a"/>
                  <SP HEIGHT="62" WIDTH="15" VPOS="1078" HPOS="524"/>
                  <String HEIGHT="62"
                          WIDTH="153"
                          VPOS="1078"
                          HPOS="478"
                          CONTENT="patre:"/>
                  <SP HEIGHT="62" WIDTH="15" VPOS="1078" HPOS="631"/>
                  <String HEIGHT="62"
                          WIDTH="183"
                          VPOS="1078"
                          HPOS="585"
                          CONTENT="spiritus"/>
                  <SP HEIGHT="62" WIDTH="15" VPOS="1078" HPOS="768"/>
                  <String HEIGHT="62"
                          WIDTH="153"
                          VPOS="1078"
                          HPOS="723"
                          CONTENT="sctuns"/>
                  <SP HEIGHT="62" WIDTH="15" VPOS="1078" HPOS="875"/>
                  <String HEIGHT="62" WIDTH="92" VPOS="1078" HPOS="829" CONTENT="ab"/>
                  <SP HEIGHT="62" WIDTH="15" VPOS="1078" HPOS="921"/>
                  <String HEIGHT="62"
                          WIDTH="183"
                          VPOS="1078"
                          HPOS="875"
                          CONTENT="vtroque:"/>
                  <SP HEIGHT="62" WIDTH="15" VPOS="1078" HPOS="1058"/>
                  <String HEIGHT="62"
                          WIDTH="137"
                          VPOS="1078"
                          HPOS="1013"
                          CONTENT="etiam"/>
                  <SP HEIGHT="62" WIDTH="15" VPOS="1078" HPOS="1150"/>
                  <String HEIGHT="62"
                          WIDTH="153"
                          VPOS="1078"
                          HPOS="1104"
                          CONTENT="ordine"/>
                  <SP HEIGHT="62" WIDTH="15" VPOS="1078" HPOS="1257"/>
                  <String HEIGHT="62"
                          WIDTH="153"
                          VPOS="1078"
                          HPOS="1211"
                          CONTENT="quodam"/>
                  <SP HEIGHT="62" WIDTH="15" VPOS="1078" HPOS="1364"/>
                  <String HEIGHT="62"
                          WIDTH="183"
                          VPOS="1078"
                          HPOS="1318"
                          CONTENT="rationis"/>
                  <SP HEIGHT="62" WIDTH="15" VPOS="1078" HPOS="1501"/>
                  <String HEIGHT="62"
                          WIDTH="183"
                          VPOS="1078"
                          HPOS="1455"
                          CONTENT="conuenit"/>
                  <SP HEIGHT="62" WIDTH="15" VPOS="1078" HPOS="1638"/>
                  <String HEIGHT="62"
                          WIDTH="107"
                          VPOS="1078"
                          HPOS="1593"
                          CONTENT="eis"/>
                  <SP HEIGHT="62" WIDTH="15" VPOS="1078" HPOS="1699"/>
                  <String HEIGHT="62"
                          WIDTH="137"
                          VPOS="1078"
                          HPOS="1654"
                          CONTENT="actus"/>
                  <SP HEIGHT="62" WIDTH="15" VPOS="1078" HPOS="1791"/>
                  <String HEIGHT="62"
                          WIDTH="168"
                          VPOS="1078"
                          HPOS="1745"
                          CONTENT="creandi"/>
                  <SP HEIGHT="62" WIDTH="15" VPOS="1078" HPOS="1913"/>
                  <String HEIGHT="62" WIDTH="92" VPOS="1078" HPOS="1867" CONTENT="in"/>
                  <SP HEIGHT="62" WIDTH="15" VPOS="1078" HPOS="1959"/>
                  <String HEIGHT="62" WIDTH="61" VPOS="1078" HPOS="1898" CONTENT="eo"/>
               </TextLine>
               <TextLine ID="r1l19"
                         BASELINE="1183"
                         HEIGHT="51"
                         WIDTH="1784"
                         VPOS="1132"
                         HPOS="170">
                  <String HEIGHT="51"
                          WIDTH="193"
                          VPOS="1132"
                          HPOS="155"
                          CONTENT="videlicet"/>
                  <SP HEIGHT="51" WIDTH="15" VPOS="1132" HPOS="348"/>
                  <String HEIGHT="51"
                          WIDTH="119"
                          VPOS="1132"
                          HPOS="304"
                          CONTENT="quod"/>
                  <SP HEIGHT="51" WIDTH="15" VPOS="1132" HPOS="423"/>
                  <String HEIGHT="51"
                          WIDTH="134"
                          VPOS="1132"
                          HPOS="378"
                          CONTENT="pater"/>
                  <SP HEIGHT="51" WIDTH="15" VPOS="1132" HPOS="512"/>
                  <String HEIGHT="51"
                          WIDTH="134"
                          VPOS="1132"
                          HPOS="467"
                          CONTENT="habet"/>
                  <SP HEIGHT="51" WIDTH="15" VPOS="1132" HPOS="601"/>
                  <String HEIGHT="51" WIDTH="74" VPOS="1132" HPOS="557" CONTENT="a"/>
                  <SP HEIGHT="51" WIDTH="15" VPOS="1132" HPOS="631"/>
                  <String HEIGHT="51" WIDTH="89" VPOS="1132" HPOS="586" CONTENT="se"/>
                  <SP HEIGHT="51" WIDTH="15" VPOS="1132" HPOS="675"/>
                  <String HEIGHT="51"
                          WIDTH="119"
                          VPOS="1132"
                          HPOS="631"
                          CONTENT="quod"/>
                  <SP HEIGHT="51" WIDTH="15" VPOS="1132" HPOS="750"/>
                  <String HEIGHT="51"
                          WIDTH="149"
                          VPOS="1132"
                          HPOS="705"
                          CONTENT="creat:"/>
                  <SP HEIGHT="51" WIDTH="15" VPOS="1132" HPOS="854"/>
                  <String HEIGHT="51"
                          WIDTH="149"
                          VPOS="1132"
                          HPOS="809"
                          CONTENT="filius"/>
                  <SP HEIGHT="51" WIDTH="15" VPOS="1132" HPOS="958"/>
                  <String HEIGHT="51"
                          WIDTH="119"
                          VPOS="1132"
                          HPOS="913"
                          CONTENT="vero"/>
                  <SP HEIGHT="51" WIDTH="15" VPOS="1132" HPOS="1032"/>
                  <String HEIGHT="51" WIDTH="74" VPOS="1132" HPOS="988" CONTENT="a"/>
                  <SP HEIGHT="51" WIDTH="15" VPOS="1132" HPOS="1062"/>
                  <String HEIGHT="51"
                          WIDTH="149"
                          VPOS="1132"
                          HPOS="1017"
                          CONTENT="patre:"/>
                  <SP HEIGHT="51" WIDTH="15" VPOS="1132" HPOS="1166"/>
                  <String HEIGHT="51" WIDTH="74" VPOS="1132" HPOS="1121" CONTENT="&amp;"/>
                  <SP HEIGHT="51" WIDTH="15" VPOS="1132" HPOS="1196"/>
                  <String HEIGHT="51"
                          WIDTH="178"
                          VPOS="1132"
                          HPOS="1151"
                          CONTENT="spiritus"/>
                  <SP HEIGHT="51" WIDTH="15" VPOS="1132" HPOS="1330"/>
                  <String HEIGHT="51"
                          WIDTH="164"
                          VPOS="1132"
                          HPOS="1285"
                          CONTENT="sanctus"/>
                  <SP HEIGHT="51" WIDTH="15" VPOS="1132" HPOS="1449"/>
                  <String HEIGHT="51" WIDTH="89" VPOS="1132" HPOS="1404" CONTENT="ab"/>
                  <SP HEIGHT="51" WIDTH="15" VPOS="1132" HPOS="1493"/>
                  <String HEIGHT="51"
                          WIDTH="178"
                          VPOS="1132"
                          HPOS="1449"
                          CONTENT="vtroque,"/>
                  <SP HEIGHT="51" WIDTH="15" VPOS="1132" HPOS="1627"/>
                  <String HEIGHT="51"
                          WIDTH="104"
                          VPOS="1132"
                          HPOS="1582"
                          CONTENT="non"/>
                  <SP HEIGHT="51" WIDTH="15" VPOS="1132" HPOS="1686"/>
                  <String HEIGHT="51"
                          WIDTH="134"
                          VPOS="1132"
                          HPOS="1642"
                          CONTENT="tamen"/>
                  <SP HEIGHT="51" WIDTH="15" VPOS="1132" HPOS="1776"/>
                  <String HEIGHT="51"
                          WIDTH="104"
                          VPOS="1132"
                          HPOS="1731"
                          CONTENT="hoc"/>
                  <SP HEIGHT="51" WIDTH="15" VPOS="1132" HPOS="1835"/>
                  <String HEIGHT="51"
                          WIDTH="134"
                          VPOS="1132"
                          HPOS="1790"
                          CONTENT="ponit"/>
                  <SP HEIGHT="51" WIDTH="15" VPOS="1132" HPOS="1924"/>
                  <String HEIGHT="51"
                          WIDTH="89"
                          VPOS="1132"
                          HPOS="1865"
                          CONTENT="ordi"/>
               </TextLine>
               <TextLine ID="r1l20"
                         BASELINE="1243"
                         HEIGHT="64"
                         WIDTH="1791"
                         VPOS="1179"
                         HPOS="164">
                  <String HEIGHT="64"
                          WIDTH="104"
                          VPOS="1179"
                          HPOS="149"
                          CONTENT="nem"/>
                  <SP HEIGHT="64" WIDTH="15" VPOS="1179" HPOS="254"/>
                  <String HEIGHT="64"
                          WIDTH="164"
                          VPOS="1179"
                          HPOS="209"
                          CONTENT="aliquem"/>
                  <SP HEIGHT="64" WIDTH="15" VPOS="1179" HPOS="373"/>
                  <String HEIGHT="64"
                          WIDTH="179"
                          VPOS="1179"
                          HPOS="328"
                          CONTENT="rationis"/>
                  <SP HEIGHT="64" WIDTH="15" VPOS="1179" HPOS="507"/>
                  <String HEIGHT="64" WIDTH="90" VPOS="1179" HPOS="462" CONTENT="in"/>
                  <SP HEIGHT="64" WIDTH="15" VPOS="1179" HPOS="552"/>
                  <String HEIGHT="64"
                          WIDTH="179"
                          VPOS="1179"
                          HPOS="507"
                          CONTENT="creando."/>
                  <SP HEIGHT="64" WIDTH="15" VPOS="1179" HPOS="686"/>
                  <String HEIGHT="64" WIDTH="90" VPOS="1179" HPOS="642" CONTENT="Et"/>
                  <SP HEIGHT="64" WIDTH="15" VPOS="1179" HPOS="731"/>
                  <String HEIGHT="64"
                          WIDTH="104"
                          VPOS="1179"
                          HPOS="686"
                          CONTENT="est"/>
                  <SP HEIGHT="64" WIDTH="15" VPOS="1179" HPOS="791"/>
                  <String HEIGHT="64"
                          WIDTH="224"
                          VPOS="1179"
                          HPOS="746"
                          CONTENT="aduertendum"/>
                  <SP HEIGHT="64" WIDTH="15" VPOS="1179" HPOS="970"/>
                  <String HEIGHT="64"
                          WIDTH="119"
                          VPOS="1179"
                          HPOS="925"
                          CONTENT="quod"/>
                  <SP HEIGHT="64" WIDTH="15" VPOS="1179" HPOS="1045"/>
                  <String HEIGHT="64"
                          WIDTH="149"
                          VPOS="1179"
                          HPOS="1000"
                          CONTENT="pater,"/>
                  <SP HEIGHT="64" WIDTH="15" VPOS="1179" HPOS="1149"/>
                  <String HEIGHT="64" WIDTH="75" VPOS="1179" HPOS="1104" CONTENT="&amp;"/>
                  <SP HEIGHT="64" WIDTH="15" VPOS="1179" HPOS="1179"/>
                  <String HEIGHT="64"
                          WIDTH="164"
                          VPOS="1179"
                          HPOS="1134"
                          CONTENT="filius,"/>
                  <SP HEIGHT="64" WIDTH="15" VPOS="1179" HPOS="1298"/>
                  <String HEIGHT="64" WIDTH="75" VPOS="1179" HPOS="1254" CONTENT="&amp;"/>
                  <SP HEIGHT="64" WIDTH="15" VPOS="1179" HPOS="1328"/>
                  <String HEIGHT="64"
                          WIDTH="179"
                          VPOS="1179"
                          HPOS="1283"
                          CONTENT="spiritus"/>
                  <SP HEIGHT="64" WIDTH="15" VPOS="1179" HPOS="1462"/>
                  <String HEIGHT="64"
                          WIDTH="179"
                          VPOS="1179"
                          HPOS="1418"
                          CONTENT="sanctus,"/>
                  <SP HEIGHT="64" WIDTH="15" VPOS="1179" HPOS="1597"/>
                  <String HEIGHT="64"
                          WIDTH="104"
                          VPOS="1179"
                          HPOS="1552"
                          CONTENT="non"/>
                  <SP HEIGHT="64" WIDTH="15" VPOS="1179" HPOS="1657"/>
                  <String HEIGHT="64"
                          WIDTH="134"
                          VPOS="1179"
                          HPOS="1612"
                          CONTENT="solum"/>
                  <SP HEIGHT="64" WIDTH="15" VPOS="1179" HPOS="1746"/>
                  <String HEIGHT="64"
                          WIDTH="149"
                          VPOS="1179"
                          HPOS="1701"
                          CONTENT="creant"/>
                  <SP HEIGHT="64" WIDTH="15" VPOS="1179" HPOS="1851"/>
                  <String HEIGHT="64" WIDTH="90" VPOS="1179" HPOS="1806" CONTENT="ex"/>
                  <SP HEIGHT="64" WIDTH="15" VPOS="1179" HPOS="1895"/>
                  <String HEIGHT="64" WIDTH="90" VPOS="1179" HPOS="1851" CONTENT="se"/>
                  <SP HEIGHT="64" WIDTH="15" VPOS="1179" HPOS="1940"/>
                  <String HEIGHT="64"
                          WIDTH="75"
                          VPOS="1179"
                          HPOS="1880"
                          CONTENT="con"/>
               </TextLine>
               <TextLine ID="r1l21"
                         BASELINE="1294"
                         HEIGHT="58"
                         WIDTH="1784"
                         VPOS="1236"
                         HPOS="170">
                  <String HEIGHT="58"
                          WIDTH="189"
                          VPOS="1236"
                          HPOS="154"
                          CONTENT="iunctim:"/>
                  <SP HEIGHT="58" WIDTH="16" VPOS="1236" HPOS="344"/>
                  <String HEIGHT="58"
                          WIDTH="126"
                          VPOS="1236"
                          HPOS="296"
                          CONTENT="quia"/>
                  <SP HEIGHT="58" WIDTH="16" VPOS="1236" HPOS="423"/>
                  <String HEIGHT="58"
                          WIDTH="142"
                          VPOS="1236"
                          HPOS="375"
                          CONTENT="omnes"/>
                  <SP HEIGHT="58" WIDTH="16" VPOS="1236" HPOS="517"/>
                  <String HEIGHT="58" WIDTH="95" VPOS="1236" HPOS="470" CONTENT="in"/>
                  <SP HEIGHT="58" WIDTH="16" VPOS="1236" HPOS="565"/>
                  <String HEIGHT="58" WIDTH="95" VPOS="1236" HPOS="517" CONTENT="se"/>
                  <SP HEIGHT="58" WIDTH="16" VPOS="1236" HPOS="612"/>
                  <String HEIGHT="58"
                          WIDTH="158"
                          VPOS="1236"
                          HPOS="565"
                          CONTENT="habent"/>
                  <SP HEIGHT="58" WIDTH="16" VPOS="1236" HPOS="723"/>
                  <String HEIGHT="58"
                          WIDTH="174"
                          VPOS="1236"
                          HPOS="675"
                          CONTENT="naturam"/>
                  <SP HEIGHT="58" WIDTH="16" VPOS="1236" HPOS="849"/>
                  <String HEIGHT="58"
                          WIDTH="205"
                          VPOS="1236"
                          HPOS="802"
                          CONTENT="conmunem,"/>
                  <SP HEIGHT="58" WIDTH="16" VPOS="1236" HPOS="1007"/>
                  <String HEIGHT="58"
                          WIDTH="142"
                          VPOS="1236"
                          HPOS="959"
                          CONTENT="licet"/>
                  <SP HEIGHT="58" WIDTH="16" VPOS="1236" HPOS="1101"/>
                  <String HEIGHT="58"
                          WIDTH="221"
                          VPOS="1236"
                          HPOS="1054"
                          CONTENT="differenti"/>
                  <SP HEIGHT="58" WIDTH="16" VPOS="1236" HPOS="1275"/>
                  <String HEIGHT="58"
                          WIDTH="142"
                          VPOS="1236"
                          HPOS="1228"
                          CONTENT="modo:"/>
                  <SP HEIGHT="58" WIDTH="16" VPOS="1236" HPOS="1370"/>
                  <String HEIGHT="58" WIDTH="95" VPOS="1236" HPOS="1322" CONTENT="in"/>
                  <SP HEIGHT="58" WIDTH="16" VPOS="1236" HPOS="1417"/>
                  <String HEIGHT="58" WIDTH="79" VPOS="1236" HPOS="1370" CONTENT="e"/>
                  <SP HEIGHT="58" WIDTH="16" VPOS="1236" HPOS="1449"/>
                  <String HEIGHT="58"
                          WIDTH="189"
                          VPOS="1236"
                          HPOS="1401"
                          CONTENT="scilicet"/>
                  <SP HEIGHT="58" WIDTH="16" VPOS="1236" HPOS="1591"/>
                  <String HEIGHT="58"
                          WIDTH="126"
                          VPOS="1236"
                          HPOS="1544"
                          CONTENT="quod"/>
                  <SP HEIGHT="58" WIDTH="16" VPOS="1236" HPOS="1670"/>
                  <String HEIGHT="58"
                          WIDTH="142"
                          VPOS="1236"
                          HPOS="1622"
                          CONTENT="pater"/>
                  <SP HEIGHT="58" WIDTH="16" VPOS="1236" HPOS="1765"/>
                  <String HEIGHT="58"
                          WIDTH="142"
                          VPOS="1236"
                          HPOS="1717"
                          CONTENT="habet"/>
                  <SP HEIGHT="58" WIDTH="16" VPOS="1236" HPOS="1859"/>
                  <String HEIGHT="58"
                          WIDTH="111"
                          VPOS="1236"
                          HPOS="1812"
                          CONTENT="eam"/>
                  <SP HEIGHT="58" WIDTH="16" VPOS="1236" HPOS="1922"/>
                  <String HEIGHT="58" WIDTH="79" VPOS="1236" HPOS="1875" CONTENT="a"/>
                  <SP HEIGHT="58" WIDTH="16" VPOS="1236" HPOS="1954"/>
                  <String HEIGHT="58" WIDTH="63" VPOS="1236" HPOS="1891" CONTENT="se"/>
               </TextLine>
               <TextLine ID="r1l22"
                         BASELINE="1355"
                         HEIGHT="65"
                         WIDTH="1779"
                         VPOS="1290"
                         HPOS="176">
                  <String HEIGHT="65"
                          WIDTH="165"
                          VPOS="1290"
                          HPOS="160"
                          CONTENT="filius"/>
                  <SP HEIGHT="65" WIDTH="16" VPOS="1290" HPOS="324"/>
                  <String HEIGHT="65" WIDTH="82" VPOS="1290" HPOS="275" CONTENT="a"/>
                  <SP HEIGHT="65" WIDTH="16" VPOS="1290" HPOS="357"/>
                  <String HEIGHT="65"
                          WIDTH="165"
                          VPOS="1290"
                          HPOS="308"
                          CONTENT="patre:"/>
                  <SP HEIGHT="65" WIDTH="16" VPOS="1290" HPOS="472"/>
                  <String HEIGHT="65"
                          WIDTH="115"
                          VPOS="1290"
                          HPOS="423"
                          CONTENT="sed"/>
                  <SP HEIGHT="65" WIDTH="16" VPOS="1290" HPOS="538"/>
                  <String HEIGHT="65"
                          WIDTH="132"
                          VPOS="1290"
                          HPOS="489"
                          CONTENT="quia"/>
                  <SP HEIGHT="65" WIDTH="16" VPOS="1290" HPOS="621"/>
                  <String HEIGHT="65"
                          WIDTH="148"
                          VPOS="1290"
                          HPOS="571"
                          CONTENT="omnes"/>
                  <SP HEIGHT="65" WIDTH="16" VPOS="1290" HPOS="720"/>
                  <String HEIGHT="65" WIDTH="99" VPOS="1290" HPOS="670" CONTENT="in"/>
                  <SP HEIGHT="65" WIDTH="16" VPOS="1290" HPOS="769"/>
                  <String HEIGHT="65" WIDTH="99" VPOS="1290" HPOS="720" CONTENT="se"/>
                  <SP HEIGHT="65" WIDTH="16" VPOS="1290" HPOS="818"/>
                  <String HEIGHT="65" WIDTH="82" VPOS="1290" HPOS="769" CONTENT="&amp;"/>
                  <SP HEIGHT="65" WIDTH="16" VPOS="1290" HPOS="851"/>
                  <String HEIGHT="65" WIDTH="99" VPOS="1290" HPOS="802" CONTENT="in"/>
                  <SP HEIGHT="65" WIDTH="16" VPOS="1290" HPOS="901"/>
                  <String HEIGHT="65"
                          WIDTH="247"
                          VPOS="1290"
                          HPOS="851"
                          CONTENT="intellectum"/>
                  <SP HEIGHT="65" WIDTH="16" VPOS="1290" HPOS="1098"/>
                  <String HEIGHT="65"
                          WIDTH="115"
                          VPOS="1290"
                          HPOS="1049"
                          CONTENT="suo"/>
                  <SP HEIGHT="65" WIDTH="16" VPOS="1290" HPOS="1164"/>
                  <String HEIGHT="65"
                          WIDTH="181"
                          VPOS="1290"
                          HPOS="1115"
                          CONTENT="communi"/>
                  <SP HEIGHT="65" WIDTH="16" VPOS="1290" HPOS="1296"/>
                  <String HEIGHT="65" WIDTH="82" VPOS="1290" HPOS="1247" CONTENT="&amp;"/>
                  <SP HEIGHT="65" WIDTH="16" VPOS="1290" HPOS="1329"/>
                  <String HEIGHT="65"
                          WIDTH="231"
                          VPOS="1290"
                          HPOS="1280"
                          CONTENT="essentiali"/>
                  <SP HEIGHT="65" WIDTH="16" VPOS="1290" HPOS="1510"/>
                  <String HEIGHT="65"
                          WIDTH="165"
                          VPOS="1290"
                          HPOS="1461"
                          CONTENT="habent"/>
                  <SP HEIGHT="65" WIDTH="16" VPOS="1290" HPOS="1626"/>
                  <String HEIGHT="65"
                          WIDTH="165"
                          VPOS="1290"
                          HPOS="1576"
                          CONTENT="verbum"/>
                  <SP HEIGHT="65" WIDTH="16" VPOS="1290" HPOS="1741"/>
                  <String HEIGHT="65"
                          WIDTH="132"
                          VPOS="1290"
                          HPOS="1691"
                          CONTENT="vnum"/>
                  <SP HEIGHT="65" WIDTH="16" VPOS="1290" HPOS="1823"/>
                  <String HEIGHT="65"
                          WIDTH="198"
                          VPOS="1290"
                          HPOS="1774"
                          CONTENT="conmune,"/>
                  <SP HEIGHT="65" WIDTH="16" VPOS="1290" HPOS="1971"/>
                  <String HEIGHT="65" WIDTH="49" VPOS="1290" HPOS="1906" CONTENT="&amp;"/>
               </TextLine>
               <TextLine ID="r1l23"
                         BASELINE="1410"
                         HEIGHT="58"
                         WIDTH="1773"
                         VPOS="1352"
                         HPOS="174">
                  <String HEIGHT="58"
                          WIDTH="138"
                          VPOS="1352"
                          HPOS="157"
                          CONTENT="vnum"/>
                  <SP HEIGHT="58" WIDTH="17" VPOS="1352" HPOS="294"/>
                  <String HEIGHT="58"
                          WIDTH="172"
                          VPOS="1352"
                          HPOS="243"
                          CONTENT="amorem"/>
                  <SP HEIGHT="58" WIDTH="17" VPOS="1352" HPOS="415"/>
                  <String HEIGHT="58"
                          WIDTH="275"
                          VPOS="1352"
                          HPOS="363"
                          CONTENT="procedentem,"/>
                  <SP HEIGHT="58" WIDTH="17" VPOS="1352" HPOS="639"/>
                  <String HEIGHT="58"
                          WIDTH="120"
                          VPOS="1352"
                          HPOS="587"
                          CONTENT="qui"/>
                  <SP HEIGHT="58" WIDTH="17" VPOS="1352" HPOS="708"/>
                  <String HEIGHT="58"
                          WIDTH="207"
                          VPOS="1352"
                          HPOS="656"
                          CONTENT="respectu"/>
                  <SP HEIGHT="58" WIDTH="17" VPOS="1352" HPOS="863"/>
                  <String HEIGHT="58"
                          WIDTH="224"
                          VPOS="1352"
                          HPOS="811"
                          CONTENT="essentiae"/>
                  <SP HEIGHT="58" WIDTH="17" VPOS="1352" HPOS="1035"/>
                  <String HEIGHT="58"
                          WIDTH="138"
                          VPOS="1352"
                          HPOS="983"
                          CONTENT="sunt"/>
                  <SP HEIGHT="58" WIDTH="17" VPOS="1352" HPOS="1121"/>
                  <String HEIGHT="58"
                          WIDTH="241"
                          VPOS="1352"
                          HPOS="1069"
                          CONTENT="principium"/>
                  <SP HEIGHT="58" WIDTH="17" VPOS="1352" HPOS="1310"/>
                  <String HEIGHT="58"
                          WIDTH="189"
                          VPOS="1352"
                          HPOS="1258"
                          CONTENT="formale"/>
                  <SP HEIGHT="58" WIDTH="17" VPOS="1352" HPOS="1448"/>
                  <String HEIGHT="58"
                          WIDTH="155"
                          VPOS="1352"
                          HPOS="1396"
                          CONTENT="actus"/>
                  <SP HEIGHT="58" WIDTH="17" VPOS="1352" HPOS="1551"/>
                  <String HEIGHT="58"
                          WIDTH="189"
                          VPOS="1352"
                          HPOS="1499"
                          CONTENT="creandi"/>
                  <SP HEIGHT="58" WIDTH="17" VPOS="1352" HPOS="1689"/>
                  <String HEIGHT="58"
                          WIDTH="155"
                          VPOS="1352"
                          HPOS="1637"
                          CONTENT="quasi"/>
                  <SP HEIGHT="58" WIDTH="17" VPOS="1352" HPOS="1792"/>
                  <String HEIGHT="58"
                          WIDTH="224"
                          VPOS="1352"
                          HPOS="1740"
                          CONTENT="proximum,"/>
                  <SP HEIGHT="58" WIDTH="17" VPOS="1352" HPOS="1964"/>
                  <String HEIGHT="58" WIDTH="52" VPOS="1352" HPOS="1895" CONTENT="&amp;"/>
               </TextLine>
               <TextLine ID="r1l24"
                         BASELINE="1457"
                         HEIGHT="56"
                         WIDTH="1777"
                         VPOS="1401"
                         HPOS="169">
                  <String HEIGHT="56"
                          WIDTH="192"
                          VPOS="1401"
                          HPOS="153"
                          CONTENT="essentia"/>
                  <SP HEIGHT="56" WIDTH="16" VPOS="1401" HPOS="345"/>
                  <String HEIGHT="56"
                          WIDTH="192"
                          VPOS="1401"
                          HPOS="297"
                          CONTENT="remotum."/>
                  <SP HEIGHT="56" WIDTH="16" VPOS="1401" HPOS="489"/>
                  <String HEIGHT="56" WIDTH="96" VPOS="1401" HPOS="441" CONTENT="Et"/>
                  <SP HEIGHT="56" WIDTH="16" VPOS="1401" HPOS="537"/>
                  <String HEIGHT="56"
                          WIDTH="144"
                          VPOS="1401"
                          HPOS="489"
                          CONTENT="habet"/>
                  <SP HEIGHT="56" WIDTH="16" VPOS="1401" HPOS="633"/>
                  <String HEIGHT="56"
                          WIDTH="144"
                          VPOS="1401"
                          HPOS="585"
                          CONTENT="illud"/>
                  <SP HEIGHT="56" WIDTH="16" VPOS="1401" HPOS="729"/>
                  <String HEIGHT="56"
                          WIDTH="160"
                          VPOS="1401"
                          HPOS="681"
                          CONTENT="verbum"/>
                  <SP HEIGHT="56" WIDTH="16" VPOS="1401" HPOS="841"/>
                  <String HEIGHT="56"
                          WIDTH="144"
                          VPOS="1401"
                          HPOS="793"
                          CONTENT="pater"/>
                  <SP HEIGHT="56" WIDTH="16" VPOS="1401" HPOS="937"/>
                  <String HEIGHT="56" WIDTH="96" VPOS="1401" HPOS="889" CONTENT="in"/>
                  <SP HEIGHT="56" WIDTH="16" VPOS="1401" HPOS="985"/>
                  <String HEIGHT="56"
                          WIDTH="112"
                          VPOS="1401"
                          HPOS="937"
                          CONTENT="se:"/>
                  <SP HEIGHT="56" WIDTH="16" VPOS="1401" HPOS="1049"/>
                  <String HEIGHT="56"
                          WIDTH="112"
                          VPOS="1401"
                          HPOS="1001"
                          CONTENT="hoc"/>
                  <SP HEIGHT="56" WIDTH="16" VPOS="1401" HPOS="1114"/>
                  <String HEIGHT="56"
                          WIDTH="112"
                          VPOS="1401"
                          HPOS="1066"
                          CONTENT="est"/>
                  <SP HEIGHT="56" WIDTH="16" VPOS="1401" HPOS="1178"/>
                  <String HEIGHT="56" WIDTH="96" VPOS="1401" HPOS="1130" CONTENT="in"/>
                  <SP HEIGHT="56" WIDTH="16" VPOS="1401" HPOS="1226"/>
                  <String HEIGHT="56"
                          WIDTH="112"
                          VPOS="1401"
                          HPOS="1178"
                          CONTENT="suo"/>
                  <SP HEIGHT="56" WIDTH="16" VPOS="1401" HPOS="1290"/>
                  <String HEIGHT="56"
                          WIDTH="224"
                          VPOS="1401"
                          HPOS="1242"
                          CONTENT="intellectu"/>
                  <SP HEIGHT="56" WIDTH="16" VPOS="1401" HPOS="1466"/>
                  <String HEIGHT="56"
                          WIDTH="224"
                          VPOS="1401"
                          HPOS="1418"
                          CONTENT="essentiali"/>
                  <SP HEIGHT="56" WIDTH="16" VPOS="1401" HPOS="1642"/>
                  <String HEIGHT="56" WIDTH="96" VPOS="1401" HPOS="1594" CONTENT="ad"/>
                  <SP HEIGHT="56" WIDTH="16" VPOS="1401" HPOS="1690"/>
                  <String HEIGHT="56"
                          WIDTH="256"
                          VPOS="1401"
                          HPOS="1642"
                          CONTENT="perficiendum"/>
                  <SP HEIGHT="56" WIDTH="16" VPOS="1401" HPOS="1898"/>
                  <String HEIGHT="56"
                          WIDTH="112"
                          VPOS="1401"
                          HPOS="1834"
                          CONTENT="ipsum"/>
               </TextLine>
               <TextLine ID="r1l25"
                         BASELINE="1518"
                         HEIGHT="64"
                         WIDTH="1780"
                         VPOS="1454"
                         HPOS="174">
                  <String HEIGHT="64" WIDTH="72" VPOS="1454" HPOS="160" CONTENT="&amp;"/>
                  <SP HEIGHT="64" WIDTH="14" VPOS="1454" HPOS="232"/>
                  <String HEIGHT="64"
                          WIDTH="188"
                          VPOS="1454"
                          HPOS="188"
                          CONTENT="similiter"/>
                  <SP HEIGHT="64" WIDTH="14" VPOS="1454" HPOS="377"/>
                  <String HEIGHT="64"
                          WIDTH="145"
                          VPOS="1454"
                          HPOS="333"
                          CONTENT="filius"/>
                  <SP HEIGHT="64" WIDTH="14" VPOS="1454" HPOS="478"/>
                  <String HEIGHT="64"
                          WIDTH="101"
                          VPOS="1454"
                          HPOS="434"
                          CONTENT="qui"/>
                  <SP HEIGHT="64" WIDTH="14" VPOS="1454" HPOS="536"/>
                  <String HEIGHT="64"
                          WIDTH="101"
                          VPOS="1454"
                          HPOS="492"
                          CONTENT="est"/>
                  <SP HEIGHT="64" WIDTH="14" VPOS="1454" HPOS="594"/>
                  <String HEIGHT="64"
                          WIDTH="130"
                          VPOS="1454"
                          HPOS="550"
                          CONTENT="ipsum"/>
                  <SP HEIGHT="64" WIDTH="14" VPOS="1454" HPOS="681"/>
                  <String HEIGHT="64"
                          WIDTH="159"
                          VPOS="1454"
                          HPOS="637"
                          CONTENT="verbum:"/>
                  <SP HEIGHT="64" WIDTH="14" VPOS="1454" HPOS="796"/>
                  <String HEIGHT="64" WIDTH="72" VPOS="1454" HPOS="753" CONTENT="&amp;"/>
                  <SP HEIGHT="64" WIDTH="14" VPOS="1454" HPOS="825"/>
                  <String HEIGHT="64"
                          WIDTH="130"
                          VPOS="1454"
                          HPOS="782"
                          CONTENT="etiam"/>
                  <SP HEIGHT="64" WIDTH="14" VPOS="1454" HPOS="912"/>
                  <String HEIGHT="64"
                          WIDTH="174"
                          VPOS="1454"
                          HPOS="869"
                          CONTENT="spiritus"/>
                  <SP HEIGHT="64" WIDTH="14" VPOS="1454" HPOS="1042"/>
                  <String HEIGHT="64"
                          WIDTH="174"
                          VPOS="1454"
                          HPOS="999"
                          CONTENT="sanctus."/>
                  <SP HEIGHT="64" WIDTH="14" VPOS="1454" HPOS="1173"/>
                  <String HEIGHT="64"
                          WIDTH="101"
                          VPOS="1454"
                          HPOS="1129"
                          CONTENT="Sed"/>
                  <SP HEIGHT="64" WIDTH="14" VPOS="1454" HPOS="1230"/>
                  <String HEIGHT="64"
                          WIDTH="130"
                          VPOS="1454"
                          HPOS="1187"
                          CONTENT="pater"/>
                  <SP HEIGHT="64" WIDTH="14" VPOS="1454" HPOS="1317"/>
                  <String HEIGHT="64"
                          WIDTH="130"
                          VPOS="1454"
                          HPOS="1274"
                          CONTENT="habet"/>
                  <SP HEIGHT="64" WIDTH="14" VPOS="1454" HPOS="1404"/>
                  <String HEIGHT="64"
                          WIDTH="130"
                          VPOS="1454"
                          HPOS="1361"
                          CONTENT="ipsum"/>
                  <SP HEIGHT="64" WIDTH="14" VPOS="1454" HPOS="1491"/>
                  <String HEIGHT="64" WIDTH="72" VPOS="1454" HPOS="1447" CONTENT="a"/>
                  <SP HEIGHT="64" WIDTH="14" VPOS="1454" HPOS="1520"/>
                  <String HEIGHT="64"
                          WIDTH="101"
                          VPOS="1454"
                          HPOS="1476"
                          CONTENT="se:"/>
                  <SP HEIGHT="64" WIDTH="14" VPOS="1454" HPOS="1578"/>
                  <String HEIGHT="64"
                          WIDTH="116"
                          VPOS="1454"
                          HPOS="1534"
                          CONTENT="quia"/>
                  <SP HEIGHT="64" WIDTH="14" VPOS="1454" HPOS="1650"/>
                  <String HEIGHT="64"
                          WIDTH="130"
                          VPOS="1454"
                          HPOS="1607"
                          CONTENT="ipsum"/>
                  <SP HEIGHT="64" WIDTH="14" VPOS="1454" HPOS="1737"/>
                  <String HEIGHT="64"
                          WIDTH="174"
                          VPOS="1454"
                          HPOS="1694"
                          CONTENT="dicendo:"/>
                  <SP HEIGHT="64" WIDTH="14" VPOS="1454" HPOS="1867"/>
                  <String HEIGHT="64"
                          WIDTH="145"
                          VPOS="1454"
                          HPOS="1824"
                          CONTENT="filius"/>
                  <SP HEIGHT="64" WIDTH="14" VPOS="1454" HPOS="1968"/>
                  <String HEIGHT="64" WIDTH="43" VPOS="1454" HPOS="1911" CONTENT="&amp;"/>
               </TextLine>
               <TextLine ID="r1l26"
                         BASELINE="1561"
                         HEIGHT="59"
                         WIDTH="1784"
                         VPOS="1502"
                         HPOS="166">
                  <String HEIGHT="59"
                          WIDTH="191"
                          VPOS="1502"
                          HPOS="150"
                          CONTENT="spiritus"/>
                  <SP HEIGHT="59" WIDTH="16" VPOS="1502" HPOS="341"/>
                  <String HEIGHT="59"
                          WIDTH="175"
                          VPOS="1502"
                          HPOS="293"
                          CONTENT="sanctus"/>
                  <SP HEIGHT="59" WIDTH="16" VPOS="1502" HPOS="469"/>
                  <String HEIGHT="59" WIDTH="80" VPOS="1502" HPOS="421" CONTENT="a"/>
                  <SP HEIGHT="59" WIDTH="16" VPOS="1502" HPOS="500"/>
                  <String HEIGHT="59"
                          WIDTH="127"
                          VPOS="1502"
                          HPOS="453"
                          CONTENT="solo"/>
                  <SP HEIGHT="59" WIDTH="16" VPOS="1502" HPOS="580"/>
                  <String HEIGHT="59"
                          WIDTH="159"
                          VPOS="1502"
                          HPOS="532"
                          CONTENT="patre:"/>
                  <SP HEIGHT="59" WIDTH="16" VPOS="1502" HPOS="692"/>
                  <String HEIGHT="59"
                          WIDTH="112"
                          VPOS="1502"
                          HPOS="644"
                          CONTENT="qui"/>
                  <SP HEIGHT="59" WIDTH="16" VPOS="1502" HPOS="755"/>
                  <String HEIGHT="59"
                          WIDTH="127"
                          VPOS="1502"
                          HPOS="708"
                          CONTENT="vice"/>
                  <SP HEIGHT="59" WIDTH="16" VPOS="1502" HPOS="835"/>
                  <String HEIGHT="59"
                          WIDTH="159"
                          VPOS="1502"
                          HPOS="787"
                          CONTENT="omnium"/>
                  <SP HEIGHT="59" WIDTH="16" VPOS="1502" HPOS="946"/>
                  <String HEIGHT="59"
                          WIDTH="159"
                          VPOS="1502"
                          HPOS="899"
                          CONTENT="verbum"/>
                  <SP HEIGHT="59" WIDTH="16" VPOS="1502" HPOS="1058"/>
                  <String HEIGHT="59"
                          WIDTH="159"
                          VPOS="1502"
                          HPOS="1010"
                          CONTENT="vnicum"/>
                  <SP HEIGHT="59" WIDTH="16" VPOS="1502" HPOS="1170"/>
                  <String HEIGHT="59"
                          WIDTH="143"
                          VPOS="1502"
                          HPOS="1122"
                          CONTENT="dicit"/>
                  <SP HEIGHT="59" WIDTH="16" VPOS="1502" HPOS="1265"/>
                  <String HEIGHT="59" WIDTH="96" VPOS="1502" HPOS="1217" CONTENT="ad"/>
                  <SP HEIGHT="59" WIDTH="16" VPOS="1502" HPOS="1313"/>
                  <String HEIGHT="59"
                          WIDTH="255"
                          VPOS="1502"
                          HPOS="1265"
                          CONTENT="perficiendum"/>
                  <SP HEIGHT="59" WIDTH="16" VPOS="1502" HPOS="1520"/>
                  <String HEIGHT="59"
                          WIDTH="239"
                          VPOS="1502"
                          HPOS="1472"
                          CONTENT="intellectum"/>
                  <SP HEIGHT="59" WIDTH="16" VPOS="1502" HPOS="1711"/>
                  <String HEIGHT="59"
                          WIDTH="191"
                          VPOS="1502"
                          HPOS="1663"
                          CONTENT="conmunem"/>
                  <SP HEIGHT="59" WIDTH="16" VPOS="1502" HPOS="1854"/>
                  <String HEIGHT="59"
                          WIDTH="159"
                          VPOS="1502"
                          HPOS="1791"
                          CONTENT="essentia"/>
               </TextLine>
               <TextLine ID="r1l27"
                         BASELINE="1625"
                         HEIGHT="69"
                         WIDTH="1773"
                         VPOS="1556"
                         HPOS="171">
                  <String HEIGHT="69"
                          WIDTH="130"
                          VPOS="1556"
                          HPOS="155"
                          CONTENT="lem:"/>
                  <SP HEIGHT="69" WIDTH="16" VPOS="1556" HPOS="285"/>
                  <String HEIGHT="69" WIDTH="98" VPOS="1556" HPOS="236" CONTENT="vt"/>
                  <SP HEIGHT="69" WIDTH="16" VPOS="1556" HPOS="334"/>
                  <String HEIGHT="69"
                          WIDTH="146"
                          VPOS="1556"
                          HPOS="285"
                          CONTENT="patet"/>
                  <SP HEIGHT="69" WIDTH="16" VPOS="1556" HPOS="431"/>
                  <String HEIGHT="69" WIDTH="98" VPOS="1556" HPOS="382" CONTENT="ex"/>
                  <SP HEIGHT="69" WIDTH="16" VPOS="1556" HPOS="480"/>
                  <String HEIGHT="69"
                          WIDTH="146"
                          VPOS="1556"
                          HPOS="431"
                          CONTENT="supra"/>
                  <SP HEIGHT="69" WIDTH="16" VPOS="1556" HPOS="578"/>
                  <String HEIGHT="69"
                          WIDTH="179"
                          VPOS="1556"
                          HPOS="529"
                          CONTENT="dictis:"/>
                  <SP HEIGHT="69" WIDTH="16" VPOS="1556" HPOS="708"/>
                  <String HEIGHT="69"
                          WIDTH="179"
                          VPOS="1556"
                          HPOS="659"
                          CONTENT="quamuis"/>
                  <SP HEIGHT="69" WIDTH="16" VPOS="1556" HPOS="838"/>
                  <String HEIGHT="69"
                          WIDTH="163"
                          VPOS="1556"
                          HPOS="789"
                          CONTENT="filius"/>
                  <SP HEIGHT="69" WIDTH="16" VPOS="1556" HPOS="952"/>
                  <String HEIGHT="69"
                          WIDTH="114"
                          VPOS="1556"
                          HPOS="903"
                          CONTENT="non"/>
                  <SP HEIGHT="69" WIDTH="16" VPOS="1556" HPOS="1017"/>
                  <String HEIGHT="69"
                          WIDTH="179"
                          VPOS="1556"
                          HPOS="968"
                          CONTENT="proprie"/>
                  <SP HEIGHT="69" WIDTH="16" VPOS="1556" HPOS="1147"/>
                  <String HEIGHT="69"
                          WIDTH="179"
                          VPOS="1556"
                          HPOS="1098"
                          CONTENT="dicitur"/>
                  <SP HEIGHT="69" WIDTH="16" VPOS="1556" HPOS="1277"/>
                  <String HEIGHT="69"
                          WIDTH="163"
                          VPOS="1556"
                          HPOS="1228"
                          CONTENT="habere"/>
                  <SP HEIGHT="69" WIDTH="16" VPOS="1556" HPOS="1391"/>
                  <String HEIGHT="69"
                          WIDTH="146"
                          VPOS="1556"
                          HPOS="1342"
                          CONTENT="ipsum"/>
                  <SP HEIGHT="69" WIDTH="16" VPOS="1556" HPOS="1489"/>
                  <String HEIGHT="69"
                          WIDTH="179"
                          VPOS="1556"
                          HPOS="1440"
                          CONTENT="verbum:"/>
                  <SP HEIGHT="69" WIDTH="16" VPOS="1556" HPOS="1619"/>
                  <String HEIGHT="69"
                          WIDTH="114"
                          VPOS="1556"
                          HPOS="1570"
                          CONTENT="sed"/>
                  <SP HEIGHT="69" WIDTH="16" VPOS="1556" HPOS="1684"/>
                  <String HEIGHT="69"
                          WIDTH="130"
                          VPOS="1556"
                          HPOS="1635"
                          CONTENT="esse"/>
                  <SP HEIGHT="69" WIDTH="16" VPOS="1556" HPOS="1765"/>
                  <String HEIGHT="69"
                          WIDTH="146"
                          VPOS="1556"
                          HPOS="1716"
                          CONTENT="ipsum"/>
                  <SP HEIGHT="69" WIDTH="16" VPOS="1556" HPOS="1863"/>
                  <String HEIGHT="69"
                          WIDTH="146"
                          VPOS="1556"
                          HPOS="1798"
                          CONTENT="verbum."/>
               </TextLine>
               <TextLine ID="r1l28"
                         BASELINE="1675"
                         HEIGHT="66"
                         WIDTH="1458"
                         VPOS="1609"
                         HPOS="178">
                  <String HEIGHT="66" WIDTH="97" VPOS="1609" HPOS="162" CONTENT="Et"/>
                  <SP HEIGHT="66" WIDTH="16" VPOS="1609" HPOS="259"/>
                  <String HEIGHT="66"
                          WIDTH="146"
                          VPOS="1609"
                          HPOS="210"
                          CONTENT="sicut"/>
                  <SP HEIGHT="66" WIDTH="16" VPOS="1609" HPOS="356"/>
                  <String HEIGHT="66"
                          WIDTH="113"
                          VPOS="1609"
                          HPOS="308"
                          CONTENT="est"/>
                  <SP HEIGHT="66" WIDTH="16" VPOS="1609" HPOS="421"/>
                  <String HEIGHT="66" WIDTH="97" VPOS="1609" HPOS="372" CONTENT="de"/>
                  <SP HEIGHT="66" WIDTH="16" VPOS="1609" HPOS="470"/>
                  <String HEIGHT="66"
                          WIDTH="146"
                          VPOS="1609"
                          HPOS="421"
                          CONTENT="verbo"/>
                  <SP HEIGHT="66" WIDTH="16" VPOS="1609" HPOS="567"/>
                  <String HEIGHT="66" WIDTH="97" VPOS="1609" HPOS="518" CONTENT="ex"/>
                  <SP HEIGHT="66" WIDTH="16" VPOS="1609" HPOS="615"/>
                  <String HEIGHT="66"
                          WIDTH="146"
                          VPOS="1609"
                          HPOS="567"
                          CONTENT="parte"/>
                  <SP HEIGHT="66" WIDTH="16" VPOS="1609" HPOS="713"/>
                  <String HEIGHT="66"
                          WIDTH="259"
                          VPOS="1609"
                          HPOS="664"
                          CONTENT="intellectus:"/>
                  <SP HEIGHT="66" WIDTH="16" VPOS="1609" HPOS="923"/>
                  <String HEIGHT="66"
                          WIDTH="113"
                          VPOS="1609"
                          HPOS="875"
                          CONTENT="sic"/>
                  <SP HEIGHT="66" WIDTH="16" VPOS="1609" HPOS="988"/>
                  <String HEIGHT="66"
                          WIDTH="113"
                          VPOS="1609"
                          HPOS="939"
                          CONTENT="est"/>
                  <SP HEIGHT="66" WIDTH="16" VPOS="1609" HPOS="1053"/>
                  <String HEIGHT="66" WIDTH="97" VPOS="1609" HPOS="1004" CONTENT="de"/>
                  <SP HEIGHT="66" WIDTH="16" VPOS="1609" HPOS="1101"/>
                  <String HEIGHT="66"
                          WIDTH="178"
                          VPOS="1609"
                          HPOS="1053"
                          CONTENT="spiritu"/>
                  <SP HEIGHT="66" WIDTH="16" VPOS="1609" HPOS="1231"/>
                  <String HEIGHT="66"
                          WIDTH="162"
                          VPOS="1609"
                          HPOS="1182"
                          CONTENT="sancto"/>
                  <SP HEIGHT="66" WIDTH="16" VPOS="1609" HPOS="1344"/>
                  <String HEIGHT="66" WIDTH="97" VPOS="1609" HPOS="1296" CONTENT="ex"/>
                  <SP HEIGHT="66" WIDTH="16" VPOS="1609" HPOS="1393"/>
                  <String HEIGHT="66"
                          WIDTH="146"
                          VPOS="1609"
                          HPOS="1344"
                          CONTENT="parte"/>
                  <SP HEIGHT="66" WIDTH="16" VPOS="1609" HPOS="1490"/>
                  <String HEIGHT="66"
                          WIDTH="211"
                          VPOS="1609"
                          HPOS="1425"
                          CONTENT="voluntatis."/>
               </TextLine>
               <TextLine ID="r1l29"
                         BASELINE="1736"
                         HEIGHT="76"
                         WIDTH="1460"
                         VPOS="1660"
                         HPOS="483">
                  <String HEIGHT="76"
                          WIDTH="117"
                          VPOS="1660"
                          HPOS="468"
                          CONTENT="Irca"/>
                  <SP HEIGHT="76" WIDTH="15" VPOS="1660" HPOS="585"/>
                  <String HEIGHT="76"
                          WIDTH="175"
                          VPOS="1660"
                          HPOS="541"
                          CONTENT="secundum"/>
                  <SP HEIGHT="76" WIDTH="15" VPOS="1660" HPOS="717"/>
                  <String HEIGHT="76"
                          WIDTH="190"
                          VPOS="1660"
                          HPOS="673"
                          CONTENT="arguitur,"/>
                  <SP HEIGHT="76" WIDTH="15" VPOS="1660" HPOS="863"/>
                  <String HEIGHT="76"
                          WIDTH="117"
                          VPOS="1660"
                          HPOS="819"
                          CONTENT="quod"/>
                  <SP HEIGHT="76" WIDTH="15" VPOS="1660" HPOS="936"/>
                  <String HEIGHT="76"
                          WIDTH="263"
                          VPOS="1660"
                          HPOS="892"
                          CONTENT="impossibilitas"/>
                  <SP HEIGHT="76" WIDTH="15" VPOS="1660" HPOS="1155"/>
                  <String HEIGHT="76"
                          WIDTH="131"
                          VPOS="1660"
                          HPOS="1111"
                          CONTENT="circa"/>
                  <SP HEIGHT="76" WIDTH="15" VPOS="1660" HPOS="1242"/>
                  <String HEIGHT="76"
                          WIDTH="131"
                          VPOS="1660"
                          HPOS="1198"
                          CONTENT="fieri"/>
                  <SP HEIGHT="76" WIDTH="15" VPOS="1660" HPOS="1330"/>
                  <String HEIGHT="76"
                          WIDTH="131"
                          VPOS="1660"
                          HPOS="1286"
                          CONTENT="rerum"/>
                  <SP HEIGHT="76" WIDTH="15" VPOS="1660" HPOS="1417"/>
                  <String HEIGHT="76"
                          WIDTH="131"
                          VPOS="1660"
                          HPOS="1374"
                          CONTENT="debet"/>
                  <SP HEIGHT="76" WIDTH="15" VPOS="1660" HPOS="1505"/>
                  <String HEIGHT="76"
                          WIDTH="117"
                          VPOS="1660"
                          HPOS="1461"
                          CONTENT="dici"/>
                  <SP HEIGHT="76" WIDTH="15" VPOS="1660" HPOS="1578"/>
                  <String HEIGHT="76"
                          WIDTH="131"
                          VPOS="1660"
                          HPOS="1534"
                          CONTENT="oriri"/>
                  <SP HEIGHT="76" WIDTH="15" VPOS="1660" HPOS="1666"/>
                  <String HEIGHT="76" WIDTH="88" VPOS="1660" HPOS="1622" CONTENT="ex"/>
                  <SP HEIGHT="76" WIDTH="15" VPOS="1660" HPOS="1709"/>
                  <String HEIGHT="76"
                          WIDTH="131"
                          VPOS="1660"
                          HPOS="1666"
                          CONTENT="parte"/>
                  <SP HEIGHT="76" WIDTH="15" VPOS="1660" HPOS="1797"/>
                  <String HEIGHT="76"
                          WIDTH="117"
                          VPOS="1660"
                          HPOS="1753"
                          CONTENT="dei:"/>
                  <SP HEIGHT="76" WIDTH="15" VPOS="1660" HPOS="1870"/>
                  <String HEIGHT="76"
                          WIDTH="117"
                          VPOS="1660"
                          HPOS="1826"
                          CONTENT="quia"/>
                  <SP HEIGHT="76" WIDTH="15" VPOS="1660" HPOS="1943"/>
                  <String HEIGHT="76" WIDTH="58" VPOS="1660" HPOS="1885" CONTENT="ex"/>
               </TextLine>
               <TextLine ID="r1l31"
                         BASELINE="1782"
                         HEIGHT="63"
                         WIDTH="1440"
                         VPOS="1719"
                         HPOS="496">
                  <String HEIGHT="63"
                          WIDTH="132"
                          VPOS="1719"
                          HPOS="481"
                          CONTENT="parte"/>
                  <SP HEIGHT="63" WIDTH="15" VPOS="1719" HPOS="614"/>
                  <String HEIGHT="63"
                          WIDTH="103"
                          VPOS="1719"
                          HPOS="569"
                          CONTENT="dei"/>
                  <SP HEIGHT="63" WIDTH="15" VPOS="1719" HPOS="672"/>
                  <String HEIGHT="63"
                          WIDTH="103"
                          VPOS="1719"
                          HPOS="628"
                          CONTENT="est"/>
                  <SP HEIGHT="63" WIDTH="15" VPOS="1719" HPOS="731"/>
                  <String HEIGHT="63"
                          WIDTH="132"
                          VPOS="1719"
                          HPOS="687"
                          CONTENT="sicut"/>
                  <SP HEIGHT="63" WIDTH="15" VPOS="1719" HPOS="819"/>
                  <String HEIGHT="63" WIDTH="88" VPOS="1719" HPOS="775" CONTENT="ex"/>
                  <SP HEIGHT="63" WIDTH="15" VPOS="1719" HPOS="863"/>
                  <String HEIGHT="63"
                          WIDTH="132"
                          VPOS="1719"
                          HPOS="819"
                          CONTENT="parte"/>
                  <SP HEIGHT="63" WIDTH="15" VPOS="1719" HPOS="952"/>
                  <String HEIGHT="63"
                          WIDTH="162"
                          VPOS="1719"
                          HPOS="907"
                          CONTENT="actiui:"/>
                  <SP HEIGHT="63" WIDTH="15" VPOS="1719" HPOS="1069"/>
                  <String HEIGHT="63" WIDTH="88" VPOS="1719" HPOS="1025" CONTENT="ex"/>
                  <SP HEIGHT="63" WIDTH="15" VPOS="1719" HPOS="1113"/>
                  <String HEIGHT="63"
                          WIDTH="132"
                          VPOS="1719"
                          HPOS="1069"
                          CONTENT="parte"/>
                  <SP HEIGHT="63" WIDTH="15" VPOS="1719" HPOS="1201"/>
                  <String HEIGHT="63"
                          WIDTH="103"
                          VPOS="1719"
                          HPOS="1157"
                          CONTENT="rei"/>
                  <SP HEIGHT="63" WIDTH="15" VPOS="1719" HPOS="1260"/>
                  <String HEIGHT="63"
                          WIDTH="132"
                          VPOS="1719"
                          HPOS="1216"
                          CONTENT="sicut"/>
                  <SP HEIGHT="63" WIDTH="15" VPOS="1719" HPOS="1348"/>
                  <String HEIGHT="63" WIDTH="88" VPOS="1719" HPOS="1304" CONTENT="ex"/>
                  <SP HEIGHT="63" WIDTH="15" VPOS="1719" HPOS="1392"/>
                  <String HEIGHT="63"
                          WIDTH="132"
                          VPOS="1719"
                          HPOS="1348"
                          CONTENT="parte"/>
                  <SP HEIGHT="63" WIDTH="15" VPOS="1719" HPOS="1480"/>
                  <String HEIGHT="63"
                          WIDTH="176"
                          VPOS="1719"
                          HPOS="1436"
                          CONTENT="passiui,"/>
                  <SP HEIGHT="63" WIDTH="15" VPOS="1719" HPOS="1613"/>
                  <String HEIGHT="63"
                          WIDTH="118"
                          VPOS="1719"
                          HPOS="1569"
                          CONTENT="quid"/>
                  <SP HEIGHT="63" WIDTH="15" VPOS="1719" HPOS="1686"/>
                  <String HEIGHT="63"
                          WIDTH="132"
                          VPOS="1719"
                          HPOS="1642"
                          CONTENT="autem"/>
                  <SP HEIGHT="63" WIDTH="15" VPOS="1719" HPOS="1774"/>
                  <String HEIGHT="63"
                          WIDTH="103"
                          VPOS="1719"
                          HPOS="1730"
                          CONTENT="est"/>
                  <SP HEIGHT="63" WIDTH="15" VPOS="1719" HPOS="1833"/>
                  <String HEIGHT="63" WIDTH="88" VPOS="1719" HPOS="1789" CONTENT="in"/>
                  <SP HEIGHT="63" WIDTH="15" VPOS="1719" HPOS="1877"/>
                  <String HEIGHT="63"
                          WIDTH="118"
                          VPOS="1719"
                          HPOS="1818"
                          CONTENT="passi"
                          SUBS_TYPE="HypPart1"
                          SUBS_CONTENT="passiuo"/>
                  <HYP CONTENT="-"/>
               </TextLine>
               <TextLine ID="r1l33"
                         BASELINE="1839"
                         HEIGHT="65"
                         WIDTH="1449"
                         VPOS="1774"
                         HPOS="489">
                  <String HEIGHT="65"
                          WIDTH="91"
                          VPOS="1774"
                          HPOS="474"
                          CONTENT="uo"
                          SUBS_TYPE="HypPart2"
                          SUBS_CONTENT="passiuo"/>
                  <SP HEIGHT="65" WIDTH="15" VPOS="1774" HPOS="564"/>
                  <String HEIGHT="65"
                          WIDTH="151"
                          VPOS="1774"
                          HPOS="519"
                          CONTENT="tantum"/>
                  <SP HEIGHT="65" WIDTH="15" VPOS="1774" HPOS="670"/>
                  <String HEIGHT="65"
                          WIDTH="106"
                          VPOS="1774"
                          HPOS="625"
                          CONTENT="est"/>
                  <SP HEIGHT="65" WIDTH="15" VPOS="1774" HPOS="731"/>
                  <String HEIGHT="65" WIDTH="91" VPOS="1774" HPOS="685" CONTENT="ab"/>
                  <SP HEIGHT="65" WIDTH="15" VPOS="1774" HPOS="776"/>
                  <String HEIGHT="65"
                          WIDTH="166"
                          VPOS="1774"
                          HPOS="731"
                          CONTENT="actiuo:"/>
                  <SP HEIGHT="65" WIDTH="15" VPOS="1774" HPOS="897"/>
                  <String HEIGHT="65"
                          WIDTH="121"
                          VPOS="1774"
                          HPOS="851"
                          CONTENT="quia"/>
                  <SP HEIGHT="65" WIDTH="15" VPOS="1774" HPOS="972"/>
                  <String HEIGHT="65"
                          WIDTH="181"
                          VPOS="1774"
                          HPOS="927"
                          CONTENT="secundum"/>
                  <SP HEIGHT="65" WIDTH="15" VPOS="1774" HPOS="1108"/>
                  <String HEIGHT="65"
                          WIDTH="181"
                          VPOS="1774"
                          HPOS="1063"
                          CONTENT="auctorem"/>
                  <SP HEIGHT="65" WIDTH="15" VPOS="1774" HPOS="1244"/>
                  <String HEIGHT="65"
                          WIDTH="106"
                          VPOS="1774"
                          HPOS="1198"
                          CONTENT="sex"/>
                  <SP HEIGHT="65" WIDTH="15" VPOS="1774" HPOS="1304"/>
                  <String HEIGHT="65"
                          WIDTH="242"
                          VPOS="1774"
                          HPOS="1259"
                          CONTENT="principiorum"/>
                  <SP HEIGHT="65" WIDTH="15" VPOS="1774" HPOS="1500"/>
                  <String HEIGHT="65"
                          WIDTH="151"
                          VPOS="1774"
                          HPOS="1455"
                          CONTENT="passio"/>
                  <SP HEIGHT="65" WIDTH="15" VPOS="1774" HPOS="1606"/>
                  <String HEIGHT="65"
                          WIDTH="106"
                          VPOS="1774"
                          HPOS="1561"
                          CONTENT="est"/>
                  <SP HEIGHT="65" WIDTH="15" VPOS="1774" HPOS="1666"/>
                  <String HEIGHT="65"
                          WIDTH="181"
                          VPOS="1774"
                          HPOS="1621"
                          CONTENT="effectus"/>
                  <SP HEIGHT="65" WIDTH="15" VPOS="1774" HPOS="1802"/>
                  <String HEIGHT="65"
                          WIDTH="211"
                          VPOS="1774"
                          HPOS="1757"
                          CONTENT="illatioque"/>
                  <SP HEIGHT="65" WIDTH="15" VPOS="1774" HPOS="1968"/>
                  <String HEIGHT="65" WIDTH="30" VPOS="1774" HPOS="1908" CONTENT=""/>
               </TextLine>
               <TextLine ID="r1l35"
                         BASELINE="1896"
                         HEIGHT="67"
                         WIDTH="1445"
                         VPOS="1829"
                         HPOS="488">
                  <String HEIGHT="67"
                          WIDTH="209"
                          VPOS="1829"
                          HPOS="472"
                          CONTENT="actionis."/>
                  <SP HEIGHT="67" WIDTH="16" VPOS="1829" HPOS="681"/>
                  <String HEIGHT="67"
                          WIDTH="128"
                          VPOS="1829"
                          HPOS="632"
                          CONTENT="ergo"/>
                  <SP HEIGHT="67" WIDTH="16" VPOS="1829" HPOS="761"/>
                  <String HEIGHT="67"
                          WIDTH="112"
                          VPOS="1829"
                          HPOS="713"
                          CONTENT="&amp;c."/>
                  <SP HEIGHT="67" WIDTH="16" VPOS="1829" HPOS="825"/>
                  <String HEIGHT="67"
                          WIDTH="128"
                          VPOS="1829"
                          HPOS="777"
                          CONTENT="ltem"/>
                  <SP HEIGHT="67" WIDTH="16" VPOS="1829" HPOS="905"/>
                  <String HEIGHT="67"
                          WIDTH="128"
                          VPOS="1829"
                          HPOS="857"
                          CONTENT="quod"/>
                  <SP HEIGHT="67" WIDTH="16" VPOS="1829" HPOS="986"/>
                  <String HEIGHT="67"
                          WIDTH="257"
                          VPOS="1829"
                          HPOS="938"
                          CONTENT="contractoria"/>
                  <SP HEIGHT="67" WIDTH="16" VPOS="1829" HPOS="1194"/>
                  <String HEIGHT="67"
                          WIDTH="112"
                          VPOS="1829"
                          HPOS="1146"
                          CONTENT="non"/>
                  <SP HEIGHT="67" WIDTH="16" VPOS="1829" HPOS="1259"/>
                  <String HEIGHT="67"
                          WIDTH="177"
                          VPOS="1829"
                          HPOS="1211"
                          CONTENT="possunt"/>
                  <SP HEIGHT="67" WIDTH="16" VPOS="1829" HPOS="1387"/>
                  <String HEIGHT="67"
                          WIDTH="128"
                          VPOS="1829"
                          HPOS="1339"
                          CONTENT="esse"/>
                  <SP HEIGHT="67" WIDTH="16" VPOS="1829" HPOS="1467"/>
                  <String HEIGHT="67" WIDTH="96" VPOS="1829" HPOS="1419" CONTENT="in"/>
                  <SP HEIGHT="67" WIDTH="16" VPOS="1829" HPOS="1516"/>
                  <String HEIGHT="67"
                          WIDTH="145"
                          VPOS="1829"
                          HPOS="1467"
                          CONTENT="eodem"/>
                  <SP HEIGHT="67" WIDTH="16" VPOS="1829" HPOS="1612"/>
                  <String HEIGHT="67"
                          WIDTH="209"
                          VPOS="1829"
                          HPOS="1564"
                          CONTENT="contingit"/>
                  <SP HEIGHT="67" WIDTH="16" VPOS="1829" HPOS="1772"/>
                  <String HEIGHT="67"
                          WIDTH="128"
                          VPOS="1829"
                          HPOS="1724"
                          CONTENT="quia"/>
                  <SP HEIGHT="67" WIDTH="16" VPOS="1829" HPOS="1853"/>
                  <String HEIGHT="67"
                          WIDTH="112"
                          VPOS="1829"
                          HPOS="1805"
                          CONTENT="non"/>
                  <SP HEIGHT="67" WIDTH="16" VPOS="1829" HPOS="1917"/>
                  <String HEIGHT="67" WIDTH="96" VPOS="1829" HPOS="1869" CONTENT="ha"/>
                  <SP HEIGHT="67" WIDTH="16" VPOS="1829" HPOS="1965"/>
                  <String HEIGHT="67" WIDTH="32" VPOS="1829" HPOS="1901" CONTENT=""/>
               </TextLine>
               <TextLine ID="r1l36"
                         BASELINE="1939"
                         HEIGHT="60"
                         WIDTH="1442"
                         VPOS="1879"
                         HPOS="500">
                  <String HEIGHT="60"
                          WIDTH="125"
                          VPOS="1879"
                          HPOS="484"
                          CONTENT="bent"/>
                  <SP HEIGHT="60" WIDTH="16" VPOS="1879" HPOS="610"/>
                  <String HEIGHT="60"
                          WIDTH="204"
                          VPOS="1879"
                          HPOS="563"
                          CONTENT="seminalem"/>
                  <SP HEIGHT="60" WIDTH="16" VPOS="1879" HPOS="766"/>
                  <String HEIGHT="60"
                          WIDTH="188"
                          VPOS="1879"
                          HPOS="719"
                          CONTENT="rationem"/>
                  <SP HEIGHT="60" WIDTH="16" VPOS="1879" HPOS="908"/>
                  <String HEIGHT="60" WIDTH="94" VPOS="1879" HPOS="861" CONTENT="in"/>
                  <SP HEIGHT="60" WIDTH="16" VPOS="1879" HPOS="955"/>
                  <String HEIGHT="60"
                          WIDTH="110"
                          VPOS="1879"
                          HPOS="908"
                          CONTENT="se."/>
                  <SP HEIGHT="60" WIDTH="16" VPOS="1879" HPOS="1017"/>
                  <String HEIGHT="60"
                          WIDTH="141"
                          VPOS="1879"
                          HPOS="970"
                          CONTENT="illam"/>
                  <SP HEIGHT="60" WIDTH="16" VPOS="1879" HPOS="1111"/>
                  <String HEIGHT="60"
                          WIDTH="141"
                          VPOS="1879"
                          HPOS="1064"
                          CONTENT="autem"/>
                  <SP HEIGHT="60" WIDTH="16" VPOS="1879" HPOS="1205"/>
                  <String HEIGHT="60"
                          WIDTH="110"
                          VPOS="1879"
                          HPOS="1158"
                          CONTENT="non"/>
                  <SP HEIGHT="60" WIDTH="16" VPOS="1879" HPOS="1268"/>
                  <String HEIGHT="60"
                          WIDTH="172"
                          VPOS="1879"
                          HPOS="1221"
                          CONTENT="habent:"/>
                  <SP HEIGHT="60" WIDTH="16" VPOS="1879" HPOS="1393"/>
                  <String HEIGHT="60"
                          WIDTH="125"
                          VPOS="1879"
                          HPOS="1346"
                          CONTENT="quia"/>
                  <SP HEIGHT="60" WIDTH="16" VPOS="1879" HPOS="1472"/>
                  <String HEIGHT="60"
                          WIDTH="125"
                          VPOS="1879"
                          HPOS="1425"
                          CONTENT="deus"/>
                  <SP HEIGHT="60" WIDTH="16" VPOS="1879" HPOS="1550"/>
                  <String HEIGHT="60"
                          WIDTH="110"
                          VPOS="1879"
                          HPOS="1503"
                          CONTENT="eam"/>
                  <SP HEIGHT="60" WIDTH="16" VPOS="1879" HPOS="1613"/>
                  <String HEIGHT="60"
                          WIDTH="110"
                          VPOS="1879"
                          HPOS="1566"
                          CONTENT="non"/>
                  <SP HEIGHT="60" WIDTH="16" VPOS="1879" HPOS="1676"/>
                  <String HEIGHT="60"
                          WIDTH="157"
                          VPOS="1879"
                          HPOS="1629"
                          CONTENT="dedit:"/>
                  <SP HEIGHT="60" WIDTH="16" VPOS="1879" HPOS="1785"/>
                  <String HEIGHT="60"
                          WIDTH="125"
                          VPOS="1879"
                          HPOS="1738"
                          CONTENT="quia"/>
                  <SP HEIGHT="60" WIDTH="16" VPOS="1879" HPOS="1864"/>
                  <String HEIGHT="60" WIDTH="94" VPOS="1879" HPOS="1817" CONTENT="si"/>
                  <SP HEIGHT="60" WIDTH="16" VPOS="1879" HPOS="1911"/>
                  <String HEIGHT="60"
                          WIDTH="110"
                          VPOS="1879"
                          HPOS="1864"
                          CONTENT="de-"/>
                  <SP HEIGHT="60" WIDTH="16" VPOS="1879" HPOS="1973"/>
                  <String HEIGHT="60" WIDTH="31" VPOS="1879" HPOS="1911" CONTENT=""/>
               </TextLine>
               <TextLine ID="r1l37"
                         BASELINE="2003"
                         HEIGHT="65"
                         WIDTH="1450"
                         VPOS="1938"
                         HPOS="492">
                  <String HEIGHT="65"
                          WIDTH="181"
                          VPOS="1938"
                          HPOS="476"
                          CONTENT="disset:"/>
                  <SP HEIGHT="65" WIDTH="16" VPOS="1938" HPOS="657"/>
                  <String HEIGHT="65"
                          WIDTH="115"
                          VPOS="1938"
                          HPOS="607"
                          CONTENT="eam"/>
                  <SP HEIGHT="65" WIDTH="16" VPOS="1938" HPOS="723"/>
                  <String HEIGHT="65"
                          WIDTH="214"
                          VPOS="1938"
                          HPOS="673"
                          CONTENT="haberent,"/>
                  <SP HEIGHT="65" WIDTH="16" VPOS="1938" HPOS="887"/>
                  <String HEIGHT="65" WIDTH="82" VPOS="1938" HPOS="838" CONTENT="&amp;"/>
                  <SP HEIGHT="65" WIDTH="16" VPOS="1938" HPOS="920"/>
                  <String HEIGHT="65"
                          WIDTH="181"
                          VPOS="1938"
                          HPOS="871"
                          CONTENT="possent"/>
                  <SP HEIGHT="65" WIDTH="16" VPOS="1938" HPOS="1052"/>
                  <String HEIGHT="65" WIDTH="99" VPOS="1938" HPOS="1003" CONTENT="ex"/>
                  <SP HEIGHT="65" WIDTH="16" VPOS="1938" HPOS="1102"/>
                  <String HEIGHT="65"
                          WIDTH="132"
                          VPOS="1938"
                          HPOS="1052"
                          CONTENT="ipsa"/>
                  <SP HEIGHT="65" WIDTH="16" VPOS="1938" HPOS="1184"/>
                  <String HEIGHT="65"
                          WIDTH="297"
                          VPOS="1938"
                          HPOS="1135"
                          CONTENT="contradictoria"/>
                  <SP HEIGHT="65" WIDTH="16" VPOS="1938" HPOS="1431"/>
                  <String HEIGHT="65"
                          WIDTH="132"
                          VPOS="1938"
                          HPOS="1382"
                          CONTENT="esse"/>
                  <SP HEIGHT="65" WIDTH="16" VPOS="1938" HPOS="1514"/>
                  <String HEIGHT="65"
                          WIDTH="165"
                          VPOS="1938"
                          HPOS="1464"
                          CONTENT="simul,"/>
                  <SP HEIGHT="65" WIDTH="16" VPOS="1938" HPOS="1629"/>
                  <String HEIGHT="65"
                          WIDTH="132"
                          VPOS="1938"
                          HPOS="1580"
                          CONTENT="quod"/>
                  <SP HEIGHT="65" WIDTH="16" VPOS="1938" HPOS="1711"/>
                  <String HEIGHT="65"
                          WIDTH="132"
                          VPOS="1938"
                          HPOS="1662"
                          CONTENT="ergo"/>
                  <SP HEIGHT="65" WIDTH="16" VPOS="1938" HPOS="1794"/>
                  <String HEIGHT="65"
                          WIDTH="115"
                          VPOS="1938"
                          HPOS="1744"
                          CONTENT="non"/>
                  <SP HEIGHT="65" WIDTH="16" VPOS="1938" HPOS="1860"/>
                  <String HEIGHT="65"
                          WIDTH="148"
                          VPOS="1938"
                          HPOS="1794"
                          CONTENT="possunt"/>
               </TextLine>
               <TextLine ID="r1l38"
                         BASELINE="2047"
                         HEIGHT="61"
                         WIDTH="1489"
                         VPOS="1986"
                         HPOS="451">
                  <String HEIGHT="61"
                          WIDTH="131"
                          VPOS="1986"
                          HPOS="435"
                          CONTENT="esse"/>
                  <SP HEIGHT="61" WIDTH="16" VPOS="1986" HPOS="566"/>
                  <String HEIGHT="61"
                          WIDTH="164"
                          VPOS="1986"
                          HPOS="516"
                          CONTENT="simul:"/>
                  <SP HEIGHT="61" WIDTH="16" VPOS="1986" HPOS="680"/>
                  <String HEIGHT="61"
                          WIDTH="147"
                          VPOS="1986"
                          HPOS="631"
                          CONTENT="ratio"/>
                  <SP HEIGHT="61" WIDTH="16" VPOS="1986" HPOS="778"/>
                  <String HEIGHT="61"
                          WIDTH="115"
                          VPOS="1986"
                          HPOS="729"
                          CONTENT="est"/>
                  <SP HEIGHT="61" WIDTH="16" VPOS="1986" HPOS="844"/>
                  <String HEIGHT="61"
                          WIDTH="131"
                          VPOS="1986"
                          HPOS="795"
                          CONTENT="pura"/>
                  <SP HEIGHT="61" WIDTH="16" VPOS="1986" HPOS="926"/>
                  <String HEIGHT="61" WIDTH="98" VPOS="1986" HPOS="876" CONTENT="ex"/>
                  <SP HEIGHT="61" WIDTH="16" VPOS="1986" HPOS="975"/>
                  <String HEIGHT="61"
                          WIDTH="147"
                          VPOS="1986"
                          HPOS="926"
                          CONTENT="parte"/>
                  <SP HEIGHT="61" WIDTH="16" VPOS="1986" HPOS="1073"/>
                  <String HEIGHT="61"
                          WIDTH="131"
                          VPOS="1986"
                          HPOS="1024"
                          CONTENT="dei."/>
                  <SP HEIGHT="61" WIDTH="16" VPOS="1986" HPOS="1155"/>
                  <String HEIGHT="61" WIDTH="98" VPOS="1986" HPOS="1106" CONTENT="IN"/>
                  <SP HEIGHT="61" WIDTH="16" VPOS="1986" HPOS="1204"/>
                  <String HEIGHT="61"
                          WIDTH="229"
                          VPOS="1986"
                          HPOS="1155"
                          CONTENT="contrarium"/>
                  <SP HEIGHT="61" WIDTH="16" VPOS="1986" HPOS="1384"/>
                  <String HEIGHT="61"
                          WIDTH="115"
                          VPOS="1986"
                          HPOS="1335"
                          CONTENT="est"/>
                  <SP HEIGHT="61" WIDTH="16" VPOS="1986" HPOS="1449"/>
                  <String HEIGHT="61"
                          WIDTH="147"
                          VPOS="1986"
                          HPOS="1400"
                          CONTENT="illud"/>
                  <SP HEIGHT="61" WIDTH="16" VPOS="1986" HPOS="1547"/>
                  <String HEIGHT="61"
                          WIDTH="131"
                          VPOS="1986"
                          HPOS="1498"
                          CONTENT="quod"/>
                  <SP HEIGHT="61" WIDTH="16" VPOS="1986" HPOS="1629"/>
                  <String HEIGHT="61"
                          WIDTH="147"
                          VPOS="1986"
                          HPOS="1580"
                          CONTENT="dicit"/>
                  <SP HEIGHT="61" WIDTH="16" VPOS="1986" HPOS="1727"/>
                  <String HEIGHT="61"
                          WIDTH="213"
                          VPOS="1986"
                          HPOS="1678"
                          CONTENT="Auicenna."/>
                  <SP HEIGHT="61" WIDTH="16" VPOS="1986" HPOS="1891"/>
                  <String HEIGHT="61"
                          WIDTH="115"
                          VPOS="1986"
                          HPOS="1825"
                          CONTENT="iiii."/>
               </TextLine>
               <TextLine ID="line_1582588195301_349"
                         BASELINE="2110"
                         HEIGHT="73"
                         WIDTH="1782"
                         VPOS="2037"
                         HPOS="157">
                  <String HEIGHT="73"
                          WIDTH="264"
                          VPOS="2037"
                          HPOS="141"
                          CONTENT="Metaphysicae"/>
                  <SP HEIGHT="73" WIDTH="17" VPOS="2037" HPOS="405"/>
                  <String HEIGHT="73"
                          WIDTH="149"
                          VPOS="2037"
                          HPOS="355"
                          CONTENT="Agens"/>
                  <SP HEIGHT="73" WIDTH="17" VPOS="2037" HPOS="504"/>
                  <String HEIGHT="73"
                          WIDTH="116"
                          VPOS="2037"
                          HPOS="454"
                          CONTENT="non"/>
                  <SP HEIGHT="73" WIDTH="17" VPOS="2037" HPOS="570"/>
                  <String HEIGHT="73"
                          WIDTH="182"
                          VPOS="2037"
                          HPOS="520"
                          CONTENT="potest:"/>
                  <SP HEIGHT="73" WIDTH="17" VPOS="2037" HPOS="702"/>
                  <String HEIGHT="73"
                          WIDTH="132"
                          VPOS="2037"
                          HPOS="652"
                          CONTENT="quia"/>
                  <SP HEIGHT="73" WIDTH="17" VPOS="2037" HPOS="784"/>
                  <String HEIGHT="73"
                          WIDTH="116"
                          VPOS="2037"
                          HPOS="735"
                          CONTENT="non"/>
                  <SP HEIGHT="73" WIDTH="17" VPOS="2037" HPOS="850"/>
                  <String HEIGHT="73"
                          WIDTH="116"
                          VPOS="2037"
                          HPOS="801"
                          CONTENT="est"/>
                  <SP HEIGHT="73" WIDTH="17" VPOS="2037" HPOS="916"/>
                  <String HEIGHT="73"
                          WIDTH="215"
                          VPOS="2037"
                          HPOS="867"
                          CONTENT="possibile"/>
                  <SP HEIGHT="73" WIDTH="17" VPOS="2037" HPOS="1081"/>
                  <String HEIGHT="73" WIDTH="99" VPOS="2037" HPOS="1032" CONTENT="in"/>
                  <SP HEIGHT="73" WIDTH="17" VPOS="2037" HPOS="1131"/>
                  <String HEIGHT="73"
                          WIDTH="116"
                          VPOS="2037"
                          HPOS="1081"
                          CONTENT="se."/>
                  <SP HEIGHT="73" WIDTH="17" VPOS="2037" HPOS="1197"/>
                  <String HEIGHT="73"
                          WIDTH="198"
                          VPOS="2037"
                          HPOS="1147"
                          CONTENT="DIcendum"/>
                  <SP HEIGHT="73" WIDTH="17" VPOS="2037" HPOS="1345"/>
                  <String HEIGHT="73" WIDTH="99" VPOS="2037" HPOS="1296" CONTENT="ad"/>
                  <SP HEIGHT="73" WIDTH="17" VPOS="2037" HPOS="1395"/>
                  <String HEIGHT="73"
                          WIDTH="149"
                          VPOS="2037"
                          HPOS="1345"
                          CONTENT="haec:"/>
                  <SP HEIGHT="73" WIDTH="17" VPOS="2037" HPOS="1494"/>
                  <String HEIGHT="73"
                          WIDTH="132"
                          VPOS="2037"
                          HPOS="1444"
                          CONTENT="quod"/>
                  <SP HEIGHT="73" WIDTH="17" VPOS="2037" HPOS="1576"/>
                  <String HEIGHT="73" WIDTH="99" VPOS="2037" HPOS="1527" CONTENT="in"/>
                  <SP HEIGHT="73" WIDTH="17" VPOS="2037" HPOS="1626"/>
                  <String HEIGHT="73"
                          WIDTH="182"
                          VPOS="2037"
                          HPOS="1576"
                          CONTENT="omnibus"/>
                  <SP HEIGHT="73" WIDTH="17" VPOS="2037" HPOS="1758"/>
                  <String HEIGHT="73"
                          WIDTH="132"
                          VPOS="2037"
                          HPOS="1708"
                          CONTENT="quae"/>
                  <SP HEIGHT="73" WIDTH="17" VPOS="2037" HPOS="1840"/>
                  <String HEIGHT="73"
                          WIDTH="116"
                          VPOS="2037"
                          HPOS="1791"
                          CONTENT="deo"/>
                  <SP HEIGHT="73" WIDTH="17" VPOS="2037" HPOS="1906"/>
                  <String HEIGHT="73"
                          WIDTH="116"
                          VPOS="2037"
                          HPOS="1857"
                          CONTENT="at-"/>
                  <SP HEIGHT="73" WIDTH="17" VPOS="2037" HPOS="1972"/>
                  <String HEIGHT="73" WIDTH="33" VPOS="2037" HPOS="1906" CONTENT=""/>
               </TextLine>
               <TextLine ID="r1l42"
                         BASELINE="2151"
                         HEIGHT="56"
                         WIDTH="1770"
                         VPOS="2095"
                         HPOS="167">
                  <String HEIGHT="56"
                          WIDTH="201"
                          VPOS="2095"
                          HPOS="153"
                          CONTENT="tribuuntur"/>
                  <SP HEIGHT="56" WIDTH="14" VPOS="2095" HPOS="354"/>
                  <String HEIGHT="56"
                          WIDTH="245"
                          VPOS="2095"
                          HPOS="311"
                          CONTENT="considerandum"/>
                  <SP HEIGHT="56" WIDTH="14" VPOS="2095" HPOS="556"/>
                  <String HEIGHT="56"
                          WIDTH="101"
                          VPOS="2095"
                          HPOS="512"
                          CONTENT="est"/>
                  <SP HEIGHT="56" WIDTH="14" VPOS="2095" HPOS="613"/>
                  <String HEIGHT="56" WIDTH="86" VPOS="2095" HPOS="570" CONTENT="an"/>
                  <SP HEIGHT="56" WIDTH="14" VPOS="2095" HPOS="656"/>
                  <String HEIGHT="56"
                          WIDTH="130"
                          VPOS="2095"
                          HPOS="613"
                          CONTENT="illud"/>
                  <SP HEIGHT="56" WIDTH="14" VPOS="2095" HPOS="743"/>
                  <String HEIGHT="56"
                          WIDTH="115"
                          VPOS="2095"
                          HPOS="699"
                          CONTENT="quod"/>
                  <SP HEIGHT="56" WIDTH="14" VPOS="2095" HPOS="815"/>
                  <String HEIGHT="56" WIDTH="86" VPOS="2095" HPOS="771" CONTENT="ei"/>
                  <SP HEIGHT="56" WIDTH="14" VPOS="2095" HPOS="858"/>
                  <String HEIGHT="56"
                          WIDTH="216"
                          VPOS="2095"
                          HPOS="815"
                          CONTENT="attribuitur"/>
                  <SP HEIGHT="56" WIDTH="14" VPOS="2095" HPOS="1030"/>
                  <String HEIGHT="56"
                          WIDTH="201"
                          VPOS="2095"
                          HPOS="987"
                          CONTENT="significat"/>
                  <SP HEIGHT="56" WIDTH="14" VPOS="2095" HPOS="1189"/>
                  <String HEIGHT="56"
                          WIDTH="173"
                          VPOS="2095"
                          HPOS="1146"
                          CONTENT="secundum"/>
                  <SP HEIGHT="56" WIDTH="14" VPOS="2095" HPOS="1318"/>
                  <String HEIGHT="56"
                          WIDTH="173"
                          VPOS="2095"
                          HPOS="1275"
                          CONTENT="rationem"/>
                  <SP HEIGHT="56" WIDTH="14" VPOS="2095" HPOS="1448"/>
                  <String HEIGHT="56"
                          WIDTH="101"
                          VPOS="2095"
                          HPOS="1405"
                          CONTENT="sui"/>
                  <SP HEIGHT="56" WIDTH="14" VPOS="2095" HPOS="1505"/>
                  <String HEIGHT="56"
                          WIDTH="158"
                          VPOS="2095"
                          HPOS="1462"
                          CONTENT="nominis"/>
                  <SP HEIGHT="56" WIDTH="14" VPOS="2095" HPOS="1620"/>
                  <String HEIGHT="56"
                          WIDTH="158"
                          VPOS="2095"
                          HPOS="1577"
                          CONTENT="aliquid"/>
                  <SP HEIGHT="56" WIDTH="14" VPOS="2095" HPOS="1736"/>
                  <String HEIGHT="56"
                          WIDTH="115"
                          VPOS="2095"
                          HPOS="1692"
                          CONTENT="quod"/>
                  <SP HEIGHT="56" WIDTH="14" VPOS="2095" HPOS="1807"/>
                  <String HEIGHT="56"
                          WIDTH="101"
                          VPOS="2095"
                          HPOS="1764"
                          CONTENT="est"/>
                  <SP HEIGHT="56" WIDTH="14" VPOS="2095" HPOS="1865"/>
                  <String HEIGHT="56"
                          WIDTH="130"
                          VPOS="2095"
                          HPOS="1807"
                          CONTENT="dignita"/>
               </TextLine>
               <TextLine ID="r1l43"
                         BASELINE="2200"
                         HEIGHT="52"
                         WIDTH="1782"
                         VPOS="2148"
                         HPOS="165">
                  <String HEIGHT="52" WIDTH="99" VPOS="2148" HPOS="151" CONTENT="tis"/>
                  <SP HEIGHT="52" WIDTH="14" VPOS="2148" HPOS="250"/>
                  <String HEIGHT="52"
                          WIDTH="226"
                          VPOS="2148"
                          HPOS="207"
                          CONTENT="simpliciter:"/>
                  <SP HEIGHT="52" WIDTH="14" VPOS="2148" HPOS="434"/>
                  <String HEIGHT="52"
                          WIDTH="113"
                          VPOS="2148"
                          HPOS="391"
                          CONTENT="quod"/>
                  <SP HEIGHT="52" WIDTH="14" VPOS="2148" HPOS="504"/>
                  <String HEIGHT="52"
                          WIDTH="127"
                          VPOS="2148"
                          HPOS="462"
                          CONTENT="debet"/>
                  <SP HEIGHT="52" WIDTH="14" VPOS="2148" HPOS="589"/>
                  <String HEIGHT="52"
                          WIDTH="113"
                          VPOS="2148"
                          HPOS="547"
                          CONTENT="esse"/>
                  <SP HEIGHT="52" WIDTH="14" VPOS="2148" HPOS="660"/>
                  <String HEIGHT="52"
                          WIDTH="113"
                          VPOS="2148"
                          HPOS="618"
                          CONTENT="tale"/>
                  <SP HEIGHT="52" WIDTH="14" VPOS="2148" HPOS="731"/>
                  <String HEIGHT="52"
                          WIDTH="113"
                          VPOS="2148"
                          HPOS="688"
                          CONTENT="quid"/>
                  <SP HEIGHT="52" WIDTH="14" VPOS="2148" HPOS="801"/>
                  <String HEIGHT="52"
                          WIDTH="113"
                          VPOS="2148"
                          HPOS="759"
                          CONTENT="quod"/>
                  <SP HEIGHT="52" WIDTH="14" VPOS="2148" HPOS="872"/>
                  <String HEIGHT="52" WIDTH="85" VPOS="2148" HPOS="830" CONTENT="in"/>
                  <SP HEIGHT="52" WIDTH="14" VPOS="2148" HPOS="915"/>
                  <String HEIGHT="52"
                          WIDTH="170"
                          VPOS="2148"
                          HPOS="872"
                          CONTENT="quolibet"/>
                  <SP HEIGHT="52" WIDTH="14" VPOS="2148" HPOS="1042"/>
                  <String HEIGHT="52"
                          WIDTH="212"
                          VPOS="2148"
                          HPOS="999"
                          CONTENT="simpliciter"/>
                  <SP HEIGHT="52" WIDTH="14" VPOS="2148" HPOS="1212"/>
                  <String HEIGHT="52"
                          WIDTH="141"
                          VPOS="2148"
                          HPOS="1169"
                          CONTENT="melius"/>
                  <SP HEIGHT="52" WIDTH="14" VPOS="2148" HPOS="1311"/>
                  <String HEIGHT="52"
                          WIDTH="99"
                          VPOS="2148"
                          HPOS="1268"
                          CONTENT="est"/>
                  <SP HEIGHT="52" WIDTH="14" VPOS="2148" HPOS="1367"/>
                  <String HEIGHT="52"
                          WIDTH="113"
                          VPOS="2148"
                          HPOS="1325"
                          CONTENT="esse"/>
                  <SP HEIGHT="52" WIDTH="14" VPOS="2148" HPOS="1438"/>
                  <String HEIGHT="52"
                          WIDTH="127"
                          VPOS="2148"
                          HPOS="1395"
                          CONTENT="ipsum"/>
                  <SP HEIGHT="52" WIDTH="14" VPOS="2148" HPOS="1523"/>
                  <String HEIGHT="52"
                          WIDTH="113"
                          VPOS="2148"
                          HPOS="1480"
                          CONTENT="quam"/>
                  <SP HEIGHT="52" WIDTH="14" VPOS="2148" HPOS="1593"/>
                  <String HEIGHT="52"
                          WIDTH="99"
                          VPOS="2148"
                          HPOS="1551"
                          CONTENT="non"/>
                  <SP HEIGHT="52" WIDTH="14" VPOS="2148" HPOS="1650"/>
                  <String HEIGHT="52"
                          WIDTH="141"
                          VPOS="2148"
                          HPOS="1608"
                          CONTENT="ipsum."/>
                  <SP HEIGHT="52" WIDTH="14" VPOS="2148" HPOS="1749"/>
                  <String HEIGHT="52"
                          WIDTH="170"
                          VPOS="2148"
                          HPOS="1707"
                          CONTENT="secundum"/>
                  <SP HEIGHT="52" WIDTH="14" VPOS="2148" HPOS="1876"/>
                  <String HEIGHT="52"
                          WIDTH="127"
                          VPOS="2148"
                          HPOS="1820"
                          CONTENT="regulam"/>
               </TextLine>
               <TextLine ID="r1l44"
                         BASELINE="2255"
                         HEIGHT="57"
                         WIDTH="1782"
                         VPOS="2198"
                         HPOS="165">
                  <String HEIGHT="57"
                          WIDTH="173"
                          VPOS="2198"
                          HPOS="149"
                          CONTENT="Anseins"/>
                  <SP HEIGHT="57" WIDTH="16" VPOS="2198" HPOS="323"/>
                  <String HEIGHT="57"
                          WIDTH="126"
                          VPOS="2198"
                          HPOS="275"
                          CONTENT="quam"/>
                  <SP HEIGHT="57" WIDTH="16" VPOS="2198" HPOS="402"/>
                  <String HEIGHT="57"
                          WIDTH="221"
                          VPOS="2198"
                          HPOS="354"
                          CONTENT="exposuimus"/>
                  <SP HEIGHT="57" WIDTH="16" VPOS="2198" HPOS="575"/>
                  <String HEIGHT="57"
                          WIDTH="158"
                          VPOS="2198"
                          HPOS="528"
                          CONTENT="alibi."/>
                  <SP HEIGHT="57" WIDTH="16" VPOS="2198" HPOS="685"/>
                  <String HEIGHT="57"
                          WIDTH="126"
                          VPOS="2198"
                          HPOS="638"
                          CONTENT="Quia"/>
                  <SP HEIGHT="57" WIDTH="16" VPOS="2198" HPOS="764"/>
                  <String HEIGHT="57" WIDTH="95" VPOS="2198" HPOS="717" CONTENT="si"/>
                  <SP HEIGHT="57" WIDTH="16" VPOS="2198" HPOS="812"/>
                  <String HEIGHT="57"
                          WIDTH="126"
                          VPOS="2198"
                          HPOS="764"
                          CONTENT="tale"/>
                  <SP HEIGHT="57" WIDTH="16" VPOS="2198" HPOS="890"/>
                  <String HEIGHT="57"
                          WIDTH="173"
                          VPOS="2198"
                          HPOS="843"
                          CONTENT="fuerit,"/>
                  <SP HEIGHT="57" WIDTH="16" VPOS="2198" HPOS="1017"/>
                  <String HEIGHT="57"
                          WIDTH="158"
                          VPOS="2198"
                          HPOS="969"
                          CONTENT="qualia"/>
                  <SP HEIGHT="57" WIDTH="16" VPOS="2198" HPOS="1127"/>
                  <String HEIGHT="57"
                          WIDTH="126"
                          VPOS="2198"
                          HPOS="1080"
                          CONTENT="sunt"/>
                  <SP HEIGHT="57" WIDTH="16" VPOS="2198" HPOS="1206"/>
                  <String HEIGHT="57"
                          WIDTH="126"
                          VPOS="2198"
                          HPOS="1159"
                          CONTENT="illa"/>
                  <SP HEIGHT="57" WIDTH="16" VPOS="2198" HPOS="1285"/>
                  <String HEIGHT="57"
                          WIDTH="126"
                          VPOS="2198"
                          HPOS="1237"
                          CONTENT="quae"/>
                  <SP HEIGHT="57" WIDTH="16" VPOS="2198" HPOS="1364"/>
                  <String HEIGHT="57"
                          WIDTH="268"
                          VPOS="2198"
                          HPOS="1316"
                          CONTENT="significantur"/>
                  <SP HEIGHT="57" WIDTH="16" VPOS="2198" HPOS="1584"/>
                  <String HEIGHT="57"
                          WIDTH="205"
                          VPOS="2198"
                          HPOS="1537"
                          CONTENT="nominibus"/>
                  <SP HEIGHT="57" WIDTH="16" VPOS="2198" HPOS="1742"/>
                  <String HEIGHT="57"
                          WIDTH="205"
                          VPOS="2198"
                          HPOS="1695"
                          CONTENT="diuinorum"/>
                  <SP HEIGHT="57" WIDTH="16" VPOS="2198" HPOS="1900"/>
                  <String HEIGHT="57"
                          WIDTH="110"
                          VPOS="2198"
                          HPOS="1837"
                          CONTENT="attri"/>
               </TextLine>
               <TextLine ID="r1l45"
                         BASELINE="2316"
                         HEIGHT="61"
                         WIDTH="1773"
                         VPOS="2255"
                         HPOS="169">
                  <String HEIGHT="61"
                          WIDTH="188"
                          VPOS="2255"
                          HPOS="152"
                          CONTENT="butorum"/>
                  <SP HEIGHT="61" WIDTH="17" VPOS="2255" HPOS="339"/>
                  <String HEIGHT="61"
                          WIDTH="290"
                          VPOS="2255"
                          HPOS="288"
                          CONTENT="essentialium:"/>
                  <SP HEIGHT="61" WIDTH="17" VPOS="2255" HPOS="578"/>
                  <String HEIGHT="61" WIDTH="102" VPOS="2255" HPOS="527" CONTENT="vt"/>
                  <SP HEIGHT="61" WIDTH="17" VPOS="2255" HPOS="629"/>
                  <String HEIGHT="61"
                          WIDTH="136"
                          VPOS="2255"
                          HPOS="578"
                          CONTENT="sunt"/>
                  <SP HEIGHT="61" WIDTH="17" VPOS="2255" HPOS="715"/>
                  <String HEIGHT="61"
                          WIDTH="239"
                          VPOS="2255"
                          HPOS="663"
                          CONTENT="sapientia,"/>
                  <SP HEIGHT="61" WIDTH="17" VPOS="2255" HPOS="902"/>
                  <String HEIGHT="61"
                          WIDTH="188"
                          VPOS="2255"
                          HPOS="851"
                          CONTENT="bonitas"/>
                  <SP HEIGHT="61" WIDTH="17" VPOS="2255" HPOS="1038"/>
                  <String HEIGHT="61" WIDTH="85" VPOS="2255" HPOS="987" CONTENT="&amp;"/>
                  <SP HEIGHT="61" WIDTH="17" VPOS="2255" HPOS="1073"/>
                  <String HEIGHT="61"
                          WIDTH="239"
                          VPOS="2255"
                          HPOS="1021"
                          CONTENT="huiusmodi:"/>
                  <SP HEIGHT="61" WIDTH="17" VPOS="2255" HPOS="1260"/>
                  <String HEIGHT="61"
                          WIDTH="136"
                          VPOS="2255"
                          HPOS="1209"
                          CONTENT="tunc"/>
                  <SP HEIGHT="61" WIDTH="17" VPOS="2255" HPOS="1345"/>
                  <String HEIGHT="61"
                          WIDTH="256"
                          VPOS="2255"
                          HPOS="1294"
                          CONTENT="simpliciter"/>
                  <SP HEIGHT="61" WIDTH="17" VPOS="2255" HPOS="1550"/>
                  <String HEIGHT="61"
                          WIDTH="153"
                          VPOS="2255"
                          HPOS="1499"
                          CONTENT="illud"/>
                  <SP HEIGHT="61" WIDTH="17" VPOS="2255" HPOS="1652"/>
                  <String HEIGHT="61"
                          WIDTH="205"
                          VPOS="2255"
                          HPOS="1601"
                          CONTENT="secundum"/>
                  <SP HEIGHT="61" WIDTH="17" VPOS="2255" HPOS="1806"/>
                  <String HEIGHT="61"
                          WIDTH="102"
                          VPOS="2255"
                          HPOS="1754"
                          CONTENT="se"/>
                  <SP HEIGHT="61" WIDTH="17" VPOS="2255" HPOS="1857"/>
                  <String HEIGHT="61" WIDTH="85" VPOS="2255" HPOS="1806" CONTENT="&amp;"/>
                  <SP HEIGHT="61" WIDTH="17" VPOS="2255" HPOS="1891"/>
                  <String HEIGHT="61"
                          WIDTH="119"
                          VPOS="2255"
                          HPOS="1823"
                          CONTENT="primo"/>
               </TextLine>
               <TextLine ID="r1l46"
                         BASELINE="2370"
                         HEIGHT="60"
                         WIDTH="1786"
                         VPOS="2310"
                         HPOS="160">
                  <String HEIGHT="60"
                          WIDTH="113"
                          VPOS="2310"
                          HPOS="144"
                          CONTENT="deo"/>
                  <SP HEIGHT="60" WIDTH="16" VPOS="2310" HPOS="257"/>
                  <String HEIGHT="60"
                          WIDTH="257"
                          VPOS="2310"
                          HPOS="208"
                          CONTENT="attribuendum"/>
                  <SP HEIGHT="60" WIDTH="16" VPOS="2310" HPOS="466"/>
                  <String HEIGHT="60"
                          WIDTH="113"
                          VPOS="2310"
                          HPOS="417"
                          CONTENT="est"/>
                  <SP HEIGHT="60" WIDTH="16" VPOS="2310" HPOS="530"/>
                  <String HEIGHT="60"
                          WIDTH="177"
                          VPOS="2310"
                          HPOS="482"
                          CONTENT="tanquam"/>
                  <SP HEIGHT="60" WIDTH="16" VPOS="2310" HPOS="659"/>
                  <String HEIGHT="60"
                          WIDTH="129"
                          VPOS="2310"
                          HPOS="611"
                          CONTENT="illi"/>
                  <SP HEIGHT="60" WIDTH="16" VPOS="2310" HPOS="739"/>
                  <String HEIGHT="60" WIDTH="80" VPOS="2310" HPOS="691" CONTENT="a"/>
                  <SP HEIGHT="60" WIDTH="16" VPOS="2310" HPOS="771"/>
                  <String HEIGHT="60"
                          WIDTH="113"
                          VPOS="2310"
                          HPOS="723"
                          CONTENT="quo"/>
                  <SP HEIGHT="60" WIDTH="16" VPOS="2310" HPOS="836"/>
                  <String HEIGHT="60"
                          WIDTH="145"
                          VPOS="2310"
                          HPOS="788"
                          CONTENT="ortum"/>
                  <SP HEIGHT="60" WIDTH="16" VPOS="2310" HPOS="932"/>
                  <String HEIGHT="60"
                          WIDTH="161"
                          VPOS="2310"
                          HPOS="884"
                          CONTENT="habet:"/>
                  <SP HEIGHT="60" WIDTH="16" VPOS="2310" HPOS="1045"/>
                  <String HEIGHT="60" WIDTH="80" VPOS="2310" HPOS="997" CONTENT="&amp;"/>
                  <SP HEIGHT="60" WIDTH="16" VPOS="2310" HPOS="1077"/>
                  <String HEIGHT="60"
                          WIDTH="145"
                          VPOS="2310"
                          HPOS="1029"
                          CONTENT="habet"/>
                  <SP HEIGHT="60" WIDTH="16" VPOS="2310" HPOS="1174"/>
                  <String HEIGHT="60"
                          WIDTH="129"
                          VPOS="2310"
                          HPOS="1125"
                          CONTENT="esse"/>
                  <SP HEIGHT="60" WIDTH="16" VPOS="2310" HPOS="1254"/>
                  <String HEIGHT="60" WIDTH="97" VPOS="2310" HPOS="1206" CONTENT="ab"/>
                  <SP HEIGHT="60" WIDTH="16" VPOS="2310" HPOS="1302"/>
                  <String HEIGHT="60"
                          WIDTH="129"
                          VPOS="2310"
                          HPOS="1254"
                          CONTENT="illo"/>
                  <SP HEIGHT="60" WIDTH="16" VPOS="2310" HPOS="1383"/>
                  <String HEIGHT="60" WIDTH="97" VPOS="2310" HPOS="1335" CONTENT="in"/>
                  <SP HEIGHT="60" WIDTH="16" VPOS="2310" HPOS="1431"/>
                  <String HEIGHT="60"
                          WIDTH="145"
                          VPOS="2310"
                          HPOS="1383"
                          CONTENT="aliis"/>
                  <SP HEIGHT="60" WIDTH="16" VPOS="2310" HPOS="1528"/>
                  <String HEIGHT="60"
                          WIDTH="193"
                          VPOS="2310"
                          HPOS="1479"
                          CONTENT="secundum"/>
                  <SP HEIGHT="60" WIDTH="16" VPOS="2310" HPOS="1672"/>
                  <String HEIGHT="60"
                          WIDTH="193"
                          VPOS="2310"
                          HPOS="1624"
                          CONTENT="rationem"/>
                  <SP HEIGHT="60" WIDTH="16" VPOS="2310" HPOS="1817"/>
                  <String HEIGHT="60"
                          WIDTH="129"
                          VPOS="2310"
                          HPOS="1769"
                          CONTENT="rei:"/>
                  <SP HEIGHT="60" WIDTH="16" VPOS="2310" HPOS="1898"/>
                  <String HEIGHT="60"
                          WIDTH="113"
                          VPOS="2310"
                          HPOS="1833"
                          CONTENT="licet"/>
               </TextLine>
               <TextLine ID="r1l47"
                         BASELINE="2421"
                         HEIGHT="58"
                         WIDTH="1769"
                         VPOS="2363"
                         HPOS="167">
                  <String HEIGHT="58"
                          WIDTH="219"
                          VPOS="2363"
                          HPOS="149"
                          CONTENT="secundum"/>
                  <SP HEIGHT="58" WIDTH="18" VPOS="2363" HPOS="368"/>
                  <String HEIGHT="58"
                          WIDTH="201"
                          VPOS="2363"
                          HPOS="313"
                          CONTENT="nominis"/>
                  <SP HEIGHT="58" WIDTH="18" VPOS="2363" HPOS="514"/>
                  <String HEIGHT="58"
                          WIDTH="292"
                          VPOS="2363"
                          HPOS="459"
                          CONTENT="impositionem"/>
                  <SP HEIGHT="58" WIDTH="18" VPOS="2363" HPOS="751"/>
                  <String HEIGHT="58"
                          WIDTH="164"
                          VPOS="2363"
                          HPOS="696"
                          CONTENT="primo"/>
                  <SP HEIGHT="58" WIDTH="18" VPOS="2363" HPOS="860"/>
                  <String HEIGHT="58"
                          WIDTH="237"
                          VPOS="2363"
                          HPOS="805"
                          CONTENT="conveniat"/>
                  <SP HEIGHT="58" WIDTH="18" VPOS="2363" HPOS="1042"/>
                  <String HEIGHT="58"
                          WIDTH="255"
                          VPOS="2363"
                          HPOS="988"
                          CONTENT="creaturis:"/>
                  <SP HEIGHT="58" WIDTH="18" VPOS="2363" HPOS="1243"/>
                  <String HEIGHT="58"
                          WIDTH="146"
                          VPOS="2363"
                          HPOS="1188"
                          CONTENT="quae"/>
                  <SP HEIGHT="58" WIDTH="18" VPOS="2363" HPOS="1334"/>
                  <String HEIGHT="58"
                          WIDTH="182"
                          VPOS="2363"
                          HPOS="1279"
                          CONTENT="nomina"/>
                  <SP HEIGHT="58" WIDTH="18" VPOS="2363" HPOS="1462"/>
                  <String HEIGHT="58"
                          WIDTH="128"
                          VPOS="2363"
                          HPOS="1407"
                          CONTENT="eis"/>
                  <SP HEIGHT="58" WIDTH="18" VPOS="2363" HPOS="1535"/>
                  <String HEIGHT="58"
                          WIDTH="146"
                          VPOS="2363"
                          HPOS="1480"
                          CONTENT="quae"/>
                  <SP HEIGHT="58" WIDTH="18" VPOS="2363" HPOS="1626"/>
                  <String HEIGHT="58"
                          WIDTH="219"
                          VPOS="2363"
                          HPOS="1571"
                          CONTENT="videntur"/>
                  <SP HEIGHT="58" WIDTH="18" VPOS="2363" HPOS="1790"/>
                  <String HEIGHT="58"
                          WIDTH="109"
                          VPOS="2363"
                          HPOS="1735"
                          CONTENT="in"/>
                  <SP HEIGHT="58" WIDTH="18" VPOS="2363" HPOS="1845"/>
                  <String HEIGHT="58"
                          WIDTH="164"
                          VPOS="2363"
                          HPOS="1772"
                          CONTENT="creatu"
                          SUBS_TYPE="HypPart1"
                          SUBS_CONTENT="creaturis,"/>
                  <HYP CONTENT="-"/>
               </TextLine>
               <TextLine ID="line_1582588195304_351"
                         BASELINE="2472"
                         HEIGHT="56"
                         WIDTH="1782"
                         VPOS="2416"
                         HPOS="156">
                  <String HEIGHT="56"
                          WIDTH="124"
                          VPOS="2416"
                          HPOS="141"
                          CONTENT="ris,"
                          SUBS_TYPE="HypPart2"
                          SUBS_CONTENT="creaturis,"/>
                  <SP HEIGHT="56" WIDTH="15" VPOS="2416" HPOS="264"/>
                  <String HEIGHT="56"
                          WIDTH="139"
                          VPOS="2416"
                          HPOS="218"
                          CONTENT="primo"/>
                  <SP HEIGHT="56" WIDTH="15" VPOS="2416" HPOS="357"/>
                  <String HEIGHT="56"
                          WIDTH="124"
                          VPOS="2416"
                          HPOS="311"
                          CONTENT="sunt"/>
                  <SP HEIGHT="56" WIDTH="15" VPOS="2416" HPOS="435"/>
                  <String HEIGHT="56"
                          WIDTH="201"
                          VPOS="2416"
                          HPOS="388"
                          CONTENT="imposita."/>
                  <SP HEIGHT="56" WIDTH="15" VPOS="2416" HPOS="590"/>
                  <String HEIGHT="56" WIDTH="93" VPOS="2416" HPOS="543" CONTENT="Si"/>
                  <SP HEIGHT="56" WIDTH="15" VPOS="2416" HPOS="636"/>
                  <String HEIGHT="56"
                          WIDTH="124"
                          VPOS="2416"
                          HPOS="590"
                          CONTENT="vero"/>
                  <SP HEIGHT="56" WIDTH="15" VPOS="2416" HPOS="714"/>
                  <String HEIGHT="56"
                          WIDTH="139"
                          VPOS="2416"
                          HPOS="667"
                          CONTENT="illud"/>
                  <SP HEIGHT="56" WIDTH="15" VPOS="2416" HPOS="807"/>
                  <String HEIGHT="56"
                          WIDTH="124"
                          VPOS="2416"
                          HPOS="760"
                          CONTENT="quod"/>
                  <SP HEIGHT="56" WIDTH="15" VPOS="2416" HPOS="884"/>
                  <String HEIGHT="56"
                          WIDTH="232"
                          VPOS="2416"
                          HPOS="838"
                          CONTENT="attribuitur"/>
                  <SP HEIGHT="56" WIDTH="15" VPOS="2416" HPOS="1070"/>
                  <String HEIGHT="56"
                          WIDTH="108"
                          VPOS="2416"
                          HPOS="1024"
                          CONTENT="deo"/>
                  <SP HEIGHT="56" WIDTH="15" VPOS="2416" HPOS="1132"/>
                  <String HEIGHT="56"
                          WIDTH="186"
                          VPOS="2416"
                          HPOS="1086"
                          CONTENT="secundum"/>
                  <SP HEIGHT="56" WIDTH="15" VPOS="2416" HPOS="1272"/>
                  <String HEIGHT="56"
                          WIDTH="186"
                          VPOS="2416"
                          HPOS="1225"
                          CONTENT="rationem"/>
                  <SP HEIGHT="56" WIDTH="15" VPOS="2416" HPOS="1411"/>
                  <String HEIGHT="56"
                          WIDTH="108"
                          VPOS="2416"
                          HPOS="1365"
                          CONTENT="sui"/>
                  <SP HEIGHT="56" WIDTH="15" VPOS="2416" HPOS="1473"/>
                  <String HEIGHT="56"
                          WIDTH="170"
                          VPOS="2416"
                          HPOS="1427"
                          CONTENT="nominis"/>
                  <SP HEIGHT="56" WIDTH="15" VPOS="2416" HPOS="1597"/>
                  <String HEIGHT="56"
                          WIDTH="217"
                          VPOS="2416"
                          HPOS="1551"
                          CONTENT="significat"/>
                  <SP HEIGHT="56" WIDTH="15" VPOS="2416" HPOS="1768"/>
                  <String HEIGHT="56"
                          WIDTH="170"
                          VPOS="2416"
                          HPOS="1721"
                          CONTENT="aliquid"/>
                  <SP HEIGHT="56" WIDTH="15" VPOS="2416" HPOS="1892"/>
                  <String HEIGHT="56"
                          WIDTH="124"
                          VPOS="2416"
                          HPOS="1845"
                          CONTENT="quid"/>
                  <SP HEIGHT="56" WIDTH="15" VPOS="2416" HPOS="1969"/>
                  <String HEIGHT="56" WIDTH="31" VPOS="2416" HPOS="1907" CONTENT=""/>
               </TextLine>
               <TextLine ID="r1l49"
                         BASELINE="2536"
                         HEIGHT="68"
                         WIDTH="1780"
                         VPOS="2468"
                         HPOS="160">
                  <String HEIGHT="68"
                          WIDTH="110"
                          VPOS="2468"
                          HPOS="144"
                          CONTENT="non"/>
                  <SP HEIGHT="68" WIDTH="16" VPOS="2468" HPOS="255"/>
                  <String HEIGHT="68"
                          WIDTH="110"
                          VPOS="2468"
                          HPOS="207"
                          CONTENT="est"/>
                  <SP HEIGHT="68" WIDTH="16" VPOS="2468" HPOS="318"/>
                  <String HEIGHT="68"
                          WIDTH="221"
                          VPOS="2468"
                          HPOS="270"
                          CONTENT="dignitatis"/>
                  <SP HEIGHT="68" WIDTH="16" VPOS="2468" HPOS="491"/>
                  <String HEIGHT="68"
                          WIDTH="252"
                          VPOS="2468"
                          HPOS="444"
                          CONTENT="simpliciter:"/>
                  <SP HEIGHT="68" WIDTH="16" VPOS="2468" HPOS="696"/>
                  <String HEIGHT="68"
                          WIDTH="126"
                          VPOS="2468"
                          HPOS="648"
                          CONTENT="etsi"/>
                  <SP HEIGHT="68" WIDTH="16" VPOS="2468" HPOS="774"/>
                  <String HEIGHT="68"
                          WIDTH="126"
                          VPOS="2468"
                          HPOS="727"
                          CONTENT="tale"/>
                  <SP HEIGHT="68" WIDTH="16" VPOS="2468" HPOS="853"/>
                  <String HEIGHT="68"
                          WIDTH="110"
                          VPOS="2468"
                          HPOS="806"
                          CONTENT="deo"/>
                  <SP HEIGHT="68" WIDTH="16" VPOS="2468" HPOS="916"/>
                  <String HEIGHT="68"
                          WIDTH="252"
                          VPOS="2468"
                          HPOS="869"
                          CONTENT="attribuitur:"/>
                  <SP HEIGHT="68" WIDTH="16" VPOS="2468" HPOS="1121"/>
                  <String HEIGHT="68"
                          WIDTH="110"
                          VPOS="2468"
                          HPOS="1074"
                          CONTENT="hoc"/>
                  <SP HEIGHT="68" WIDTH="16" VPOS="2468" HPOS="1184"/>
                  <String HEIGHT="68"
                          WIDTH="110"
                          VPOS="2468"
                          HPOS="1137"
                          CONTENT="non"/>
                  <SP HEIGHT="68" WIDTH="16" VPOS="2468" HPOS="1247"/>
                  <String HEIGHT="68"
                          WIDTH="110"
                          VPOS="2468"
                          HPOS="1200"
                          CONTENT="est"/>
                  <SP HEIGHT="68" WIDTH="16" VPOS="2468" HPOS="1310"/>
                  <String HEIGHT="68"
                          WIDTH="189"
                          VPOS="2468"
                          HPOS="1263"
                          CONTENT="secundum"/>
                  <SP HEIGHT="68" WIDTH="16" VPOS="2468" HPOS="1452"/>
                  <String HEIGHT="68" WIDTH="95" VPOS="2468" HPOS="1404" CONTENT="se"/>
                  <SP HEIGHT="68" WIDTH="16" VPOS="2468" HPOS="1499"/>
                  <String HEIGHT="68" WIDTH="79" VPOS="2468" HPOS="1452" CONTENT="&amp;"/>
                  <SP HEIGHT="68" WIDTH="16" VPOS="2468" HPOS="1530"/>
                  <String HEIGHT="68"
                          WIDTH="158"
                          VPOS="2468"
                          HPOS="1483"
                          CONTENT="primo:"/>
                  <SP HEIGHT="68" WIDTH="16" VPOS="2468" HPOS="1641"/>
                  <String HEIGHT="68"
                          WIDTH="110"
                          VPOS="2468"
                          HPOS="1593"
                          CONTENT="sed"/>
                  <SP HEIGHT="68" WIDTH="16" VPOS="2468" HPOS="1704"/>
                  <String HEIGHT="68"
                          WIDTH="126"
                          VPOS="2468"
                          HPOS="1656"
                          CONTENT="quia"/>
                  <SP HEIGHT="68" WIDTH="16" VPOS="2468" HPOS="1782"/>
                  <String HEIGHT="68"
                          WIDTH="173"
                          VPOS="2468"
                          HPOS="1735"
                          CONTENT="aliquid"/>
                  <SP HEIGHT="68" WIDTH="16" VPOS="2468" HPOS="1908"/>
                  <String HEIGHT="68"
                          WIDTH="110"
                          VPOS="2468"
                          HPOS="1861"
                          CONTENT="at-"/>
                  <SP HEIGHT="68" WIDTH="16" VPOS="2468" HPOS="1972"/>
                  <String HEIGHT="68" WIDTH="32" VPOS="2468" HPOS="1908" CONTENT=""/>
               </TextLine>
               <TextLine ID="r1l50"
                         BASELINE="2582"
                         HEIGHT="62"
                         WIDTH="1777"
                         VPOS="2520"
                         HPOS="161">
                  <String HEIGHT="62"
                          WIDTH="204"
                          VPOS="2520"
                          HPOS="145"
                          CONTENT="tribuitur"/>
                  <SP HEIGHT="62" WIDTH="16" VPOS="2520" HPOS="350"/>
                  <String HEIGHT="62"
                          WIDTH="220"
                          VPOS="2520"
                          HPOS="303"
                          CONTENT="creaturae:"/>
                  <SP HEIGHT="62" WIDTH="16" VPOS="2520" HPOS="523"/>
                  <String HEIGHT="62" WIDTH="79" VPOS="2520" HPOS="476" CONTENT="&amp;"/>
                  <SP HEIGHT="62" WIDTH="16" VPOS="2520" HPOS="554"/>
                  <String HEIGHT="62" WIDTH="94" VPOS="2520" HPOS="507" CONTENT="ex"/>
                  <SP HEIGHT="62" WIDTH="16" VPOS="2520" HPOS="601"/>
                  <String HEIGHT="62"
                          WIDTH="189"
                          VPOS="2520"
                          HPOS="554"
                          CONTENT="respectu"/>
                  <SP HEIGHT="62" WIDTH="16" VPOS="2520" HPOS="743"/>
                  <String HEIGHT="62"
                          WIDTH="126"
                          VPOS="2520"
                          HPOS="696"
                          CONTENT="eius"/>
                  <SP HEIGHT="62" WIDTH="16" VPOS="2520" HPOS="821"/>
                  <String HEIGHT="62" WIDTH="94" VPOS="2520" HPOS="774" CONTENT="ad"/>
                  <SP HEIGHT="62" WIDTH="16" VPOS="2520" HPOS="869"/>
                  <String HEIGHT="62"
                          WIDTH="142"
                          VPOS="2520"
                          HPOS="821"
                          CONTENT="deum,"/>
                  <SP HEIGHT="62" WIDTH="16" VPOS="2520" HPOS="963"/>
                  <String HEIGHT="62"
                          WIDTH="142"
                          VPOS="2520"
                          HPOS="916"
                          CONTENT="illud"/>
                  <SP HEIGHT="62" WIDTH="16" VPOS="2520" HPOS="1057"/>
                  <String HEIGHT="62"
                          WIDTH="110"
                          VPOS="2520"
                          HPOS="1010"
                          CONTENT="deo"/>
                  <SP HEIGHT="62" WIDTH="16" VPOS="2520" HPOS="1120"/>
                  <String HEIGHT="62"
                          WIDTH="252"
                          VPOS="2520"
                          HPOS="1073"
                          CONTENT="attribuitur."/>
                  <SP HEIGHT="62" WIDTH="16" VPOS="2520" HPOS="1325"/>
                  <String HEIGHT="62"
                          WIDTH="110"
                          VPOS="2520"
                          HPOS="1278"
                          CONTENT="Sed"/>
                  <SP HEIGHT="62" WIDTH="16" VPOS="2520" HPOS="1388"/>
                  <String HEIGHT="62"
                          WIDTH="126"
                          VPOS="2520"
                          HPOS="1340"
                          CONTENT="tale"/>
                  <SP HEIGHT="62" WIDTH="16" VPOS="2520" HPOS="1466"/>
                  <String HEIGHT="62"
                          WIDTH="126"
                          VPOS="2520"
                          HPOS="1419"
                          CONTENT="quod"/>
                  <SP HEIGHT="62" WIDTH="16" VPOS="2520" HPOS="1545"/>
                  <String HEIGHT="62"
                          WIDTH="110"
                          VPOS="2520"
                          HPOS="1498"
                          CONTENT="non"/>
                  <SP HEIGHT="62" WIDTH="16" VPOS="2520" HPOS="1608"/>
                  <String HEIGHT="62"
                          WIDTH="110"
                          VPOS="2520"
                          HPOS="1561"
                          CONTENT="est"/>
                  <SP HEIGHT="62" WIDTH="16" VPOS="2520" HPOS="1671"/>
                  <String HEIGHT="62"
                          WIDTH="220"
                          VPOS="2520"
                          HPOS="1623"
                          CONTENT="dignitatis"/>
                  <SP HEIGHT="62" WIDTH="16" VPOS="2520" HPOS="1844"/>
                  <String HEIGHT="62"
                          WIDTH="157"
                          VPOS="2520"
                          HPOS="1781"
                          CONTENT="simplici"/>
               </TextLine>
               <TextLine ID="r1l51"
                         BASELINE="2640"
                         HEIGHT="65"
                         WIDTH="1778"
                         VPOS="2575"
                         HPOS="160">
                  <String HEIGHT="65"
                          WIDTH="125"
                          VPOS="2575"
                          HPOS="144"
                          CONTENT="ter,"/>
                  <SP HEIGHT="65" WIDTH="16" VPOS="2575" HPOS="269"/>
                  <String HEIGHT="65"
                          WIDTH="109"
                          VPOS="2575"
                          HPOS="222"
                          CONTENT="est"/>
                  <SP HEIGHT="65" WIDTH="16" VPOS="2575" HPOS="332"/>
                  <String HEIGHT="65"
                          WIDTH="140"
                          VPOS="2575"
                          HPOS="285"
                          CONTENT="tale:"/>
                  <SP HEIGHT="65" WIDTH="16" VPOS="2575" HPOS="425"/>
                  <String HEIGHT="65"
                          WIDTH="109"
                          VPOS="2575"
                          HPOS="378"
                          CONTENT="aut"/>
                  <SP HEIGHT="65" WIDTH="16" VPOS="2575" HPOS="488"/>
                  <String HEIGHT="65"
                          WIDTH="125"
                          VPOS="2575"
                          HPOS="441"
                          CONTENT="quia"/>
                  <SP HEIGHT="65" WIDTH="16" VPOS="2575" HPOS="566"/>
                  <String HEIGHT="65" WIDTH="94" VPOS="2575" HPOS="519" CONTENT="si"/>
                  <SP HEIGHT="65" WIDTH="16" VPOS="2575" HPOS="612"/>
                  <String HEIGHT="65"
                          WIDTH="109"
                          VPOS="2575"
                          HPOS="566"
                          CONTENT="sit"/>
                  <SP HEIGHT="65" WIDTH="16" VPOS="2575" HPOS="675"/>
                  <String HEIGHT="65"
                          WIDTH="234"
                          VPOS="2575"
                          HPOS="628"
                          CONTENT="dignitatis:"/>
                  <SP HEIGHT="65" WIDTH="16" VPOS="2575" HPOS="862"/>
                  <String HEIGHT="65"
                          WIDTH="109"
                          VPOS="2575"
                          HPOS="815"
                          CONTENT="non"/>
                  <SP HEIGHT="65" WIDTH="16" VPOS="2575" HPOS="924"/>
                  <String HEIGHT="65"
                          WIDTH="140"
                          VPOS="2575"
                          HPOS="877"
                          CONTENT="tamen"/>
                  <SP HEIGHT="65" WIDTH="16" VPOS="2575" HPOS="1018"/>
                  <String HEIGHT="65"
                          WIDTH="234"
                          VPOS="2575"
                          HPOS="971"
                          CONTENT="simpliciter"/>
                  <SP HEIGHT="65" WIDTH="16" VPOS="2575" HPOS="1205"/>
                  <String HEIGHT="65" WIDTH="78" VPOS="2575" HPOS="1158" CONTENT="&amp;"/>
                  <SP HEIGHT="65" WIDTH="16" VPOS="2575" HPOS="1236"/>
                  <String HEIGHT="65"
                          WIDTH="187"
                          VPOS="2575"
                          HPOS="1189"
                          CONTENT="absolute"/>
                  <SP HEIGHT="65" WIDTH="16" VPOS="2575" HPOS="1377"/>
                  <String HEIGHT="65"
                          WIDTH="156"
                          VPOS="2575"
                          HPOS="1330"
                          CONTENT="melius"/>
                  <SP HEIGHT="65" WIDTH="16" VPOS="2575" HPOS="1486"/>
                  <String HEIGHT="65"
                          WIDTH="109"
                          VPOS="2575"
                          HPOS="1439"
                          CONTENT="est"/>
                  <SP HEIGHT="65" WIDTH="16" VPOS="2575" HPOS="1548"/>
                  <String HEIGHT="65"
                          WIDTH="125"
                          VPOS="2575"
                          HPOS="1501"
                          CONTENT="deum"/>
                  <SP HEIGHT="65" WIDTH="16" VPOS="2575" HPOS="1626"/>
                  <String HEIGHT="65"
                          WIDTH="125"
                          VPOS="2575"
                          HPOS="1579"
                          CONTENT="esse"/>
                  <SP HEIGHT="65" WIDTH="16" VPOS="2575" HPOS="1704"/>
                  <String HEIGHT="65"
                          WIDTH="140"
                          VPOS="2575"
                          HPOS="1657"
                          CONTENT="ipsum"/>
                  <SP HEIGHT="65" WIDTH="16" VPOS="2575" HPOS="1798"/>
                  <String HEIGHT="65"
                          WIDTH="125"
                          VPOS="2575"
                          HPOS="1751"
                          CONTENT="quam"/>
                  <SP HEIGHT="65" WIDTH="16" VPOS="2575" HPOS="1876"/>
                  <String HEIGHT="65"
                          WIDTH="109"
                          VPOS="2575"
                          HPOS="1829"
                          CONTENT="non"/>
                  <SP HEIGHT="65" WIDTH="16" VPOS="2575" HPOS="1938"/>
                  <String HEIGHT="65" WIDTH="62" VPOS="2575" HPOS="1876" CONTENT="ip"/>
               </TextLine>
               <TextLine ID="r1l52"
                         BASELINE="2688"
                         HEIGHT="58"
                         WIDTH="1768"
                         VPOS="2630"
                         HPOS="166">
                  <String HEIGHT="58"
                          WIDTH="132"
                          VPOS="2630"
                          HPOS="149"
                          CONTENT="sum:"/>
                  <SP HEIGHT="58" WIDTH="17" VPOS="2630" HPOS="282"/>
                  <String HEIGHT="58"
                          WIDTH="116"
                          VPOS="2630"
                          HPOS="232"
                          CONTENT="aut"/>
                  <SP HEIGHT="58" WIDTH="17" VPOS="2630" HPOS="348"/>
                  <String HEIGHT="58"
                          WIDTH="132"
                          VPOS="2630"
                          HPOS="298"
                          CONTENT="quia"/>
                  <SP HEIGHT="58" WIDTH="17" VPOS="2630" HPOS="430"/>
                  <String HEIGHT="58"
                          WIDTH="116"
                          VPOS="2630"
                          HPOS="381"
                          CONTENT="non"/>
                  <SP HEIGHT="58" WIDTH="17" VPOS="2630" HPOS="496"/>
                  <String HEIGHT="58"
                          WIDTH="116"
                          VPOS="2630"
                          HPOS="447"
                          CONTENT="est"/>
                  <SP HEIGHT="58" WIDTH="17" VPOS="2630" HPOS="563"/>
                  <String HEIGHT="58"
                          WIDTH="182"
                          VPOS="2630"
                          HPOS="513"
                          CONTENT="aliquid"/>
                  <SP HEIGHT="58" WIDTH="17" VPOS="2630" HPOS="695"/>
                  <String HEIGHT="58"
                          WIDTH="248"
                          VPOS="2630"
                          HPOS="645"
                          CONTENT="dignitatis:"/>
                  <SP HEIGHT="58" WIDTH="17" VPOS="2630" HPOS="893"/>
                  <String HEIGHT="58"
                          WIDTH="132"
                          VPOS="2630"
                          HPOS="843"
                          CONTENT="quia"/>
                  <SP HEIGHT="58" WIDTH="17" VPOS="2630" HPOS="976"/>
                  <String HEIGHT="58"
                          WIDTH="149"
                          VPOS="2630"
                          HPOS="926"
                          CONTENT="nihil"/>
                  <SP HEIGHT="58" WIDTH="17" VPOS="2630" HPOS="1075"/>
                  <String HEIGHT="58"
                          WIDTH="198"
                          VPOS="2630"
                          HPOS="1025"
                          CONTENT="positiue"/>
                  <SP HEIGHT="58" WIDTH="17" VPOS="2630" HPOS="1223"/>
                  <String HEIGHT="58"
                          WIDTH="165"
                          VPOS="2630"
                          HPOS="1174"
                          CONTENT="dicit:"/>
                  <SP HEIGHT="58" WIDTH="17" VPOS="2630" HPOS="1339"/>
                  <String HEIGHT="58"
                          WIDTH="116"
                          VPOS="2630"
                          HPOS="1290"
                          CONTENT="sed"/>
                  <SP HEIGHT="58" WIDTH="17" VPOS="2630" HPOS="1405"/>
                  <String HEIGHT="58"
                          WIDTH="215"
                          VPOS="2630"
                          HPOS="1356"
                          CONTENT="priuatiue"/>
                  <SP HEIGHT="58" WIDTH="17" VPOS="2630" HPOS="1570"/>
                  <String HEIGHT="58"
                          WIDTH="165"
                          VPOS="2630"
                          HPOS="1521"
                          CONTENT="solum."/>
                  <SP HEIGHT="58" WIDTH="17" VPOS="2630" HPOS="1686"/>
                  <String HEIGHT="58"
                          WIDTH="149"
                          VPOS="2630"
                          HPOS="1637"
                          CONTENT="Primo"/>
                  <SP HEIGHT="58" WIDTH="17" VPOS="2630" HPOS="1785"/>
                  <String HEIGHT="58"
                          WIDTH="132"
                          VPOS="2630"
                          HPOS="1736"
                          CONTENT="modo"/>
                  <SP HEIGHT="58" WIDTH="17" VPOS="2630" HPOS="1868"/>
                  <String HEIGHT="58"
                          WIDTH="116"
                          VPOS="2630"
                          HPOS="1818"
                          CONTENT="deo"/>
                  <SP HEIGHT="58" WIDTH="17" VPOS="2630" HPOS="1934"/>
                  <String HEIGHT="58" WIDTH="66" VPOS="2630" HPOS="1868" CONTENT="at"/>
               </TextLine>
               <TextLine ID="r1l53"
                         BASELINE="2741"
                         HEIGHT="60"
                         WIDTH="1764"
                         VPOS="2681"
                         HPOS="173">
                  <String HEIGHT="60"
                          WIDTH="233"
                          VPOS="2681"
                          HPOS="156"
                          CONTENT="tribuuntur"/>
                  <SP HEIGHT="60" WIDTH="17" VPOS="2681" HPOS="389"/>
                  <String HEIGHT="60"
                          WIDTH="150"
                          VPOS="2681"
                          HPOS="339"
                          CONTENT="omnia"/>
                  <SP HEIGHT="60" WIDTH="17" VPOS="2681" HPOS="489"/>
                  <String HEIGHT="60"
                          WIDTH="166"
                          VPOS="2681"
                          HPOS="439"
                          CONTENT="nomina"/>
                  <SP HEIGHT="60" WIDTH="17" VPOS="2681" HPOS="606"/>
                  <String HEIGHT="60"
                          WIDTH="133"
                          VPOS="2681"
                          HPOS="556"
                          CONTENT="quae"/>
                  <SP HEIGHT="60" WIDTH="17" VPOS="2681" HPOS="689"/>
                  <String HEIGHT="60"
                          WIDTH="216"
                          VPOS="2681"
                          HPOS="639"
                          CONTENT="respectum"/>
                  <SP HEIGHT="60" WIDTH="17" VPOS="2681" HPOS="855"/>
                  <String HEIGHT="60"
                          WIDTH="166"
                          VPOS="2681"
                          HPOS="805"
                          CONTENT="dicunt"/>
                  <SP HEIGHT="60" WIDTH="17" VPOS="2681" HPOS="972"/>
                  <String HEIGHT="60" WIDTH="100" VPOS="2681" HPOS="922" CONTENT="in"/>
                  <SP HEIGHT="60" WIDTH="17" VPOS="2681" HPOS="1022"/>
                  <String HEIGHT="60" WIDTH="100" VPOS="2681" HPOS="972" CONTENT="eo"/>
                  <SP HEIGHT="60" WIDTH="17" VPOS="2681" HPOS="1072"/>
                  <String HEIGHT="60"
                          WIDTH="100"
                          VPOS="2681"
                          HPOS="1022"
                          CONTENT="ad"/>
                  <SP HEIGHT="60" WIDTH="17" VPOS="2681" HPOS="1122"/>
                  <String HEIGHT="60"
                          WIDTH="233"
                          VPOS="2681"
                          HPOS="1072"
                          CONTENT="creaturas:"/>
                  <SP HEIGHT="60" WIDTH="17" VPOS="2681" HPOS="1305"/>
                  <String HEIGHT="60"
                          WIDTH="133"
                          VPOS="2681"
                          HPOS="1255"
                          CONTENT="quia"/>
                  <SP HEIGHT="60" WIDTH="17" VPOS="2681" HPOS="1388"/>
                  <String HEIGHT="60"
                          WIDTH="216"
                          VPOS="2681"
                          HPOS="1338"
                          CONTENT="creaturae"/>
                  <SP HEIGHT="60" WIDTH="17" VPOS="2681" HPOS="1554"/>
                  <String HEIGHT="60"
                          WIDTH="216"
                          VPOS="2681"
                          HPOS="1504"
                          CONTENT="respectum"/>
                  <SP HEIGHT="60" WIDTH="17" VPOS="2681" HPOS="1721"/>
                  <String HEIGHT="60"
                          WIDTH="166"
                          VPOS="2681"
                          HPOS="1671"
                          CONTENT="dicunt"/>
                  <SP HEIGHT="60" WIDTH="17" VPOS="2681" HPOS="1837"/>
                  <String HEIGHT="60"
                          WIDTH="100"
                          VPOS="2681"
                          HPOS="1787"
                          CONTENT="ad"/>
                  <SP HEIGHT="60" WIDTH="17" VPOS="2681" HPOS="1887"/>
                  <String HEIGHT="60"
                          WIDTH="116"
                          VPOS="2681"
                          HPOS="1821"
                          CONTENT="ipsum"/>
               </TextLine>
               <TextLine ID="r1l54"
                         BASELINE="2794"
                         HEIGHT="58"
                         WIDTH="1779"
                         VPOS="2736"
                         HPOS="162">
                  <String HEIGHT="58"
                          WIDTH="162"
                          VPOS="2736"
                          HPOS="149"
                          CONTENT="secundum"/>
                  <SP HEIGHT="58" WIDTH="13" VPOS="2736" HPOS="310"/>
                  <String HEIGHT="58"
                          WIDTH="108"
                          VPOS="2736"
                          HPOS="270"
                          CONTENT="quod"/>
                  <SP HEIGHT="58" WIDTH="13" VPOS="2736" HPOS="378"/>
                  <String HEIGHT="58" WIDTH="94" VPOS="2736" HPOS="337" CONTENT="deo"/>
                  <SP HEIGHT="58" WIDTH="13" VPOS="2736" HPOS="432"/>
                  <String HEIGHT="58"
                          WIDTH="202"
                          VPOS="2736"
                          HPOS="391"
                          CONTENT="attribuitur"/>
                  <SP HEIGHT="58" WIDTH="13" VPOS="2736" HPOS="593"/>
                  <String HEIGHT="58"
                          WIDTH="108"
                          VPOS="2736"
                          HPOS="553"
                          CONTENT="esse"/>
                  <SP HEIGHT="58" WIDTH="13" VPOS="2736" HPOS="661"/>
                  <String HEIGHT="58"
                          WIDTH="162"
                          VPOS="2736"
                          HPOS="620"
                          CONTENT="dominum:"/>
                  <SP HEIGHT="58" WIDTH="13" VPOS="2736" HPOS="782"/>
                  <String HEIGHT="58"
                          WIDTH="108"
                          VPOS="2736"
                          HPOS="742"
                          CONTENT="quia"/>
                  <SP HEIGHT="58" WIDTH="13" VPOS="2736" HPOS="849"/>
                  <String HEIGHT="58" WIDTH="81" VPOS="2736" HPOS="809" CONTENT="ex"/>
                  <SP HEIGHT="58" WIDTH="13" VPOS="2736" HPOS="890"/>
                  <String HEIGHT="58"
                          WIDTH="148"
                          VPOS="2736"
                          HPOS="849"
                          CONTENT="tempore"/>
                  <SP HEIGHT="58" WIDTH="13" VPOS="2736" HPOS="998"/>
                  <String HEIGHT="58"
                          WIDTH="121"
                          VPOS="2736"
                          HPOS="957"
                          CONTENT="habet"/>
                  <SP HEIGHT="58" WIDTH="13" VPOS="2736" HPOS="1078"/>
                  <String HEIGHT="58"
                          WIDTH="148"
                          VPOS="2736"
                          HPOS="1038"
                          CONTENT="seruum."/>
                  <SP HEIGHT="58" WIDTH="13" VPOS="2736" HPOS="1186"/>
                  <String HEIGHT="58" WIDTH="81" VPOS="2736" HPOS="1146" CONTENT="Et"/>
                  <SP HEIGHT="58" WIDTH="13" VPOS="2736" HPOS="1227"/>
                  <String HEIGHT="58"
                          WIDTH="135"
                          VPOS="2736"
                          HPOS="1186"
                          CONTENT="oritur"/>
                  <SP HEIGHT="58" WIDTH="13" VPOS="2736" HPOS="1321"/>
                  <String HEIGHT="58"
                          WIDTH="108"
                          VPOS="2736"
                          HPOS="1281"
                          CONTENT="iste"/>
                  <SP HEIGHT="58" WIDTH="13" VPOS="2736" HPOS="1388"/>
                  <String HEIGHT="58"
                          WIDTH="175"
                          VPOS="2736"
                          HPOS="1348"
                          CONTENT="respectus"/>
                  <SP HEIGHT="58" WIDTH="13" VPOS="2736" HPOS="1523"/>
                  <String HEIGHT="58" WIDTH="67" VPOS="2736" HPOS="1483" CONTENT="a"/>
                  <SP HEIGHT="58" WIDTH="13" VPOS="2736" HPOS="1550"/>
                  <String HEIGHT="58"
                          WIDTH="162"
                          VPOS="2736"
                          HPOS="1510"
                          CONTENT="creatura"/>
                  <SP HEIGHT="58" WIDTH="13" VPOS="2736" HPOS="1671"/>
                  <String HEIGHT="58" WIDTH="81" VPOS="2736" HPOS="1631" CONTENT="in"/>
                  <SP HEIGHT="58" WIDTH="13" VPOS="2736" HPOS="1712"/>
                  <String HEIGHT="58"
                          WIDTH="108"
                          VPOS="2736"
                          HPOS="1671"
                          CONTENT="quae"/>
                  <SP HEIGHT="58" WIDTH="13" VPOS="2736" HPOS="1779"/>
                  <String HEIGHT="58"
                          WIDTH="94"
                          VPOS="2736"
                          HPOS="1739"
                          CONTENT="est"/>
                  <SP HEIGHT="58" WIDTH="13" VPOS="2736" HPOS="1833"/>
                  <String HEIGHT="58"
                          WIDTH="148"
                          VPOS="2736"
                          HPOS="1793"
                          CONTENT="relatio"/>
                  <SP HEIGHT="58" WIDTH="13" VPOS="2736" HPOS="1941"/>
                  <String HEIGHT="58" WIDTH="54" VPOS="2736" HPOS="1887" CONTENT="se"/>
               </TextLine>
               <TextLine ID="r1l55"
                         BASELINE="2847"
                         HEIGHT="56"
                         WIDTH="1764"
                         VPOS="2791"
                         HPOS="167">
                  <String HEIGHT="56"
                          WIDTH="140"
                          VPOS="2791"
                          HPOS="153"
                          CONTENT="cundum"/>
                  <SP HEIGHT="56" WIDTH="14" VPOS="2791" HPOS="293"/>
                  <String HEIGHT="56" WIDTH="98" VPOS="2791" HPOS="251" CONTENT="rem"/>
                  <SP HEIGHT="56" WIDTH="14" VPOS="2791" HPOS="349"/>
                  <String HEIGHT="56" WIDTH="70" VPOS="2791" HPOS="307" CONTENT="&amp;"/>
                  <SP HEIGHT="56" WIDTH="14" VPOS="2791" HPOS="377"/>
                  <String HEIGHT="56"
                          WIDTH="126"
                          VPOS="2791"
                          HPOS="335"
                          CONTENT="esse:"/>
                  <SP HEIGHT="56" WIDTH="14" VPOS="2791" HPOS="461"/>
                  <String HEIGHT="56" WIDTH="70" VPOS="2791" HPOS="419" CONTENT="&amp;"/>
                  <SP HEIGHT="56" WIDTH="14" VPOS="2791" HPOS="489"/>
                  <String HEIGHT="56" WIDTH="98" VPOS="2791" HPOS="447" CONTENT="non"/>
                  <SP HEIGHT="56" WIDTH="14" VPOS="2791" HPOS="545"/>
                  <String HEIGHT="56" WIDTH="70" VPOS="2791" HPOS="503" CONTENT="a"/>
                  <SP HEIGHT="56" WIDTH="14" VPOS="2791" HPOS="573"/>
                  <String HEIGHT="56"
                          WIDTH="112"
                          VPOS="2791"
                          HPOS="531"
                          CONTENT="deo,"/>
                  <SP HEIGHT="56" WIDTH="14" VPOS="2791" HPOS="643"/>
                  <String HEIGHT="56" WIDTH="84" VPOS="2791" HPOS="601" CONTENT="in"/>
                  <SP HEIGHT="56" WIDTH="14" VPOS="2791" HPOS="685"/>
                  <String HEIGHT="56" WIDTH="98" VPOS="2791" HPOS="643" CONTENT="quo"/>
                  <SP HEIGHT="56" WIDTH="14" VPOS="2791" HPOS="741"/>
                  <String HEIGHT="56" WIDTH="98" VPOS="2791" HPOS="699" CONTENT="est"/>
                  <SP HEIGHT="56" WIDTH="14" VPOS="2791" HPOS="797"/>
                  <String HEIGHT="56"
                          WIDTH="154"
                          VPOS="2791"
                          HPOS="755"
                          CONTENT="relatio"/>
                  <SP HEIGHT="56" WIDTH="14" VPOS="2791" HPOS="909"/>
                  <String HEIGHT="56"
                          WIDTH="168"
                          VPOS="2791"
                          HPOS="867"
                          CONTENT="secundum"/>
                  <SP HEIGHT="56" WIDTH="14" VPOS="2791" HPOS="1035"/>
                  <String HEIGHT="56"
                          WIDTH="168"
                          VPOS="2791"
                          HPOS="993"
                          CONTENT="rationem"/>
                  <SP HEIGHT="56" WIDTH="14" VPOS="2791" HPOS="1161"/>
                  <String HEIGHT="56" WIDTH="70" VPOS="2791" HPOS="1119" CONTENT="&amp;"/>
                  <SP HEIGHT="56" WIDTH="14" VPOS="2791" HPOS="1189"/>
                  <String HEIGHT="56"
                          WIDTH="168"
                          VPOS="2791"
                          HPOS="1147"
                          CONTENT="secundum"/>
                  <SP HEIGHT="56" WIDTH="14" VPOS="2791" HPOS="1315"/>
                  <String HEIGHT="56"
                          WIDTH="126"
                          VPOS="2791"
                          HPOS="1273"
                          CONTENT="dici."/>
                  <SP HEIGHT="56" WIDTH="14" VPOS="2791" HPOS="1399"/>
                  <String HEIGHT="56"
                          WIDTH="112"
                          VPOS="2791"
                          HPOS="1357"
                          CONTENT="Vnde"/>
                  <SP HEIGHT="56" WIDTH="14" VPOS="2791" HPOS="1469"/>
                  <String HEIGHT="56"
                          WIDTH="112"
                          VPOS="2791"
                          HPOS="1427"
                          CONTENT="deus"/>
                  <SP HEIGHT="56" WIDTH="14" VPOS="2791" HPOS="1539"/>
                  <String HEIGHT="56" WIDTH="84" VPOS="2791" HPOS="1497" CONTENT="de"/>
                  <SP HEIGHT="56" WIDTH="14" VPOS="2791" HPOS="1581"/>
                  <String HEIGHT="56"
                          WIDTH="168"
                          VPOS="2791"
                          HPOS="1539"
                          CONTENT="dominus:"/>
                  <SP HEIGHT="56" WIDTH="14" VPOS="2791" HPOS="1707"/>
                  <String HEIGHT="56"
                          WIDTH="112"
                          VPOS="2791"
                          HPOS="1665"
                          CONTENT="quia"/>
                  <SP HEIGHT="56" WIDTH="14" VPOS="2791" HPOS="1777"/>
                  <String HEIGHT="56"
                          WIDTH="126"
                          VPOS="2791"
                          HPOS="1735"
                          CONTENT="habet"/>
                  <SP HEIGHT="56" WIDTH="14" VPOS="2791" HPOS="1861"/>
                  <String HEIGHT="56"
                          WIDTH="126"
                          VPOS="2791"
                          HPOS="1805"
                          CONTENT="creatu"
                          SUBS_TYPE="HypPart1"
                          SUBS_CONTENT="creaturam"/>
                  <HYP CONTENT="-"/>
               </TextLine>
               <TextLine ID="r1l56"
                         BASELINE="2903"
                         HEIGHT="58"
                         WIDTH="1766"
                         VPOS="2845"
                         HPOS="168">
                  <String HEIGHT="58"
                          WIDTH="127"
                          VPOS="2845"
                          HPOS="150"
                          CONTENT="ram"
                          SUBS_TYPE="HypPart2"
                          SUBS_CONTENT="creaturam"/>
                  <SP HEIGHT="58" WIDTH="18" VPOS="2845" HPOS="277"/>
                  <String HEIGHT="58"
                          WIDTH="200"
                          VPOS="2845"
                          HPOS="223"
                          CONTENT="seruam:"/>
                  <SP HEIGHT="58" WIDTH="18" VPOS="2845" HPOS="423"/>
                  <String HEIGHT="58" WIDTH="91" VPOS="2845" HPOS="368" CONTENT="&amp;"/>
                  <SP HEIGHT="58" WIDTH="18" VPOS="2845" HPOS="459"/>
                  <String HEIGHT="58"
                          WIDTH="127"
                          VPOS="2845"
                          HPOS="405"
                          CONTENT="non"/>
                  <SP HEIGHT="58" WIDTH="18" VPOS="2845" HPOS="532"/>
                  <String HEIGHT="58"
                          WIDTH="237"
                          VPOS="2845"
                          HPOS="478"
                          CONTENT="econuerso"/>
                  <SP HEIGHT="58" WIDTH="18" VPOS="2845" HPOS="714"/>
                  <String HEIGHT="58"
                          WIDTH="218"
                          VPOS="2845"
                          HPOS="660"
                          CONTENT="creatura"/>
                  <SP HEIGHT="58" WIDTH="18" VPOS="2845" HPOS="878"/>
                  <String HEIGHT="58"
                          WIDTH="200"
                          VPOS="2845"
                          HPOS="823"
                          CONTENT="dicitur"/>
                  <SP HEIGHT="58" WIDTH="18" VPOS="2845" HPOS="1024"/>
                  <String HEIGHT="58"
                          WIDTH="182"
                          VPOS="2845"
                          HPOS="969"
                          CONTENT="serua:"/>
                  <SP HEIGHT="58" WIDTH="18" VPOS="2845" HPOS="1151"/>
                  <String HEIGHT="58"
                          WIDTH="146"
                          VPOS="2845"
                          HPOS="1097"
                          CONTENT="quia"/>
                  <SP HEIGHT="58" WIDTH="18" VPOS="2845" HPOS="1242"/>
                  <String HEIGHT="58"
                          WIDTH="164"
                          VPOS="2845"
                          HPOS="1188"
                          CONTENT="habet"/>
                  <SP HEIGHT="58" WIDTH="18" VPOS="2845" HPOS="1351"/>
                  <String HEIGHT="58"
                          WIDTH="146"
                          VPOS="2845"
                          HPOS="1297"
                          CONTENT="deum"/>
                  <SP HEIGHT="58" WIDTH="18" VPOS="2845" HPOS="1442"/>
                  <String HEIGHT="58"
                          WIDTH="218"
                          VPOS="2845"
                          HPOS="1388"
                          CONTENT="dominum."/>
                  <SP HEIGHT="58" WIDTH="18" VPOS="2845" HPOS="1606"/>
                  <String HEIGHT="58" WIDTH="91" VPOS="2845" HPOS="1552" CONTENT="&amp;"/>
                  <SP HEIGHT="58" WIDTH="18" VPOS="2845" HPOS="1643"/>
                  <String HEIGHT="58"
                          WIDTH="127"
                          VPOS="2845"
                          HPOS="1588"
                          CONTENT="sic"/>
                  <SP HEIGHT="58" WIDTH="18" VPOS="2845" HPOS="1716"/>
                  <String HEIGHT="58"
                          WIDTH="164"
                          VPOS="2845"
                          HPOS="1661"
                          CONTENT="etiam"/>
                  <SP HEIGHT="58" WIDTH="18" VPOS="2845" HPOS="1825"/>
                  <String HEIGHT="58"
                          WIDTH="182"
                          VPOS="2845"
                          HPOS="1752"
                          CONTENT="attribui"/>
               </TextLine>
               <TextLine ID="r1l57"
                         BASELINE="2958"
                         HEIGHT="61"
                         WIDTH="1762"
                         VPOS="2897"
                         HPOS="167">
                  <String HEIGHT="61"
                          WIDTH="114"
                          VPOS="2897"
                          HPOS="151"
                          CONTENT="tur"/>
                  <SP HEIGHT="61" WIDTH="16" VPOS="2897" HPOS="265"/>
                  <String HEIGHT="61"
                          WIDTH="114"
                          VPOS="2897"
                          HPOS="216"
                          CONTENT="deo"/>
                  <SP HEIGHT="61" WIDTH="16" VPOS="2897" HPOS="330"/>
                  <String HEIGHT="61"
                          WIDTH="147"
                          VPOS="2897"
                          HPOS="281"
                          CONTENT="posse"/>
                  <SP HEIGHT="61" WIDTH="16" VPOS="2897" HPOS="428"/>
                  <String HEIGHT="61"
                          WIDTH="179"
                          VPOS="2897"
                          HPOS="379"
                          CONTENT="aliquid"/>
                  <SP HEIGHT="61" WIDTH="16" VPOS="2897" HPOS="559"/>
                  <String HEIGHT="61"
                          WIDTH="147"
                          VPOS="2897"
                          HPOS="510"
                          CONTENT="super"/>
                  <SP HEIGHT="61" WIDTH="16" VPOS="2897" HPOS="656"/>
                  <String HEIGHT="61"
                          WIDTH="212"
                          VPOS="2897"
                          HPOS="608"
                          CONTENT="creaturam"/>
                  <SP HEIGHT="61" WIDTH="16" VPOS="2897" HPOS="820"/>
                  <String HEIGHT="61"
                          WIDTH="179"
                          VPOS="2897"
                          HPOS="771"
                          CONTENT="actiue:"/>
                  <SP HEIGHT="61" WIDTH="16" VPOS="2897" HPOS="950"/>
                  <String HEIGHT="61"
                          WIDTH="131"
                          VPOS="2897"
                          HPOS="901"
                          CONTENT="quia"/>
                  <SP HEIGHT="61" WIDTH="16" VPOS="2897" HPOS="1032"/>
                  <String HEIGHT="61"
                          WIDTH="196"
                          VPOS="2897"
                          HPOS="983"
                          CONTENT="creatura"/>
                  <SP HEIGHT="61" WIDTH="16" VPOS="2897" HPOS="1179"/>
                  <String HEIGHT="61"
                          WIDTH="114"
                          VPOS="2897"
                          HPOS="1130"
                          CONTENT="est"/>
                  <SP HEIGHT="61" WIDTH="16" VPOS="2897" HPOS="1244"/>
                  <String HEIGHT="61" WIDTH="98" VPOS="2897" HPOS="1195" CONTENT="in"/>
                  <SP HEIGHT="61" WIDTH="16" VPOS="2897" HPOS="1293"/>
                  <String HEIGHT="61" WIDTH="98" VPOS="2897" HPOS="1244" CONTENT="se"/>
                  <SP HEIGHT="61" WIDTH="16" VPOS="2897" HPOS="1342"/>
                  <String HEIGHT="61"
                          WIDTH="228"
                          VPOS="2897"
                          HPOS="1293"
                          CONTENT="possibilis"/>
                  <SP HEIGHT="61" WIDTH="16" VPOS="2897" HPOS="1521"/>
                  <String HEIGHT="61" WIDTH="98" VPOS="2897" HPOS="1472" CONTENT="ad"/>
                  <SP HEIGHT="61" WIDTH="16" VPOS="2897" HPOS="1570"/>
                  <String HEIGHT="61"
                          WIDTH="245"
                          VPOS="2897"
                          HPOS="1521"
                          CONTENT="recipiendum"/>
                  <SP HEIGHT="61" WIDTH="16" VPOS="2897" HPOS="1766"/>
                  <String HEIGHT="61" WIDTH="98" VPOS="2897" HPOS="1717" CONTENT="in"/>
                  <SP HEIGHT="61" WIDTH="16" VPOS="2897" HPOS="1815"/>
                  <String HEIGHT="61" WIDTH="98" VPOS="2897" HPOS="1766" CONTENT="se"/>
                  <SP HEIGHT="61" WIDTH="16" VPOS="2897" HPOS="1864"/>
                  <String HEIGHT="61"
                          WIDTH="131"
                          VPOS="2897"
                          HPOS="1798"
                          CONTENT="actio"
                          SUBS_TYPE="HypPart1"
                          SUBS_CONTENT="actionem"/>
                  <HYP CONTENT="-"/>
               </TextLine>
               <TextLine ID="r1l58"
                         BASELINE="3019"
                         HEIGHT="62"
                         WIDTH="1766"
                         VPOS="2957"
                         HPOS="159">
                  <String HEIGHT="62"
                          WIDTH="107"
                          VPOS="2957"
                          HPOS="144"
                          CONTENT="nem"
                          SUBS_TYPE="HypPart2"
                          SUBS_CONTENT="actionem"/>
                  <SP HEIGHT="62" WIDTH="15" VPOS="2957" HPOS="251"/>
                  <String HEIGHT="62"
                          WIDTH="215"
                          VPOS="2957"
                          HPOS="205"
                          CONTENT="creatoris."/>
                  <SP HEIGHT="62" WIDTH="15" VPOS="2957" HPOS="420"/>
                  <String HEIGHT="62"
                          WIDTH="107"
                          VPOS="2957"
                          HPOS="374"
                          CONTENT="Sed"/>
                  <SP HEIGHT="62" WIDTH="15" VPOS="2957" HPOS="481"/>
                  <String HEIGHT="62"
                          WIDTH="107"
                          VPOS="2957"
                          HPOS="435"
                          CONTENT="est"/>
                  <SP HEIGHT="62" WIDTH="15" VPOS="2957" HPOS="543"/>
                  <String HEIGHT="62"
                          WIDTH="230"
                          VPOS="2957"
                          HPOS="497"
                          CONTENT="aduertendum"/>
                  <SP HEIGHT="62" WIDTH="15" VPOS="2957" HPOS="727"/>
                  <String HEIGHT="62"
                          WIDTH="107"
                          VPOS="2957"
                          HPOS="681"
                          CONTENT="tam"/>
                  <SP HEIGHT="62" WIDTH="15" VPOS="2957" HPOS="789"/>
                  <String HEIGHT="62" WIDTH="92" VPOS="2957" HPOS="743" CONTENT="ex"/>
                  <SP HEIGHT="62" WIDTH="15" VPOS="2957" HPOS="835"/>
                  <String HEIGHT="62"
                          WIDTH="138"
                          VPOS="2957"
                          HPOS="789"
                          CONTENT="parte"/>
                  <SP HEIGHT="62" WIDTH="15" VPOS="2957" HPOS="927"/>
                  <String HEIGHT="62"
                          WIDTH="276"
                          VPOS="2957"
                          HPOS="881"
                          CONTENT="possibilitatis"/>
                  <SP HEIGHT="62" WIDTH="15" VPOS="2957" HPOS="1157"/>
                  <String HEIGHT="62"
                          WIDTH="107"
                          VPOS="2957"
                          HPOS="1111"
                          CONTENT="dei"/>
                  <SP HEIGHT="62" WIDTH="15" VPOS="2957" HPOS="1219"/>
                  <String HEIGHT="62"
                          WIDTH="154"
                          VPOS="2957"
                          HPOS="1173"
                          CONTENT="actiue"/>
                  <SP HEIGHT="62" WIDTH="15" VPOS="2957" HPOS="1326"/>
                  <String HEIGHT="62"
                          WIDTH="123"
                          VPOS="2957"
                          HPOS="1280"
                          CONTENT="quam"/>
                  <SP HEIGHT="62" WIDTH="15" VPOS="2957" HPOS="1403"/>
                  <String HEIGHT="62"
                          WIDTH="200"
                          VPOS="2957"
                          HPOS="1357"
                          CONTENT="creaturae"/>
                  <SP HEIGHT="62" WIDTH="15" VPOS="2957" HPOS="1556"/>
                  <String HEIGHT="62"
                          WIDTH="184"
                          VPOS="2957"
                          HPOS="1510"
                          CONTENT="passiue:"/>
                  <SP HEIGHT="62" WIDTH="15" VPOS="2957" HPOS="1695"/>
                  <String HEIGHT="62"
                          WIDTH="123"
                          VPOS="2957"
                          HPOS="1649"
                          CONTENT="quod"/>
                  <SP HEIGHT="62" WIDTH="15" VPOS="2957" HPOS="1771"/>
                  <String HEIGHT="62"
                          WIDTH="184"
                          VPOS="2957"
                          HPOS="1725"
                          CONTENT="vtrumque"/>
                  <SP HEIGHT="62" WIDTH="15" VPOS="2957" HPOS="1910"/>
                  <String HEIGHT="62"
                          WIDTH="77"
                          VPOS="2957"
                          HPOS="1848"
                          CONTENT="est"/>
               </TextLine>
               <TextLine ID="r1l59"
                         BASELINE="3071"
                         HEIGHT="67"
                         WIDTH="1762"
                         VPOS="3004"
                         HPOS="165">
                  <String HEIGHT="67"
                          WIDTH="244"
                          VPOS="3004"
                          HPOS="148"
                          CONTENT="dupliciter"/>
                  <SP HEIGHT="67" WIDTH="17" VPOS="3004" HPOS="392"/>
                  <String HEIGHT="67"
                          WIDTH="279"
                          VPOS="3004"
                          HPOS="339"
                          CONTENT="considerare,"/>
                  <SP HEIGHT="67" WIDTH="17" VPOS="3004" HPOS="619"/>
                  <String HEIGHT="67"
                          WIDTH="122"
                          VPOS="3004"
                          HPOS="566"
                          CONTENT="aut"/>
                  <SP HEIGHT="67" WIDTH="17" VPOS="3004" HPOS="688"/>
                  <String HEIGHT="67" WIDTH="105" VPOS="3004" HPOS="636" CONTENT="in"/>
                  <SP HEIGHT="67" WIDTH="17" VPOS="3004" HPOS="741"/>
                  <String HEIGHT="67"
                          WIDTH="279"
                          VPOS="3004"
                          HPOS="688"
                          CONTENT="comparatione"/>
                  <SP HEIGHT="67" WIDTH="17" VPOS="3004" HPOS="967"/>
                  <String HEIGHT="67" WIDTH="105" VPOS="3004" HPOS="915" CONTENT="ad"/>
                  <SP HEIGHT="67" WIDTH="17" VPOS="3004" HPOS="1020"/>
                  <String HEIGHT="67"
                          WIDTH="140"
                          VPOS="3004"
                          HPOS="967"
                          CONTENT="suum"/>
                  <SP HEIGHT="67" WIDTH="17" VPOS="3004" HPOS="1107"/>
                  <String HEIGHT="67"
                          WIDTH="227"
                          VPOS="3004"
                          HPOS="1055"
                          CONTENT="subiectum"/>
                  <SP HEIGHT="67" WIDTH="17" VPOS="3004" HPOS="1282"/>
                  <String HEIGHT="67"
                          WIDTH="105"
                          VPOS="3004"
                          HPOS="1229"
                          CONTENT="in"/>
                  <SP HEIGHT="67" WIDTH="17" VPOS="3004" HPOS="1334"/>
                  <String HEIGHT="67"
                          WIDTH="122"
                          VPOS="3004"
                          HPOS="1282"
                          CONTENT="quo"/>
                  <SP HEIGHT="67" WIDTH="17" VPOS="3004" HPOS="1404"/>
                  <String HEIGHT="67"
                          WIDTH="140"
                          VPOS="3004"
                          HPOS="1351"
                          CONTENT="est,"/>
                  <SP HEIGHT="67" WIDTH="17" VPOS="3004" HPOS="1491"/>
                  <String HEIGHT="67"
                          WIDTH="122"
                          VPOS="3004"
                          HPOS="1439"
                          CONTENT="vel"/>
                  <SP HEIGHT="67" WIDTH="17" VPOS="3004" HPOS="1561"/>
                  <String HEIGHT="67"
                          WIDTH="105"
                          VPOS="3004"
                          HPOS="1508"
                          CONTENT="in"/>
                  <SP HEIGHT="67" WIDTH="17" VPOS="3004" HPOS="1613"/>
                  <String HEIGHT="67"
                          WIDTH="279"
                          VPOS="3004"
                          HPOS="1561"
                          CONTENT="comparatione"/>
                  <SP HEIGHT="67" WIDTH="17" VPOS="3004" HPOS="1840"/>
                  <String HEIGHT="67"
                          WIDTH="105"
                          VPOS="3004"
                          HPOS="1787"
                          CONTENT="ad"/>
                  <SP HEIGHT="67" WIDTH="17" VPOS="3004" HPOS="1892"/>
                  <String HEIGHT="67"
                          WIDTH="105"
                          VPOS="3004"
                          HPOS="1822"
                          CONTENT="suum"/>
               </TextLine>
               <TextLine ID="r1l60"
                         BASELINE="3125"
                         HEIGHT="68"
                         WIDTH="1769"
                         VPOS="3057"
                         HPOS="166">
                  <String HEIGHT="68"
                          WIDTH="208"
                          VPOS="3057"
                          HPOS="149"
                          CONTENT="obiectum"/>
                  <SP HEIGHT="68" WIDTH="17" VPOS="3057" HPOS="357"/>
                  <String HEIGHT="68" WIDTH="104" VPOS="3057" HPOS="305" CONTENT="ad"/>
                  <SP HEIGHT="68" WIDTH="17" VPOS="3057" HPOS="409"/>
                  <String HEIGHT="68"
                          WIDTH="139"
                          VPOS="3057"
                          HPOS="357"
                          CONTENT="quod"/>
                  <SP HEIGHT="68" WIDTH="17" VPOS="3057" HPOS="496"/>
                  <String HEIGHT="68"
                          WIDTH="139"
                          VPOS="3057"
                          HPOS="443"
                          CONTENT="est."/>
                  <SP HEIGHT="68" WIDTH="17" VPOS="3057" HPOS="582"/>
                  <String HEIGHT="68" WIDTH="104" VPOS="3057" HPOS="530" CONTENT="vt"/>
                  <SP HEIGHT="68" WIDTH="17" VPOS="3057" HPOS="634"/>
                  <String HEIGHT="68"
                          WIDTH="225"
                          VPOS="3057"
                          HPOS="582"
                          CONTENT="potentiam"/>
                  <SP HEIGHT="68" WIDTH="17" VPOS="3057" HPOS="808"/>
                  <String HEIGHT="68"
                          WIDTH="208"
                          VPOS="3057"
                          HPOS="756"
                          CONTENT="passiuam"/>
                  <SP HEIGHT="68" WIDTH="17" VPOS="3057" HPOS="964"/>
                  <String HEIGHT="68"
                          WIDTH="225"
                          VPOS="3057"
                          HPOS="912"
                          CONTENT="creaturae"/>
                  <SP HEIGHT="68" WIDTH="17" VPOS="3057" HPOS="1137"/>
                  <String HEIGHT="68"
                          WIDTH="208"
                          VPOS="3057"
                          HPOS="1085"
                          CONTENT="possumus"/>
                  <SP HEIGHT="68" WIDTH="17" VPOS="3057" HPOS="1293"/>
                  <String HEIGHT="68"
                          WIDTH="260"
                          VPOS="3057"
                          HPOS="1241"
                          CONTENT="considerare"/>
                  <SP HEIGHT="68" WIDTH="17" VPOS="3057" HPOS="1501"/>
                  <String HEIGHT="68"
                          WIDTH="104"
                          VPOS="3057"
                          HPOS="1449"
                          CONTENT="in"/>
                  <SP HEIGHT="68" WIDTH="17" VPOS="3057" HPOS="1553"/>
                  <String HEIGHT="68"
                          WIDTH="277"
                          VPOS="3057"
                          HPOS="1501"
                          CONTENT="comparatione"/>
                  <SP HEIGHT="68" WIDTH="17" VPOS="3057" HPOS="1779"/>
                  <String HEIGHT="68"
                          WIDTH="104"
                          VPOS="3057"
                          HPOS="1727"
                          CONTENT="ad"/>
                  <SP HEIGHT="68" WIDTH="17" VPOS="3057" HPOS="1831"/>
                  <String HEIGHT="68"
                          WIDTH="191"
                          VPOS="3057"
                          HPOS="1779"
                          CONTENT="substan"/>
                  <SP HEIGHT="68" WIDTH="17" VPOS="3057" HPOS="1970"/>
                  <String HEIGHT="68" WIDTH="35" VPOS="3057" HPOS="1900" CONTENT=""/>
               </TextLine>
               <TextLine ID="r1l61"
                         BASELINE="3169"
                         HEIGHT="57"
                         WIDTH="1759"
                         VPOS="3112"
                         HPOS="167">
                  <String HEIGHT="57"
                          WIDTH="129"
                          VPOS="3112"
                          HPOS="151"
                          CONTENT="tiam"/>
                  <SP HEIGHT="57" WIDTH="16" VPOS="3112" HPOS="280"/>
                  <String HEIGHT="57"
                          WIDTH="226"
                          VPOS="3112"
                          HPOS="232"
                          CONTENT="creaturae:"/>
                  <SP HEIGHT="57" WIDTH="16" VPOS="3112" HPOS="457"/>
                  <String HEIGHT="57"
                          WIDTH="113"
                          VPOS="3112"
                          HPOS="409"
                          CONTENT="vel"/>
                  <SP HEIGHT="57" WIDTH="16" VPOS="3112" HPOS="522"/>
                  <String HEIGHT="57" WIDTH="97" VPOS="3112" HPOS="474" CONTENT="in"/>
                  <SP HEIGHT="57" WIDTH="16" VPOS="3112" HPOS="570"/>
                  <String HEIGHT="57"
                          WIDTH="194"
                          VPOS="3112"
                          HPOS="522"
                          CONTENT="respectu"/>
                  <SP HEIGHT="57" WIDTH="16" VPOS="3112" HPOS="716"/>
                  <String HEIGHT="57" WIDTH="97" VPOS="3112" HPOS="667" CONTENT="ad"/>
                  <SP HEIGHT="57" WIDTH="16" VPOS="3112" HPOS="764"/>
                  <String HEIGHT="57"
                          WIDTH="129"
                          VPOS="3112"
                          HPOS="716"
                          CONTENT="deum"/>
                  <SP HEIGHT="57" WIDTH="16" VPOS="3112" HPOS="845"/>
                  <String HEIGHT="57"
                          WIDTH="113"
                          VPOS="3112"
                          HPOS="796"
                          CONTENT="qui"/>
                  <SP HEIGHT="57" WIDTH="16" VPOS="3112" HPOS="909"/>
                  <String HEIGHT="57"
                          WIDTH="178"
                          VPOS="3112"
                          HPOS="861"
                          CONTENT="aliquid"/>
                  <SP HEIGHT="57" WIDTH="16" VPOS="3112" HPOS="1038"/>
                  <String HEIGHT="57"
                          WIDTH="161"
                          VPOS="3112"
                          HPOS="990"
                          CONTENT="potest"/>
                  <SP HEIGHT="57" WIDTH="16" VPOS="3112" HPOS="1151"/>
                  <String HEIGHT="57"
                          WIDTH="161"
                          VPOS="3112"
                          HPOS="1103"
                          CONTENT="actiue"/>
                  <SP HEIGHT="57" WIDTH="16" VPOS="3112" HPOS="1264"/>
                  <String HEIGHT="57"
                          WIDTH="145"
                          VPOS="3112"
                          HPOS="1216"
                          CONTENT="super"/>
                  <SP HEIGHT="57" WIDTH="16" VPOS="3112" HPOS="1361"/>
                  <String HEIGHT="57"
                          WIDTH="161"
                          VPOS="3112"
                          HPOS="1313"
                          CONTENT="ipsam:"/>
                  <SP HEIGHT="57" WIDTH="16" VPOS="3112" HPOS="1474"/>
                  <String HEIGHT="57" WIDTH="81" VPOS="3112" HPOS="1426" CONTENT="&amp;"/>
                  <SP HEIGHT="57" WIDTH="16" VPOS="3112" HPOS="1506"/>
                  <String HEIGHT="57"
                          WIDTH="210"
                          VPOS="3112"
                          HPOS="1458"
                          CONTENT="similiter"/>
                  <SP HEIGHT="57" WIDTH="16" VPOS="3112" HPOS="1668"/>
                  <String HEIGHT="57"
                          WIDTH="210"
                          VPOS="3112"
                          HPOS="1619"
                          CONTENT="potentiam"/>
                  <SP HEIGHT="57" WIDTH="16" VPOS="3112" HPOS="1829"/>
                  <String HEIGHT="57"
                          WIDTH="113"
                          VPOS="3112"
                          HPOS="1781"
                          CONTENT="dei"/>
                  <SP HEIGHT="57" WIDTH="16" VPOS="3112" HPOS="1894"/>
                  <String HEIGHT="57"
                          WIDTH="97"
                          VPOS="3112"
                          HPOS="1829"
                          CONTENT="acti"/>
               </TextLine>
               <TextLine ID="r1l62"
                         BASELINE="3242"
                         HEIGHT="82"
                         WIDTH="1764"
                         VPOS="3160"
                         HPOS="173">
                  <String HEIGHT="82"
                          WIDTH="123"
                          VPOS="3160"
                          HPOS="155"
                          CONTENT="nam"/>
                  <SP HEIGHT="82" WIDTH="18" VPOS="3160" HPOS="279"/>
                  <String HEIGHT="82" WIDTH="106" VPOS="3160" HPOS="226" CONTENT="ad"/>
                  <SP HEIGHT="82" WIDTH="18" VPOS="3160" HPOS="332"/>
                  <String HEIGHT="82"
                          WIDTH="159"
                          VPOS="3160"
                          HPOS="279"
                          CONTENT="ipsum"/>
                  <SP HEIGHT="82" WIDTH="18" VPOS="3160" HPOS="438"/>
                  <String HEIGHT="82" WIDTH="106" VPOS="3160" HPOS="385" CONTENT="vt"/>
                  <SP HEIGHT="82" WIDTH="18" VPOS="3160" HPOS="491"/>
                  <String HEIGHT="82" WIDTH="106" VPOS="3160" HPOS="438" CONTENT="ad"/>
                  <SP HEIGHT="82" WIDTH="18" VPOS="3160" HPOS="543"/>
                  <String HEIGHT="82"
                          WIDTH="247"
                          VPOS="3160"
                          HPOS="491"
                          CONTENT="subiectum:"/>
                  <SP HEIGHT="82" WIDTH="18" VPOS="3160" HPOS="737"/>
                  <String HEIGHT="82" WIDTH="88" VPOS="3160" HPOS="685" CONTENT="&amp;"/>
                  <SP HEIGHT="82" WIDTH="18" VPOS="3160" HPOS="773"/>
                  <String HEIGHT="82" WIDTH="106" VPOS="3160" HPOS="720" CONTENT="ad"/>
                  <SP HEIGHT="82" WIDTH="18" VPOS="3160" HPOS="826"/>
                  <String HEIGHT="82"
                          WIDTH="229"
                          VPOS="3160"
                          HPOS="773"
                          CONTENT="creaturam"/>
                  <SP HEIGHT="82" WIDTH="18" VPOS="3160" HPOS="1002"/>
                  <String HEIGHT="82" WIDTH="106" VPOS="3160" HPOS="949" CONTENT="vt"/>
                  <SP HEIGHT="82" WIDTH="18" VPOS="3160" HPOS="1055"/>
                  <String HEIGHT="82"
                          WIDTH="106"
                          VPOS="3160"
                          HPOS="1002"
                          CONTENT="ad"/>
                  <SP HEIGHT="82" WIDTH="18" VPOS="3160" HPOS="1108"/>
                  <String HEIGHT="82"
                          WIDTH="229"
                          VPOS="3160"
                          HPOS="1055"
                          CONTENT="obiectum."/>
                  <SP HEIGHT="82" WIDTH="18" VPOS="3160" HPOS="1284"/>
                  <String HEIGHT="82"
                          WIDTH="106"
                          VPOS="3160"
                          HPOS="1231"
                          CONTENT="Et"/>
                  <SP HEIGHT="82" WIDTH="18" VPOS="3160" HPOS="1337"/>
                  <String HEIGHT="82"
                          WIDTH="123"
                          VPOS="3160"
                          HPOS="1284"
                          CONTENT="sic"/>
                  <SP HEIGHT="82" WIDTH="18" VPOS="3160" HPOS="1408"/>
                  <String HEIGHT="82"
                          WIDTH="106"
                          VPOS="3160"
                          HPOS="1355"
                          CONTENT="se"/>
                  <SP HEIGHT="82" WIDTH="18" VPOS="3160" HPOS="1461"/>
                  <String HEIGHT="82"
                          WIDTH="159"
                          VPOS="3160"
                          HPOS="1408"
                          CONTENT="habet"/>
                  <SP HEIGHT="82" WIDTH="18" VPOS="3160" HPOS="1567"/>
                  <String HEIGHT="82"
                          WIDTH="141"
                          VPOS="3160"
                          HPOS="1514"
                          CONTENT="ipsa"/>
                  <SP HEIGHT="82" WIDTH="18" VPOS="3160" HPOS="1655"/>
                  <String HEIGHT="82"
                          WIDTH="212"
                          VPOS="3160"
                          HPOS="1602"
                          CONTENT="potentia"/>
                  <SP HEIGHT="82" WIDTH="18" VPOS="3160" HPOS="1814"/>
                  <String HEIGHT="82"
                          WIDTH="194"
                          VPOS="3160"
                          HPOS="1743"
                          CONTENT="creaturae"/>
               </TextLine>
            </TextBlock>
         </PrintSpace>
      </Page>
   </Layout>
</alto>
