2468 3731
169 308 96 90 ad
217 308 143 90 deum:
312 308 96 90 ex
360 308 112 90 quo
424 308 143 90 demum
519 308 239 90 attribuitur
711 308 112 90 deo
774 308 96 90 in
822 308 191 90 respectu
966 308 96 90 ad
1013 308 207 90 creaturam
1173 308 143 90 sicut
1268 308 112 90 iam
1332 308 159 90 dictum
1443 308 127 90 est:
1523 308 112 90 sic
1587 308 239 90 impossibile
1762 308 207 90 simpliciter

170 386 139 71 primo
262 386 231 71 attribuitur
447 386 200 71 creaturae
601 386 185 71 secundum
739 386 108 71 se:
801 386 77 71 &
832 386 92 71 ex
878 386 108 71 hoc
939 386 92 71 in
986 386 185 71 respectu
1124 386 92 71 ad
1170 386 139 71 deum.
1263 386 92 71 ex
1309 386 108 71 quo
1371 386 154 71 deinde
1478 386 231 71 attribuitur
1663 386 108 71 deo
1725 386 92 71 in
1771 386 185 71 respectu
1909 386 92 71 ad

176 440 221 64 creaturas.
350 440 142 64 Nullo
444 440 142 64 autem
539 440 126 64 modo
618 440 236 64 attribuitur
807 440 126 64 ipsi
885 440 189 64 secundum
1027 440 95 64 se
1075 440 79 64 &
1106 440 95 64 ex
1153 440 173 64 seipso.
1280 440 95 64 Et
1327 440 110 64 hoc
1390 440 173 64 quoniam
1516 440 236 64 quemadmodum
1705 440 110 64 non
1768 440 142 64 posse
1847 440 126 64 illumi

182 486 110 60 nare
251 486 151 60 aliquid
361 486 124 60 extra
444 486 165 60 extremam
568 486 261 60 circunferentiam
788 486 124 60 caeli
870 486 206 60 attribuitur
1035 486 124 60 soli:
1118 486 110 60 quia
1187 486 206 60 impossibile
1352 486 96 60 est
1407 486 96 60 ibi
1462 486 110 60 esse
1531 486 151 60 aliquid
1641 486 234 60 illuminabile:
1833 486 96 60 non
1888 486 110 60 quia

179 543 112 60 ipse
249 543 84 60 in
291 543 84 60 se
333 543 169 60 secundum
460 543 84 60 se
502 543 140 60 habeat
600 543 155 60 aliquam
713 543 211 60 impotentiam
881 543 84 60 ad
923 543 140 60 illud:
1022 543 112 60 immo
1092 543 155 60 quantum
1204 543 98 60 est
1261 543 84 60 in
1303 543 98 60 se:
1359 543 112 60 ipse
1429 543 98 60 sol
1485 543 126 60 aeque
1570 543 140 60 potens
1668 543 98 60 est
1724 543 84 60 ad
1766 543 225 60 illuminandum

175 597 133 61 supra
264 597 148 61 caelum
368 597 133 61 sicut
456 597 148 61 infra:
560 597 104 61 sic
619 597 104 61 non
678 597 133 61 posse
767 597 148 61 facere
870 597 266 61 contradictoria
1092 597 118 61 esse
1166 597 133 61 simul
1255 597 222 61 attribuitur
1433 597 118 61 deo:
1506 597 118 61 quia
1580 597 222 61 impossibile
1758 597 104 61 est
1817 597 118 61 quod
1876 597 89 61 ipsa

170 644 96 67 in
218 644 96 67 se
266 644 209 67 recipiant
427 644 241 67 simultatem.
619 644 112 67 Nec
684 644 112 67 est
748 644 144 67 huius
844 644 161 67 aliqua
957 644 144 67 ratio
1053 644 209 67 quaerenda
1213 644 96 67 ex
1262 644 144 67 parte
1358 644 128 67 dei,
1438 644 128 67 siue
1518 644 96 67 ex
1567 644 144 67 parte
1663 644 193 67 idearum,
1807 644 128 67 siue
1872 644 96 67 alio

168 704 147 65 modo:
266 704 130 65 quia
347 704 114 65 non
412 704 147 65 habet
510 704 196 65 rationem
657 704 130 65 nisi
738 704 130 65 pure
820 704 245 65 priuatiuam:
1015 704 130 65 quae
1097 704 98 65 ex
1146 704 147 65 parte
1244 704 114 65 dei
1309 704 196 65 secundum
1456 704 98 65 se
1505 704 196 65 inueniri
1651 704 114 65 non
1716 704 179 65 potest.
1847 704 98 65 vt
1879 704 82 65 pa-

183 756 113 67 tet
248 756 97 67 in
296 756 178 67 exemplo
426 756 97 67 de
474 756 146 67 sole.
571 756 97 67 Ex
620 756 113 67 quo
685 756 146 67 patet
782 756 129 67 quod
863 756 146 67 licet
960 756 243 67 impossibile
1154 756 243 67 simpliciter
1348 756 178 67 dicatur
1477 756 97 67 in
1526 756 194 67 creatura
1672 756 178 67 passiue
1801 756 97 67 ex
1834 756 129 67 respe-

180 817 104 64 ctu
240 817 89 64 ad
284 817 149 64 deuem.
388 817 178 64 scilicet
522 817 119 64 quia
597 817 104 64 est
656 817 223 64 impossibile
835 817 119 64 deo:
909 817 74 64 &
939 817 178 64 secundum
1073 817 119 64 quid
1147 817 89 64 ex
1192 817 178 64 respectu
1325 817 89 64 ad
1370 817 193 64 creatura.
1519 817 178 64 scilicet
1653 817 119 64 quia
1727 817 223 64 impossibile
1891 817 74 64 est

181 872 238 59 creaturae:
368 872 204 59 Ezechiam
521 872 136 59 enim
606 872 255 59 superuiuere
811 872 153 59 licet
913 872 136 59 erat
998 872 255 59 impossibile
1202 872 204 59 respectu
1355 872 221 59 potentiae
1526 872 187 59 actiuae
1662 872 238 59 creaturae:
1849 872 119 59 non
1900 872 68 59 ta

178 925 117 62 men
245 925 134 62 erat
329 925 251 62 impossibile
530 925 268 62 simpliciter:
747 925 134 62 quia
831 925 117 62 non
898 925 134 62 erat
981 925 251 62 impossibile
1182 925 201 62 respectu
1332 925 134 62 dei.
1416 925 100 62 Et
1466 925 117 62 hoc
1533 925 251 62 quemadmodum
1734 925 217 62 possibile
1884 925 84 62 sim

170 984 205 62 pliciter
324 984 120 62 non
392 984 188 62 dicitur
529 984 188 62 passiue
666 984 103 62 in
717 984 205 62 creatura
871 984 103 62 ex
923 984 205 62 respectu
1076 984 103 62 ad
1128 984 239 62 creaturam:
1316 984 120 62 sed
1384 984 154 62 solum
1487 984 103 62 ex
1538 984 205 62 respectu
1692 984 103 62 ad
1744 984 154 62 deum:
1846 984 103 62 vt
1880 984 86 62 iam

178 1024 150 69 dictum
283 1024 105 69 est
343 1024 75 69 &
373 1024 210 69 expositum:
539 1024 105 69 Non
599 1024 135 69 tamen
689 1024 135 69 eodem
779 1024 120 69 modo
854 1024 195 69 possibile
1004 1024 75 69 &
1034 1024 225 69 impossibile
1215 1024 90 69 in
1260 1024 195 69 creatura:
1410 1024 180 69 dicuntur
1545 1024 180 69 respectu
1681 1024 210 69 possibilis
1846 1024 75 69 &
1861 1024 105 69 impos

168 1076 168 54 sibilis
290 1076 92 54 in
336 1076 122 54 deo.
412 1076 168 54 Quoniam
534 1076 199 54 possibile
687 1076 92 54 in
733 1076 183 54 creatura
871 1076 183 54 passiue,
1008 1076 168 54 dicitur
1130 1076 183 54 respectu
1268 1076 214 54 possibilis
1436 1076 92 54 in
1482 1076 107 54 deo
1543 1076 168 54 actiue:
1665 1076 92 54 vt
1711 1076 76 54 a
1742 1076 107 54 quo
1803 1076 138 54 habet
1879 1076 92 54 esse

176 1129 101 73 in
227 1129 218 73 creatura:
394 1129 134 73 quia
478 1129 151 73 habet
579 1129 134 73 esse
663 1129 151 73 primo
764 1129 101 73 in
814 1129 134 73 deo.
898 1129 252 73 Impossibile
1099 1129 134 73 vero
1183 1129 101 73 in
1234 1129 201 73 creatura
1385 1129 185 73 passiue
1519 1129 185 73 dicitur
1653 1129 201 73 respectu
1787 1129 185 73 impossibi

174 1188 108 64 lis
235 1188 92 64 in
281 1188 108 64 deo
343 1188 169 64 actiue:
466 1188 108 64 non
528 1188 92 64 vt
574 1188 77 64 a
605 1188 108 64 quo
666 1188 139 64 habet
758 1188 123 64 esse
835 1188 92 64 in
882 1188 200 64 creatura:
1036 1188 108 64 sed
1097 1188 123 64 quia
1174 1188 92 64 ex
1220 1188 92 64 eo
1266 1188 123 64 quod
1343 1188 231 64 impossibile
1528 1188 200 64 creaturae
1682 1188 169 64 dicitur
1805 1188 92 64 in
1836 1188 123 64 respe-

171 1240 118 75 ctu
239 1240 101 75 ad
289 1240 152 75 deum,
391 1240 135 75 ideo
475 1240 219 75 econuerso
644 1240 186 75 dicitur
779 1240 135 75 esse
863 1240 253 75 impossibile
1066 1240 101 75 in
1116 1240 118 75 deo
1184 1240 101 75 in
1234 1240 203 75 respectu
1386 1240 236 75 creaturae.
1572 1240 101 75 Et
1622 1240 118 75 hoc
1690 1240 135 75 alio
1774 1240 135 75 modo
1859 1240 135 75 quam

174 1292 98 59 ab
223 1292 98 59 eo
272 1292 131 59 quod
354 1292 245 59 impossibile
550 1292 180 59 passiue
681 1292 147 59 vnius
779 1292 213 59 creaturae
942 1292 180 59 dicitur
1073 1292 98 59 in
1122 1292 196 59 respectu
1269 1292 98 59 ad
1318 1292 245 59 impossibile
1515 1292 164 59 actiue
1629 1292 196 59 alterius
1760 1292 196 59 creaturae.

172 1347 191 67 Dicitur
311 1347 226 67 econuerso
484 1347 261 67 impossibile
693 1347 174 67 actiue
814 1347 104 67 in
867 1347 139 67 illa
953 1347 174 67 altera
1075 1347 208 67 creatura
1231 1347 208 67 respectu
1388 1347 208 67 prioris:
1544 1347 191 67 quoniam
1683 1347 261 67 impossibile
1874 1347 87 67 pas

167 1402 138 59 siue
253 1402 156 59 vnius
357 1402 225 59 creaturae
530 1402 121 59 est
599 1402 259 59 impossibile
806 1402 207 59 secundum
962 1402 138 59 quid
1048 1402 207 59 respectu
1204 1402 277 59 impossibilis
1428 1402 173 59 actiue
1549 1402 207 59 alterius
1705 1402 242 59 creaturae:
1878 1402 86 59 sim

165 1455 201 66 pliciter
316 1455 134 66 vero
400 1455 117 66 est
467 1455 251 66 impossibile
668 1455 201 66 respectu
819 1455 268 66 impossibilis
1037 1455 101 66 in
1087 1455 134 66 deo.
1171 1455 117 66 Non
1238 1455 134 66 enim
1322 1455 218 66 sequitur:
1490 1455 201 66 Ezechias
1640 1455 117 66 non
1708 1455 168 66 potuit
1808 1455 151 66 superui

173 1515 151 61 xisse
274 1515 168 61 agente
392 1515 202 61 potentia
543 1515 218 61 naturali,
711 1515 134 61 ergo
795 1515 118 61 non
862 1515 168 61 potuit
980 1515 235 61 supuixisse
1164 1515 252 61 simpliciter
1366 1515 84 61 &
1400 1515 218 61 absolute:
1568 1515 118 61 sed
1635 1515 235 61 sequeretur
1820 1515 118 61 non
1870 1515 84 61 po-

171 1567 140 60 tuit
259 1567 280 60 superuixisse
487 1567 210 60 potentia
644 1567 298 60 supernaturali
889 1567 175 60 diuina
1012 1567 193 60 agente:
1152 1567 140 60 ergo
1239 1567 263 60 simpliciter
1449 1567 88 60 &
1484 1567 210 60 absolute
1642 1567 123 60 non
1712 1567 175 60 potuit
1817 1567 140 60 supui-

166 1621 158 60 xisse.
277 1621 126 60 Vnde
356 1621 126 60 quid
435 1621 111 60 est
498 1621 221 60 ipossibile
671 1621 189 60 respectu
813 1621 174 60 agentis
940 1621 158 60 creati
1050 1621 111 60 est
1113 1621 205 60 possibile
1271 1621 253 60 simpliciter:
1476 1621 111 60 non
1540 1621 126 60 quia
1619 1621 111 60 est
1682 1621 221 60 ipossibile
1840 1621 111 60 illi:

171 1671 113 67 sed
235 1671 129 67 quia
316 1671 113 67 est
380 1671 209 67 possibile
541 1671 193 67 respectu
685 1671 177 67 agentis
814 1671 209 67 increati,
975 1671 145 67 maior
1071 1671 129 67 enim
1151 1671 161 67 virtus
1264 1671 193 67 includit
1409 1671 193 67 minorem:
1553 1671 96 67 si
1601 1671 129 67 enim
1682 1671 113 67 sit
1746 1671 177 67 aliquid
1859 1671 96 67 pos-

170 1718 142 58 sibile
269 1718 142 58 agenti
369 1718 185 58 increato:
511 1718 213 58 simpliciter
681 1718 99 58 est
738 1718 199 58 possibile:
894 1718 114 58 etsi
965 1718 99 58 non
1022 1718 99 58 sit
1079 1718 185 58 possibile
1221 1718 142 58 agenti
1320 1718 156 58 creato.
1434 1718 185 58 Similiter
1576 1718 114 58 quod
1647 1718 99 58 est
1703 1718 199 58 ipossibile
1845 1718 114 58 agenti

171 1776 186 65 increato,
314 1776 100 65 est
371 1776 214 65 impossibile
542 1776 143 65 agenti
643 1776 157 65 creato:
757 1776 71 65 &
786 1776 100 65 est
843 1776 214 65 simpliciter
1014 1776 214 65 ipossibile:
1186 1776 100 65 non
1243 1776 114 65 quia
1315 1776 100 65 est
1372 1776 200 65 ipossibile
1529 1776 143 65 agenti
1629 1776 186 65 increato:
1772 1776 100 65 sed
1829 1776 114 65 quia
1887 1776 71 65 est

174 1826 234 59 impossibile
362 1826 156 59 agenti
471 1826 172 59 creato,
596 1826 125 59 quod
674 1826 125 59 enim
753 1826 234 59 impossibile
940 1826 156 59 agenti
1050 1826 172 59 creato:
1175 1826 94 59 ex
1221 1826 109 59 hoc
1284 1826 109 59 non
1346 1826 109 59 est
1409 1826 219 59 ipossibile
1581 1826 250 59 simpliciter:
1784 1826 94 59 si
1831 1826 109 59 sit
1878 1826 78 59 so-

173 1885 112 65 lum
237 1885 208 65 possibile
397 1885 160 65 agenti
510 1885 208 65 increato.
670 1885 128 65 Quid
750 1885 128 65 ergo
830 1885 192 65 arguitur
975 1885 144 65 primo
1071 1885 96 65 in
1119 1885 241 65 contrarium:
1312 1885 128 65 quod
1392 1885 241 65 impossibile
1584 1885 96 65 in
1632 1885 160 65 actiuo
1745 1885 112 65 est
1809 1885 144 65 causa
1889 1885 64 65 im

172 1941 208 65 possibilis
336 1941 89 65 in
380 1941 178 65 passiuo:
514 1941 178 65 dicendum
648 1941 119 65 quod
722 1941 104 65 non
781 1941 104 65 est
841 1941 149 65 verum:
945 1941 104 65 nec
1004 1941 104 65 est
1064 1941 149 65 simile
1168 1941 89 65 de
1212 1941 193 65 possibili
1361 1941 119 65 quod
1435 1941 89 65 in
1480 1941 149 65 actiuo
1584 1941 104 65 est
1643 1941 134 65 causa
1732 1941 208 65 possibilis
1896 1941 89 65 in

174 1996 192 59 passiuo:
318 1996 128 59 quia
398 1996 208 59 possibile
558 1996 144 59 dicit
654 1996 176 59 aliquid
782 1996 128 59 pure
862 1996 224 59 positiuum:
1038 1996 80 59 &
1070 1996 176 59 positio
1197 1996 96 59 in
1245 1996 176 59 effectu
1373 1996 112 59 non
1437 1996 112 59 est
1501 1996 128 59 nisi
1581 1996 80 59 a
1613 1996 208 59 positione
1773 1996 96 59 in
1821 1996 112 59 sua
1869 1996 80 59 per

169 2049 96 59 se
217 2049 160 59 causa.
329 2049 241 59 Impossibile
522 2049 144 59 nihil
618 2049 144 59 dicit
714 2049 128 59 nisi
794 2049 225 59 priuatiue.
971 2049 192 59 priuatio
1115 2049 144 59 autem
1211 2049 80 59 &
1243 2049 192 59 defectus
1388 2049 128 59 bene
1468 2049 144 59 habet
1564 2049 128 59 esse
1644 2049 96 59 in
1692 2049 176 59 effectu
1821 2049 160 59 absque

162 2095 132 66 omni
245 2095 199 66 defectum
394 2095 83 66 &
427 2095 232 66 priuatione
609 2095 99 66 in
659 2095 116 66 sua
725 2095 116 66 per
792 2095 99 66 se
841 2095 166 66 causa.
957 2095 199 66 creatura
1106 2095 132 66 enim
1189 2095 99 66 ex
1239 2095 99 66 se
1288 2095 149 66 habet
1388 2095 199 66 defectum
1537 2095 149 66 licet
1636 2095 116 66 non
1702 2095 232 66 profectum.
1868 2095 66 66 AD

164 2158 196 55 secundum
311 2158 131 55 quod
393 2158 196 55 creatura
540 2158 114 55 non
605 2158 180 55 recipit
736 2158 294 55 contradictoria
981 2158 164 55 simul:
1096 2158 131 55 quia
1177 2158 114 55 non
1243 2158 147 55 habet
1341 2158 196 55 seminale
1488 2158 229 55 principium
1668 2158 98 55 ad
1717 2158 164 55 illud:
1815 2158 131 55 Dicen-

169 2204 106 60 dum
229 2204 121 60 quod
305 2204 136 60 verum
395 2204 121 60 est:
471 2204 75 60 &
501 2204 136 60 illud
592 2204 91 60 si
637 2204 181 60 haberet,
773 2204 75 60 a
803 2204 106 60 deo
863 2204 181 60 haberet:
999 2204 75 60 &
1029 2204 106 60 hoc
1090 2204 106 60 non
1150 2204 121 60 nisi
1225 2204 121 60 quia
1301 2204 151 60 posset
1407 2204 136 60 agere
1497 2204 121 60 quod
1573 2204 272 60 contradictoria
1799 2204 151 60 essent
1890 2204 60 60 si

167 2258 134 62 mul.
251 2258 100 62 Et
301 2258 134 62 quid
384 2258 234 62 assumitur:
568 2258 117 62 non
635 2258 150 62 habet
735 2258 150 62 illud
836 2258 200 62 seminale
986 2258 234 62 principium
1170 2258 134 62 nisi
1253 2258 134 62 quia
1337 2258 134 62 deus
1420 2258 117 62 non
1487 2258 167 62 dedit:
1604 2258 200 62 Dicendum
1755 2258 134 62 quod
1821 2258 134 62 falsum

162 2314 135 62 est.
247 2314 135 62 immo
331 2314 101 62 ex
382 2314 169 62 natura
500 2314 118 62 rei
568 2314 220 62 inquantum
737 2314 118 62 est
804 2314 118 62 res
872 2314 270 62 communissime
1091 2314 169 62 dicta,
1210 2314 203 62 prouenit
1362 2314 135 62 quod
1446 2314 118 62 non
1514 2314 152 62 habet
1615 2314 203 62 seminale
1750 2314 203 62 principium

171 2366 95 62 ad
219 2366 285 62 contradictoria
456 2366 127 62 esse
535 2366 142 62 simul
630 2366 190 62 scilicet
773 2366 127 62 quia
852 2366 127 62 ipsa
931 2366 95 62 ex
978 2366 95 62 se
1026 2366 111 62 non
1089 2366 142 62 habet
1184 2366 206 62 potentiam
1343 2366 95 62 ad
1390 2366 190 62 habendum
1532 2366 158 62 illud.
1643 2366 95 62 Et
1691 2366 111 62 hoc
1754 2366 127 62 quia
1833 2366 142 62 illud

173 2420 103 60 est
232 2420 118 60 tale
306 2420 118 60 quod
380 2420 103 60 non
439 2420 148 60 potest
542 2420 162 60 haberi:
660 2420 118 60 quia
734 2420 103 60 nec
793 2420 103 60 est
852 2420 103 60 res
911 2420 133 60 etiam
1000 2420 74 60 a
1030 2420 118 60 reor
1103 2420 133 60 reris
1192 2420 148 60 dicta:
1295 2420 74 60 &
1325 2420 89 60 ex
1369 2420 103 60 hoc
1428 2420 192 60 contingit
1576 2420 118 60 quod
1650 2420 103 60 non
1709 2420 133 60 habet
1797 2420 133 60 ideam
1886 2420 89 60 in

172 2471 130 64 deo.
253 2471 146 64 licet
351 2471 130 64 enim
432 2471 114 64 res
497 2471 81 64 a
529 2471 228 64 ratitudine
708 2471 146 64 dicta
806 2471 98 64 ex
854 2471 114 64 hoc
919 2471 114 64 est
984 2471 114 64 res
1049 2471 81 64 &
1082 2471 163 64 natura
1196 2471 114 64 vel
1261 2471 195 64 essentia
1407 2471 163 64 aliqua
1521 2471 130 64 quod
1602 2471 146 64 habet
1699 2471 146 64 ideam
1797 2471 98 64 in
1846 2471 130 64 deo:

166 2526 152 63 illud
268 2526 152 63 tamen
369 2526 136 63 quod
454 2526 119 63 non
522 2526 119 63 est
590 2526 119 63 res
657 2526 85 63 a
691 2526 237 63 ratitudine
878 2526 169 63 dicta:
996 2526 85 63 &
1030 2526 169 63 maxime
1149 2526 119 63 nec
1216 2526 85 63 a
1250 2526 136 63 reor
1335 2526 152 63 reris
1437 2526 169 63 dicta:
1555 2526 119 63 non
1623 2526 102 63 ex
1674 2526 119 63 hoc
1742 2526 119 63 non
1809 2526 119 63 est
1860 2526 85 63 res

170 2584 138 65 quia
256 2584 121 65 non
325 2584 156 65 habet
429 2584 156 65 ideam
533 2584 104 65 in
585 2584 138 65 deo:
671 2584 121 65 sed
740 2584 173 65 potius
861 2584 121 65 non
931 2584 156 65 habet
1034 2584 156 65 ideam
1138 2584 104 65 in
1190 2584 121 65 deo
1259 2584 138 65 quia
1346 2584 208 65 secundum
1501 2584 104 65 se
1553 2584 121 65 non
1622 2584 121 65 est
1692 2584 138 65 res.
1761 2584 190 65 Positiuum

174 2639 128 62 enim
254 2639 96 62 in
302 2639 191 62 essentia
445 2639 207 62 creaturae
605 2639 112 62 non
669 2639 112 62 est
732 2639 128 62 nisi
812 2639 80 62 a
844 2639 207 62 positione
1004 2639 96 62 in
1052 2639 128 62 deo.
1131 2639 223 62 Priuatiuum
1307 2639 128 62 vero
1387 2639 96 62 in
1434 2639 191 62 creatura
1578 2639 112 62 aut
1642 2639 144 62 etiam
1738 2639 128 62 pure
1801 2639 144 62 negati-

167 2692 114 64 uum
232 2692 147 64 circa
330 2692 212 64 creaturam
493 2692 114 64 non
559 2692 114 64 est
624 2692 98 64 ab
673 2692 131 64 alio
755 2692 212 64 priuatiuo
918 2692 114 64 vel
983 2692 196 64 negatiuo
1130 2692 98 64 in
1179 2692 131 64 deo:
1261 2692 114 64 sed
1326 2692 98 64 ex
1375 2692 180 64 seipso.
1506 2692 196 64 secundum
1653 2692 131 64 quod
1735 2692 147 64 malum
1833 2692 82 64 &
1865 2692 114 64 non

169 2740 130 60 ens
244 2740 260 60 priuatiuum
448 2740 130 60 non
522 2740 167 60 habet
633 2740 148 60 nisi
726 2740 185 60 causam
855 2740 278 60 priuatiuam:
1078 2740 167 60 malum
1189 2740 148 60 vero
1282 2740 130 60 vel
1356 2740 130 60 non
1430 2740 130 60 ens
1504 2740 241 60 negatiuum
1689 2740 185 60 nullam
1801 2740 148 60 causam

164 2790 155 64 omnino
273 2790 155 64 habet.
382 2790 171 64 dicente
506 2790 186 64 Dionysi.
645 2790 140 64 iiii.
738 2790 93 64 c.
785 2790 93 64 de
831 2790 140 64 diui.
924 2790 109 64 no.
986 2790 140 64 Malum
1080 2790 109 64 est
1142 2790 124 64 sine
1219 2790 140 64 causa
1312 2790 78 64 &
1343 2790 248 64 indefinitum:
1545 2790 78 64 &
1576 2790 124 64 sine
1653 2790 186 64 germine.
1793 2790 109 64 vbi
1839 2790 109 64 dicit

174 2844 124 68 alia
252 2844 171 68 transi.
376 2844 171 68 Causale
501 2844 202 68 infinitum
656 2844 248 68 infoecundum.
858 2844 109 68 Est
920 2844 140 68 autem
1013 2844 233 68 infoecundum
1200 2844 78 68 &
1231 2844 124 68 sine
1308 2844 171 68 germine
1432 2844 124 68 quod
1510 2844 109 68 est
1572 2844 124 68 sine
1650 2844 202 68 principio
1790 2844 155 68 seminali

162 2901 201 58 secundum
313 2901 134 58 quod
397 2901 151 58 alias
497 2901 234 58 exposuimus
681 2901 201 58 loquendo
832 2901 100 58 in
882 2901 134 58 alio
966 2901 201 58 quolibet
1117 2901 100 58 de
1167 2901 218 58 principio
1334 2901 218 58 seminali.
1502 2901 134 58 Vnde
1586 2901 151 58 patet
1686 2901 134 58 quod
1770 2901 117 58 non
1837 2901 151 58 sequi

173 2951 110 60 tur
236 2951 142 60 illud
331 2951 126 60 quod
409 2951 142 60 illud
504 2951 157 60 vltimo
614 2951 220 60 assumitur:
787 2951 94 60 si
834 2951 126 60 deus
913 2951 189 60 dedisset
1054 2951 110 60 rei
1117 2951 220 60 principium
1290 2951 189 60 seminale
1432 2951 94 60 ad
1479 2951 299 60 contradictoria,
1731 2951 220 60 habuisset.
1888 2951 63 60 er

167 3009 98 63 go
216 3009 114 63 non
281 3009 146 63 habet
378 3009 146 63 illud
476 3009 130 63 quia
557 3009 130 63 deus
638 3009 114 63 non
704 3009 163 63 dedit.
817 3009 81 63 &
850 3009 114 63 hoc
915 3009 179 63 propter
1045 3009 163 63 causam
1159 3009 114 63 iam
1224 3009 179 63 dictam.
1354 3009 98 63 Ex
1403 3009 114 63 quo
1468 3009 179 63 sumitur
1598 3009 163 63 regula
1712 3009 228 63 philosophi
1891 3009 98 63 in

171 3066 150 68 Topi.
272 3066 134 68 quod
355 3066 100 68 in
405 3066 317 68 contradictoriis
673 3066 134 68 quae
756 3066 134 68 sunt
840 3066 117 68 per
906 3066 100 68 se
957 3066 117 68 non
1023 3066 150 68 tenet
1124 3066 267 68 consequentia
1341 3066 100 68 in
1391 3066 150 68 ipso,
1491 3066 117 68 sed
1558 3066 251 68 econtrario.
1759 3066 117 68 Non
1825 3066 134 68 enim
1892 3066 67 68 se

170 3113 175 65 quitur:
297 3113 95 65 si
345 3113 143 65 album
440 3113 127 65 est:
519 3113 206 65 coloratum
678 3113 127 65 est:
757 3113 127 65 ergo
837 3113 95 65 si
884 3113 111 65 non
948 3113 143 65 album
1043 3113 127 65 est,
1123 3113 111 65 non
1186 3113 206 65 coloratum
1345 3113 127 65 est:
1424 3113 111 65 sed
1488 3113 95 65 si
1535 3113 111 65 non
1599 3113 111 65 est
1662 3113 206 65 coloratum
1821 3113 111 65 non
1869 3113 79 65 est

172 3162 159 80 album.
284 3162 207 80 Similiter
443 3162 96 80 in
491 3162 207 80 proposito
650 3162 207 80 sequitur:
810 3162 96 80 si
857 3162 127 80 deus
937 3162 191 80 dedisset
1080 3162 112 80 rei
1144 3162 223 80 seminarium
1320 3162 96 80 ad
1367 3162 127 80 esse
1447 3162 287 80 contradictoria
1686 3162 159 80 simul,
1782 3162 175 80 habuisset
