2449 3772
477 267 165 87 illud.
593 267 116 87 Non
659 267 149 87 tamen
759 267 198 87 sequitur
907 267 99 87 in
957 267 149 87 ipso:
1056 267 132 87 ergo
1139 267 132 87 quia
1222 267 132 87 deus
1304 267 116 87 non
1370 267 149 87 dedit
1470 267 149 87 ipsa,
1569 267 116 87 non
1635 267 182 87 habuit:
1767 267 116 87 sed
1834 267 232 87 econtrario
2015 267 132 87 quia
2098 267 116 87 non
2148 267 132 87 habuit

484 343 123 60 ideo
560 343 107 60 non
622 343 153 60 dedit.
729 343 107 60 Non
791 343 138 60 dare,
883 343 107 60 eni
944 343 107 60 non
1005 343 107 60 est
1067 343 138 60 ratio
1159 343 107 60 non
1220 343 169 60 habere:
1343 343 107 60 sed
1404 343 215 60 econtrario
1573 343 107 60 non
1635 343 153 60 habere
1742 343 107 60 est
1803 343 138 60 ratio
1895 343 123 60 eius
1972 343 123 60 quid
2049 343 107 60 est
2110 343 107 60 non
2172 343 138 60 dare.

475 402 155 59 Ratio
578 402 138 59 dico
665 402 121 59 non
734 402 190 59 essendi
872 402 121 59 sed
941 402 259 59 consequendi
1148 402 121 59 seu
1217 402 276 59 denominandi.
1441 402 104 59 Et
1493 402 121 59 hoc
1562 402 155 59 iuxta
1665 402 328 59 determinationem
1941 402 190 59 Anselu.
2079 402 104 59 de
2131 402 190 59 casudia

481 454 136 73 boli.
572 454 106 73 vbi
632 454 106 73 per
693 454 152 73 totum.
799 454 91 73 c.
845 454 121 73 iii.
921 454 227 73 determinat:
1102 454 121 73 quod
1178 454 106 73 non
1239 454 182 73 sequitur
1375 454 91 73 si
1421 454 167 73 angelus
1542 454 136 73 bonus
1633 454 121 73 ideo
1709 454 243 73 perseuerauit
1906 454 121 73 quia
1982 454 273 73 perseuerantiam
2209 454 91 73 ha

479 510 152 57 buit:
581 510 85 57 &
614 510 135 57 ideo
699 510 169 57 habuit
817 510 135 57 quia
902 510 203 57 accepit:
1054 510 85 57 &
1088 510 135 57 ideo
1173 510 186 57 accepit
1308 510 135 57 quia
1392 510 135 57 deus
1477 510 169 57 dedit:
1595 510 135 57 ergo
1680 510 237 57 consequens
1866 510 118 57 est
1934 510 101 57 vt
1984 510 135 57 ille
2069 510 118 57 qui
2137 510 101 57 in
2171 510 101 57 veri

484 566 130 66 tate
565 566 114 66 non
630 566 179 66 stetit,
760 566 244 66 quemadmodum
956 566 114 66 non
1021 566 260 66 perseuerauit
1232 566 130 66 quia
1314 566 293 66 perseuerantiam
1558 566 114 66 non
1623 566 179 66 habuit:
1753 566 81 66 &
1786 566 130 66 ideo
1867 566 114 66 non
1932 566 163 66 habuit
2046 566 130 66 quia
2128 566 114 66 non
2193 566 114 66 ac-

483 625 173 61 cepit:
604 625 121 61 sic
673 625 138 61 ideo
759 625 121 61 non
828 625 190 61 accepit
966 625 138 61 quia
1053 625 138 61 deus
1139 625 121 61 non
1191 625 138 61 dedit.

810 678 208 75 Equuntur
966 678 139 75 duae
1053 678 260 75 quaestiones
1261 678 104 75 de
1313 678 121 75 deo
1382 678 104 75 in
1434 678 208 75 respectu
1590 678 104 75 ad
1642 678 226 75 creaturam
1816 678 226 75 assumptam
1989 678 104 75 in
2041 678 208 75 Christo.
2180 678 87 75 Qua

828 733 114 73 rum
893 733 146 73 prima
990 733 146 73 erat.
1088 733 146 73 vtrum
1185 733 195 73 Christus
1331 733 195 73 secundum
1477 733 130 73 quod
1559 733 130 73 homo
1640 733 211 73 illuminet
1802 733 195 73 angelos.
1948 733 195 73 Secunda:
2094 733 146 73 vtrum
2176 733 97 73 eius

823 790 181 70 gloria
950 790 145 70 erat
1040 790 109 70 in
1094 790 181 70 aliquo
1221 790 217 70 diminuta
1384 790 109 70 in
1438 790 181 70 triduo
1565 790 289 70 separationis
1800 790 181 70 animae
1926 790 90 70 a
1962 790 127 70 suo
2035 790 217 70 corpore.
2180 790 90 70 ClR

828 851 93 67 ca
874 851 155 67 primum
982 851 186 67 arguitur
1122 851 124 67 quod
1199 851 124 67 non:
1276 851 124 67 quia
1354 851 186 67 Christus
1493 851 186 67 secundum
1632 851 124 67 quod
1710 851 139 67 homo,
1803 851 108 67 est
1865 851 155 67 natura
1973 851 186 67 inferior
2112 851 186 67 angelis:

798 901 170 67 natura
917 901 153 67 autem
1020 901 205 67 superior
1173 901 153 67 habet
1275 901 239 67 illuminare
1463 901 256 67 inferiorem,
1667 901 102 67 vt
1718 901 170 67 angeli
1838 901 239 67 superiores
2025 901 153 67 ipsos
2111 901 153 67 inferio

815 960 132 73 res,
898 960 149 73 iuxta
997 960 314 73 determinationem
1261 960 165 73 Dions.
1377 960 99 73 de
1426 960 198 73 caelesti
1575 960 182 73 Hierar.
1707 960 99 73 IN
1756 960 231 73 contrarium
1938 960 116 73 est
2004 960 149 73 illud
2103 960 132 73 quod
2185 960 116 73 di-

814 1022 145 65 citur
911 1022 97 65 de
959 1022 178 65 Christo
1089 1022 162 65 primae
1202 1022 145 65 Petri
1299 1022 162 65 primo.
1412 1022 97 65 In
1460 1022 129 65 quem
1541 1022 226 65 desiderant
1719 1022 162 65 angeli
1832 1022 242 65 prospicere.
2026 1022 145 65 etiam
2106 1022 162 65 secundum

488 1059 130 78 quod
569 1059 114 78 est
634 1059 146 78 homo.
732 1059 114 78 hoc
797 1059 146 78 autem
894 1059 114 78 non
959 1059 260 78 desiderarent
1170 1059 130 78 nisi
1252 1059 98 78 ab
1300 1059 130 78 ipso
1382 1059 130 78 modo
1463 1059 163 78 aliquo
1577 1059 309 78 illuminarentur.
1837 1059 130 78 ergo
1918 1059 114 78 &c.
1983 1059 195 78 DIcendum
2129 1059 98 78 ad
2178 1059 114 78 hoc

493 1129 132 65 quod
576 1129 149 65 omnis
675 1129 248 65 illuminatio
874 1129 199 65 procedit
1023 1129 199 65 secundum
1172 1129 182 65 ordinem
1304 1129 83 65 &
1337 1129 165 65 gradus
1453 1129 281 65 illuminantium
1685 1129 83 65 &
1718 1129 298 65 illuminatorum.
1966 1129 116 65 lta
2032 1129 132 65 quod
2099 1129 165 65 superio-

493 1181 92 65 ra
539 1181 92 65 in
585 1181 138 65 gradu
677 1181 77 65 &
708 1181 169 65 ordine,
831 1181 123 65 nata
908 1181 123 65 sunt
984 1181 215 65 illuminare
1153 1181 215 65 inferiora.
1323 1181 169 65 dicente
1445 1181 215 65 Dionysica.
1615 1181 92 65 c.
1661 1181 138 65 xiii.
1753 1181 138 65 cael.
1845 1181 169 65 Hierar.
1968 1181 138 65 luxta
2060 1181 200 65 naturalis
2199 1181 61 65 or

493 1235 243 57 dinationis
684 1235 209 57 rationem
840 1235 313 57 supernaturalis
1101 1235 226 57 ordinatio
1275 1235 313 57 dilucidationis
1535 1235 243 57 claritatem
1726 1235 156 57 primo
1831 1235 348 57 excellentissimis
2109 1235 156 57 manife-

487 1292 121 71 stat
563 1292 212 71 essentiis:
729 1292 76 71 &
759 1292 106 71 per
820 1292 106 71 eas
880 1292 121 71 quae
956 1292 167 71 possunt
1077 1292 121 71 esse
1153 1292 167 71 naturae
1274 1292 167 71 diuinum
1395 1292 227 71 participant
1577 1292 167 71 radium:
1698 1292 136 71 ipsis
1789 1292 197 71 tradentes
1940 1292 91 71 ex
1986 1292 257 71 superueniente
2197 1292 91 71 in

494 1346 109 73 eas
557 1346 219 73 claritate:
728 1346 78 73 &
760 1346 140 73 illae
853 1346 156 73 iterum
963 1346 219 73 subiectis:
1134 1346 78 73 &
1166 1346 109 73 per
1228 1346 187 73 singulas
1368 1346 140 73 primo
1462 1346 125 73 quae
1540 1346 109 73 est
1603 1346 125 73 post
1681 1346 109 73 eam
1743 1346 172 73 tradit.
1868 1346 109 73 Est
1930 1346 156 73 igitur
2040 1346 140 73 simul
2118 1346 140 73 cunctis

494 1402 239 71 illuminatis
686 1402 223 71 principium
861 1402 239 71 illuminandi
1053 1402 128 71 deus
1133 1402 160 71 natura
1244 1402 80 71 &
1276 1402 128 71 vere
1356 1402 96 71 &,
1404 1402 176 71 proprie
1532 1402 96 71 vt
1580 1402 176 71 luminis
1707 1402 192 71 essentia
1851 1402 80 71 &
1883 1402 160 71 ipsius
1995 1402 144 71 esse.
2074 1402 192 71 Econtrario

488 1453 147 75 autem
586 1453 212 75 inferiora
749 1453 114 75 non
814 1453 228 75 illuminant
993 1453 228 75 superiora.
1173 1453 179 75 dicente
1303 1453 163 75 eodem.
1417 1453 98 75 c.
1466 1453 114 75 xi.
1531 1453 261 75 Nouissimarum
1743 1453 179 75 sanctam
1874 1453 179 75 decoram
2004 1453 294 75 illuminationem

489 1512 313 61 superpositarum
749 1512 261 61 essentiarum
958 1512 295 61 dispositiones
1201 1512 278 61 participant:
1427 1512 191 61 vltimae
1566 1512 139 61 vero
1653 1512 243 61 personarum
1844 1512 156 61 nullo
1948 1512 156 61 modo.
2052 1512 104 61 ET
2104 1512 139 61 quia
2191 1512 104 61 vt
2226 1512 52 61 l

487 1567 147 74 patet
585 1567 98 74 ex
633 1567 163 74 dictis
748 1567 212 74 Dionysic.
911 1567 147 74 iuxta
1008 1567 212 74 naturalis
1172 1567 179 74 ordinis
1302 1567 196 74 rationem
1449 1567 130 74 ordo
1530 1567 294 74 supernaturalis
1775 1567 294 74 illuminationis
2019 1567 212 74 procedit,
2166 1567 98 74 scie

486 1625 116 71 dum
553 1625 133 71 quod
636 1625 166 71 duplex
752 1625 116 71 est
819 1625 133 71 ordo
902 1625 166 71 rerum:
1019 1625 166 71 quibus
1135 1625 183 71 quaedam
1268 1625 216 71 superiora
1434 1625 166 71 habent
1551 1625 133 71 esse
1634 1625 233 71 quibusdam.
1817 1625 100 71 Et
1867 1625 200 71 secundum
2017 1625 116 71 hoc
2083 1625 166 71 duplex
2183 1625 83 71 est

487 1676 148 76 modus
585 1676 297 76 illuminationis
833 1676 231 76 inferiorum
1014 1676 82 76 a
1047 1676 280 76 superioribus.
1277 1676 115 76 est
1343 1676 132 76 enim
1426 1676 165 76 quidam
1541 1676 132 76 ordo
1623 1676 148 76 rerum
1722 1676 99 76 in
1772 1676 132 76 esse
1854 1676 198 76 naturae:
2002 1676 165 76 quidam
2118 1676 132 76 vero
2200 1676 99 76 in

490 1740 128 64 esse
570 1740 191 64 gratiae.
713 1740 128 64 Ordo
793 1740 144 64 rerum
889 1740 96 64 in
937 1740 128 64 esse
1016 1740 175 64 naturae
1144 1740 112 64 est
1208 1740 191 64 secundum
1351 1740 128 64 quem
1431 1740 128 64 deus
1511 1740 191 64 trinitas
1654 1740 239 64 naturaliter
1845 1740 112 64 est
1909 1740 175 64 supomne
2037 1740 128 64 ens:
2117 1740 80 64 &
2148 1740 96 64 ab
2180 1740 96 64 ipso

483 1792 157 71 omnes
587 1792 227 71 creaturae
762 1792 210 71 secundum
919 1792 192 71 ordinem
1059 1792 175 71 gradus
1181 1792 227 71 naturalis
1356 1792 175 71 habent
1478 1792 227 71 procedere
1653 1792 87 71 a
1688 1792 157 71 prima
1792 1792 87 71 &
1827 1792 157 71 summa
1932 1792 210 71 creatura
2089 1792 105 71 vt
2142 1792 87 71 a
2159 1792 105 71 sum-

479 1844 91 69 mo
524 1844 151 69 angelo
630 1844 136 69 vsque
721 1844 91 69 ad
766 1844 166 69 infimam
887 1844 212 69 creaturam.
1053 1844 181 69 scilicet
1189 1844 151 69 primam
1295 1844 196 69 materiam.
1446 1844 91 69 De
1491 1844 151 69 quibus
1597 1844 136 69 dicit
1688 1844 212 69 Augustinus
1854 1844 91 69 in
1899 1844 136 69 libro
1990 1844 257 69 confessionum.
2186 1844 76 69 Duo

483 1895 156 87 fecisti
596 1895 156 87 domine:
709 1895 113 87 vnum
780 1895 127 87 prope
865 1895 113 87 nihi
936 1895 170 87 scilicet
1063 1895 142 87 primam
1162 1895 184 87 materiam:
1304 1895 71 87 &
1332 1895 156 87 alterum
1445 1895 127 87 prope
1530 1895 85 87 te
1573 1895 170 87 scilicet
1700 1895 142 87 primum
1799 1895 170 87 angelum.
1926 1895 113 87 Ordo
1997 1895 113 87 vero
2068 1895 127 87 rerum
2153 1895 85 87 in
2181 1895 85 87 esse

490 1952 171 74 gratiae
615 1952 125 74 est:
693 1952 187 74 secundum
833 1952 125 74 quem
911 1952 125 74 deus
989 1952 187 74 trinitas
1129 1952 140 74 super
1222 1952 140 74 omnia
1315 1952 140 74 bonus
1409 1952 202 74 existens:
1565 1952 140 74 donis
1658 1952 171 74 gratiae
1782 1952 202 74 creaturam
1938 1952 280 74 intellectualem
2172 1952 93 74 ad
2203 1952 62 74 se

490 2018 148 74 ipsum
588 2018 197 74 perfecte
736 2018 148 74 habet
834 2018 213 74 reducere.
998 2018 98 74 De
1047 2018 148 74 primo
1146 2018 164 74 ordine
1260 2018 148 74 rerum
1359 2018 148 74 dicit
1457 2018 180 74 Dionsi.
1589 2018 98 74 de
1638 2018 115 74 di.
1703 2018 115 74 no.
1769 2018 148 74 iiii.
1867 2018 98 74 c.
1917 2018 180 74 Omnibus
2031 2018 230 74 existentibus

478 2070 219 66 submittit
647 2070 169 66 totius
765 2070 219 66 bonitatis
934 2070 186 66 radios:
1069 2070 118 66 per
1136 2070 135 66 quos
1221 2070 84 66 &
1254 2070 236 66 subsistunt
1440 2070 253 66 inuisibiles
1643 2070 84 66 &
1676 2070 304 66 intellectuales
1929 2070 152 66 omnes
2031 2070 84 66 &
2064 2070 219 66 essentiae
2216 2070 51 66 &

489 2116 184 73 virtutes
627 2116 77 73 &
657 2116 230 73 operationes
841 2116 123 73 quae
918 2116 107 73 per
980 2116 107 73 eas
1041 2116 138 73 sunt.
1133 2116 77 73 &
1164 2116 153 73 infra.
1271 2116 107 73 Sed
1332 2116 123 73 post
1409 2116 138 73 illos
1501 2116 153 73 sacros
1608 2116 77 73 &
1639 2116 169 73 sanctos
1762 2116 230 73 intellectus
1946 2116 153 73 animae
2053 2116 77 73 &
2084 2116 215 73 quaecumque

486 2172 118 74 sunt
560 2172 176 74 animarum
692 2172 132 74 bona.
780 2172 74 74 &
810 2172 147 74 infra.
913 2172 103 74 Sed
971 2172 74 74 &
1001 2172 88 74 de
1045 2172 103 74 his
1104 2172 74 74 &
1133 2172 88 74 si
1177 2172 162 74 oportet
1295 2172 147 74 dicere
1398 2172 265 74 irrationalibus
1618 2172 176 74 animabus
1751 2172 103 74 aut
1809 2172 206 74 animalibus
1971 2172 206 74 quaecumque
2133 2172 118 74 aera
2192 2172 74 74 se-

485 2225 133 81 cant
568 2225 83 81 &
602 2225 232 81 quaecumque
784 2225 100 81 in
834 2225 149 81 terra
933 2225 249 81 gradiuntur:
1133 2225 83 81 &
1166 2225 183 81 germina
1299 2225 149 81 omnia
1398 2225 232 81 nutritiuam
1581 2225 166 81 habent
1697 2225 166 81 animam
1813 2225 149 81 etiam
1913 2225 232 81 quaecunque
2095 2225 116 81 sit
2145 2225 116 81 inani

486 2292 100 67 ma
536 2292 83 67 &
570 2292 117 67 non
636 2292 183 67 vitalis
770 2292 200 67 essentia
920 2292 117 67 &c.
986 2292 100 67 DE
1036 2292 183 67 secundo
1169 2292 167 67 ordine
1286 2292 150 67 rerum
1386 2292 150 67 dicit
1486 2292 100 67 in
1536 2292 133 67 fine
1619 2292 183 67 tertii.
1753 2292 100 67 c.
1803 2292 133 67 cel.
1886 2292 167 67 Hiere.
2002 2292 233 67 vnusquique
2169 2292 100 67 hie-

486 2347 212 63 rarchicae
649 2347 277 63 dispositionis
877 2347 130 63 ordo
959 2347 196 63 secundum
1105 2347 196 63 propriam
1252 2347 212 63 analogiam
1415 2347 212 63 reducitur
1578 2347 98 63 ad
1627 2347 179 63 diuinam
1758 2347 277 63 cooperationem
1986 2347 147 63 illam
2067 2347 196 63 perficiens

484 2390 171 82 gratia
604 2390 86 82 &
638 2390 120 82 deo
707 2390 137 82 data
792 2390 189 82 virtute
930 2390 137 82 quae
1015 2390 240 82 diuinitati
1204 2390 257 82 naturaliter
1410 2390 86 82 &
1444 2390 343 82 supernaturaliter
1735 2390 189 82 insunt:
1873 2390 86 82 &
1907 2390 103 82 ab
1958 2390 103 82 ea
1993 2390 274 82 supessentiali-

482 2446 130 81 ter
557 2446 168 81 acta:
669 2446 93 81 &
706 2446 112 81 ad
762 2446 261 81 possibilem
967 2446 224 81 amantium
1134 2446 149 81 deum
1228 2446 224 81 animorum
1395 2446 279 81 imitationem
1619 2446 279 81 hierarchice
1842 2446 298 81 manifestata.
2085 2446 149 81 Post
2159 2446 112 81 hie-

479 2497 192 85 rarchiam
623 2497 128 85 ergo
703 2497 176 85 diuinam
831 2497 80 85 &
863 2497 288 85 supercaelestem
1102 2497 128 85 quae
1182 2497 208 85 consistit
1342 2497 96 85 in
1390 2497 160 85 ordine
1502 2497 144 85 eorum
1598 2497 128 85 quae
1678 2497 96 85 in
1726 2497 160 85 diuina
1837 2497 192 85 essentia
1981 2497 288 85 constituuntur:
2205 2497 64 85 vt

481 2556 132 76 sunt
563 2556 197 76 rationes
711 2556 263 76 attributales
925 2556 82 76 &
958 2556 214 76 personae:
1122 2556 197 76 secundum
1271 2556 132 76 quod
1353 2556 214 76 expositum
1517 2556 115 76 est
1583 2556 99 76 in
1633 2556 148 76 prima
1731 2556 82 76 &
1764 2556 181 76 secunda
1896 2556 230 76 quaestione
2061 2556 197 76 praeceden-

478 2620 176 72 tibus,
602 2620 106 72 ad
655 2620 282 72 perficiendum
884 2620 176 72 totius
1007 2620 212 72 mundanae
1166 2620 264 72 hierarchiae
1378 2620 176 72 statum
1501 2620 212 72 sequitur
1660 2620 141 72 ordo
1748 2620 282 72 hierarchicus
1977 2620 264 72 creaturarum
2188 2620 106 72 du

485 2679 144 68 plex
575 2679 216 68 secundum
738 2679 216 68 duplicem
900 2679 198 68 ordinem
1044 2679 162 68 rerum
1152 2679 271 68 praedictum.
1369 2679 216 68 Secundum
1531 2679 180 68 primum
1658 2679 144 68 enim
1748 2679 198 68 ordinem
1892 2679 253 68 hierarchia
2073 2679 198 68 creatura-

484 2730 117 65 rum
551 2730 184 65 incipit
685 2730 84 65 a
719 2730 184 65 suprema
853 2730 201 65 creatura
1004 2730 101 65 in
1054 2730 151 65 gradu
1154 2730 184 65 naturae
1288 2730 201 65 caeteras
1439 2730 285 65 praecellente:
1674 2730 134 65 quae
1757 2730 184 65 lucifer
1891 2730 168 65 fuisse
2009 2730 218 65 creditur.
2176 2730 117 65 di-

480 2788 146 71 cente
577 2788 163 71 Grego.
691 2788 98 71 in
740 2788 146 71 fine.
838 2788 163 71 xxxii,
952 2788 146 71 mora.
1049 2788 98 71 de
1098 2788 146 71 ipso.
1196 2788 260 71 Comparatione
1407 2788 228 71 claritatis
1586 2788 130 71 suae
1668 2788 228 71 obumbrasse
1847 2788 228 71 caeterorum
2026 2788 228 71 claritatem
2189 2788 81 71 cre

488 2833 166 69 ditur:
605 2833 133 69 quia
688 2833 150 69 eorum
787 2833 266 69 magnitudinem
1003 2833 249 69 excellentia
1203 2833 166 69 maiore
1319 2833 266 69 transcendit.
1535 2833 83 69 &
1568 2833 166 69 infra.
1685 2833 133 69 Quid
1768 2833 133 69 vero
1851 2833 133 69 ille
1934 2833 133 69 nisi
2017 2833 133 69 vnus
2100 2833 100 69 ex
2133 2833 133 69 caele-

490 2882 153 77 stibus
597 2882 230 77 spiritibus:
781 2882 77 77 &
811 2882 123 77 quid
888 2882 138 77 adhuc
980 2882 138 77 maius
1072 2882 123 77 est,
1148 2882 168 77 summus:
1271 2882 123 77 post
1347 2882 138 77 illum
1439 2882 138 77 autem
1531 2882 168 77 caeteri
1653 2882 184 77 secundum
1791 2882 153 77 gradus
1898 2882 245 77 excellentiae
2098 2882 77 77 &
2113 2882 153 77 dignita.

489 2940 111 72 tis
552 2940 174 72 naturae
679 2940 126 72 suae
758 2940 142 72 vsque
853 2940 95 72 ad
900 2940 190 72 infimum.
1042 2940 111 72 Nec
1105 2940 158 72 restat
1216 2940 95 72 ad
1263 2940 190 72 praesens
1406 2940 174 72 quomodo
1532 2940 221 72 distinctio
1706 2940 142 72 eorum
1801 2940 174 72 sumenda
1927 2940 126 72 sit:
2006 2940 95 72 an
2054 2940 190 72 secundum
2180 2940 79 72 ge-

492 2994 110 80 nus
555 2994 79 80 &
587 2994 252 80 differentias
792 2994 95 80 vt
839 2994 252 80 corporalium:
1044 2994 95 80 an
1091 2994 126 80 alio
1170 2994 142 80 modo.
1265 2994 126 80 Post
1344 2994 142 80 illos
1438 2994 142 80 autem
1533 2994 205 80 caelestes
1690 2994 189 80 spiritus
1832 2994 189 80 sequitur
1974 2994 189 80 spiritus
2100 2994 158 80 humanus.

485 3045 197 82 superior
632 3045 180 82 omnibus
763 3045 148 82 rebus
862 3045 279 82 corporalibus,
1091 3045 148 82 etiam
1189 3045 246 82 caelestibus
1386 3045 246 82 corporibus.
1583 3045 164 82 Quibus
1698 3045 148 82 etiam
1796 3045 131 82 homo
1878 3045 180 82 ratione
2009 3045 131 82 suae
2091 3045 164 82 animae
2189 3045 66 82 su

494 3105 156 75 perior
604 3105 125 75 est:
682 3105 140 75 licet
775 3105 172 75 ratione
900 3105 187 75 corporis
1041 3105 234 75 naturaliter
1228 3105 203 75 subiectus
1384 3105 125 75 sit.
1462 3105 109 75 Nec
1524 3105 140 75 solum
1618 3105 140 75 homo:
1712 3105 109 75 sed
1774 3105 140 75 etiam
1868 3105 140 75 omnia
1961 3105 219 75 quaecumque
2118 3105 140 75 velnnam

495 3168 110 58 vim
558 3168 157 58 habent
668 3168 157 58 animae
778 3168 204 58 inquantum
935 3168 173 58 animata
1061 3168 141 58 sunt.
1156 3168 141 58 licet
1250 3168 204 58 inferiora
1407 3168 126 58 sunt
1486 3168 141 58 multo
1580 3168 204 58 inquantum
1737 3168 173 58 corpora
1863 3168 141 58 sunt.
1957 3168 126 58 Vnde
2036 3168 141 58 inter
2115 3168 141 58 corpora

487 3221 138 88 primo
579 3221 123 88 sunt
656 3221 200 88 caelestia
809 3221 184 88 corpora:
948 3221 77 88 &
978 3221 123 88 post
1055 3221 123 88 illa
1132 3221 184 88 inaimata
1270 3221 154 88 mixta:
1378 3221 154 88 deinde
1486 3221 184 88 elementa
1624 3221 215 88 simplicia:
1793 3221 92 88 in
1839 3221 154 88 quibus
1947 3221 154 88 semper
2039 3221 215 88 inferiorasum
