2436 3722
483 266 184 71 gratiae
617 266 201 71 effectum
768 266 217 71 ostendat,
935 266 134 71 plus
1018 266 117 71 est
1085 266 134 71 enim
1169 266 117 71 agi
1236 266 134 71 quam
1319 266 150 71 regi.
1420 266 117 71 agi
1486 266 134 71 enim
1570 266 184 71 dicimus
1704 266 184 71 aliquem
1838 266 150 71 quasi
1938 266 117 71 vix
2005 266 184 71 aliquid
2122 266 167 71 agentem:

493 322 145 56 regi
584 322 200 56 aliquem
729 322 218 56 dicimus:
892 322 163 56 quasi
1001 322 127 56 iam
1074 322 218 56 agentem.
1238 322 127 56 Qui
1310 322 145 56 enim
1401 322 200 56 agitur,
1546 322 163 56 agere
1655 322 200 56 aliquid
1801 322 127 56 vix
1873 322 309 56 intelligitur:
2128 322 127 56 qui
2200 322 127 56 au-

491 376 123 62 tem
562 376 211 62 regitur,
720 376 194 62 aliquid
861 376 159 62 agit:
967 376 88 62 &
1002 376 141 62 ideo
1091 376 194 62 regitur
1232 376 106 62 vt
1284 376 159 62 recte
1390 376 159 62 agat.
1496 376 194 62 Aguntur
1637 376 141 62 ergo
1725 376 123 62 non
1796 376 106 62 vt
1848 376 159 62 nihil
1954 376 176 62 agant:
2078 376 123 62 sed
2148 376 141 62 quia
2219 376 70 62 im

492 433 137 62 petu
578 433 189 62 gratiae
715 433 206 62 aguntur:
869 433 120 62 vix
938 433 154 62 tamen
1041 433 103 62 vt
1092 433 189 62 aliquid
1229 433 172 62 agant:
1350 433 86 62 &
1384 433 154 62 tamen
1487 433 137 62 bene
1573 433 154 62 agunt
1675 433 103 62 si
1727 433 86 62 a
1761 433 137 62 bono
1847 433 206 62 aguntur.
2001 433 103 62 Et
2053 433 223 62 similiter
2207 433 86 62 est

501 479 103 64 de
552 479 137 64 male
638 479 205 64 meritis:
792 479 137 64 quod
877 479 222 64 quibusdam
1048 479 171 64 eorum,
1168 479 154 64 quasi
1270 479 274 64 eufortunatis
1492 479 171 64 semper
1612 479 239 64 contingunt
1800 479 222 64 prospera:
1971 479 222 64 quibusdam
2142 479 137 64 vero
2228 479 103 64 ad

489 539 158 58 uersa
594 539 210 58 secundum
751 539 280 58 diuersitatem
979 539 280 58 demeritorum.
1206 539 140 58 Ambo
1294 539 158 58 tamen
1399 539 105 58 si
1451 539 210 58 praeuisi
1609 539 140 58 sunt
1696 539 105 58 ad
1749 539 210 58 aeternam
1906 539 193 58 poenam,
2046 539 123 58 eis
2099 539 193 58 conuertum

490 587 122 70 tur
559 587 105 70 in
612 587 175 70 malum:
734 587 140 70 quia
821 587 280 70 dissoluuntur
1049 587 105 70 in
1101 587 227 70 prosperis
1276 587 122 70 per
1346 587 245 70 elationem:
1538 587 87 70 &
1573 587 245 70 franguutur
1765 587 105 70 in
1817 587 210 70 aduersis
1975 587 122 70 per
2044 587 280 70 impatientiam

490 647 84 64 &
524 647 201 64 secundum
675 647 117 64 hoc
742 647 168 64 eisdem
859 647 185 64 tanquam
993 647 268 64 infortunatis
1211 647 168 64 semper
1329 647 235 64 contingunt
1513 647 235 64 deteriora.
1698 647 252 64 ISTAiudicia
1899 647 218 64 iustitiae
2067 647 168 64 quibus
2168 647 117 64 iuste

484 696 233 71 contingit
663 696 233 71 singulis,
842 696 90 71 &
878 696 161 71 summo
986 696 197 71 ordine,
1129 696 215 71 nihilque
1290 696 90 71 a
1326 696 197 71 fortuna
1469 696 215 71 respectu
1630 696 125 71 dei
1702 696 251 71 operantis,
1899 696 179 71 solius
2024 696 125 71 dei
2096 696 125 71 est
2150 696 143 71 cogno-

487 749 164 63 scere,
601 749 82 63 &
634 749 164 63 quibus
749 749 197 63 voluerit
896 749 213 63 reuelare.
1060 749 180 63 Propter
1192 749 131 63 quid
1274 749 180 63 dicitur
1405 749 180 63 ludicia
1536 749 115 63 tua
1601 749 180 63 abyssus
1733 749 164 63 multa.
1847 749 131 63 Quae
1929 749 164 63 semper
2044 749 131 63 vera
2126 749 131 63 sunt
2208 749 82 63 &
2224 749 66 63 re

499 801 113 68 cta
563 801 194 68 secundum
709 801 226 68 Augustinus
886 801 97 68 et
935 801 97 68 si
983 801 194 68 occulta.
1129 801 242 68 Prouidentia
1322 801 145 68 autem
1419 801 113 68 dei
1484 801 242 68 vniuersalis
1677 801 113 68 est
1742 801 129 68 illa
1823 801 129 68 quae
1904 801 113 68 est
1968 801 145 68 circa
2065 801 145 68 omnem
2146 801 145 68 creatus

489 855 144 73 ram:
579 855 90 73 &
615 855 162 73 circa
723 855 234 73 creaturam
903 855 252 73 rationalem
1101 855 216 73 continet
1263 855 108 73 in
1317 855 108 73 se
1371 855 90 73 &
1407 855 288 73 prouidentiam
1641 855 234 73 generalem
1821 855 90 73 &
1857 855 252 73 specialem:
2055 855 180 73 quibus
2163 855 126 73 proui

491 913 122 67 det
560 913 105 67 ei
613 913 209 67 secundum
769 913 139 67 quod
857 913 209 67 requirit
1014 913 174 67 natura
1136 913 192 67 speciei
1275 913 122 67 per
1345 913 279 67 prouidentiam
1571 913 244 67 generalim:
1763 913 122 67 sed
1833 913 244 67 perfectius
2025 913 209 67 secundum
2164 913 122 67 grati

501 965 109 64 am
555 965 91 64 &
592 965 182 64 merita
720 965 91 64 &
756 965 219 64 demerita
920 965 237 64 indiuidui
1103 965 128 64 per
1176 965 292 64 prouidentiam
1413 965 255 64 specialem.
1613 965 219 64 SEcundum
1777 965 128 64 iam
1850 965 164 64 dicta
1960 965 146 64 ergo
2051 965 219 64 breuiter
2215 965 109 64 ad

495 1018 248 66 quaestionem
694 1018 199 66 dicendum
843 1018 132 66 modo
926 1018 215 66 contrario
1091 1018 99 66 in
1141 1018 149 66 parte
1240 1018 132 66 quam
1323 1018 166 66 prius,
1439 1018 83 66 &
1472 1018 166 66 contra
1588 1018 314 66 determinationem
1853 1018 248 66 philosophi.
2051 1018 132 66 quod
2134 1018 132 66 bona
2200 1018 83 66 for

500 1076 124 59 tuna
578 1076 109 59 aut
640 1076 140 59 nihil
733 1076 109 59 est
795 1076 93 59 in
842 1076 155 59 rebus:
950 1076 124 59 quid
1028 1076 140 59 tamen
1121 1076 109 59 non
1183 1076 109 59 est
1245 1076 186 59 ponendum
1385 1076 186 59 secundum
1525 1076 217 59 praedicta:
1695 1076 109 59 aut
1757 1076 109 59 non
1819 1076 109 59 est
1882 1076 140 59 solum
1975 1076 155 59 natura
2083 1076 124 59 siue
2161 1076 124 59 sine
2223 1076 62 59 ra

502 1129 168 62 tione,
620 1129 134 62 siue
703 1129 117 62 cum
770 1129 201 62 ratione:
921 1129 117 62 sed
988 1129 117 62 est
1055 1129 134 62 cura
1139 1129 184 62 quaedam
1273 1129 117 62 dei
1340 1129 84 62 &
1373 1129 251 62 extrinsecum
1575 1129 184 62 aliquod
1709 1129 201 62 dirigens
1859 1129 117 62 tam
1926 1129 151 62 bonos
2027 1129 134 62 quam
2111 1129 168 62 malos.
2211 1129 84 62 Cui

500 1178 257 60 concordabant
709 1178 129 60 illi
789 1178 96 60 de
838 1178 161 60 quibus
950 1178 145 60 dicit
1047 1178 241 60 philosophus
1240 1178 177 60 secundo
1368 1178 161 60 Physi.
1481 1178 129 60 Sunt
1561 1178 161 60 quidam
1674 1178 161 60 quibus
1786 1178 177 60 videtur
1915 1178 129 60 esse
1996 1178 161 60 quidem
2108 1178 145 60 causa
2189 1178 96 60 for-

500 1233 143 64 tuna:
595 1233 222 64 immaifesta
770 1233 143 64 autem
865 1233 158 64 humano
976 1233 254 64 intellectui,
1182 1233 111 64 cum
1245 1233 174 64 diuinum
1372 1233 174 64 quiddam
1499 1233 111 64 sit
1562 1233 79 64 &
1594 1233 206 64 felicius:
1752 1233 95 64 vt
1800 1233 190 64 scilicet
1942 1233 79 64 a
1974 1233 111 64 deo
2037 1233 174 64 tanquam
2164 1233 79 64 a
2180 1233 111 64 prin-

500 1286 151 73 cipio
601 1286 151 73 primo
702 1286 185 73 motiuo,
836 1286 185 73 quantum
970 1286 101 73 ad
1020 1286 185 73 bonorum
1154 1286 252 73 temporalium
1356 1286 252 73 adeptionem:
1557 1286 101 73 in
1607 1286 168 73 quibus
1725 1286 151 73 solum
1825 1286 151 73 ponit
1926 1286 252 73 philosophus
2127 1286 151 73 bonam
2211 1286 84 73 for

496 1338 171 65 tunam:
616 1338 120 65 tam
684 1338 103 65 in
735 1338 137 65 his,
821 1338 137 65 quam
906 1338 103 65 in
958 1338 154 65 illis
1060 1338 256 65 inueniantur
1265 1338 256 65 eufortunati
1470 1338 85 65 &
1505 1338 274 65 infortunati:
1727 1338 120 65 sed
1795 1338 120 65 non
1864 1338 188 65 propter
2000 1338 188 65 naturam
2120 1338 171 65 principa

507 1396 151 67 liter:
613 1396 91 67 vt
658 1396 151 67 dictum
763 1396 121 67 est:
839 1396 106 67 sed
899 1396 166 67 quantum
1020 1396 106 67 est
1080 1396 91 67 ex
1125 1396 136 67 parte
1216 1396 121 67 nia,
1291 1396 166 67 propter
1412 1396 166 67 merita,
1533 1396 75 67 &
1563 1396 196 67 demerita.
1714 1396 75 67 &
1744 1396 106 67 hoc
1804 1396 166 67 propter
1925 1396 226 67 dilectionem
2106 1396 106 67 dei
2166 1396 121 67 erga
2227 1396 60 67 bo

499 1446 138 57 nos:
585 1446 138 57 erga
671 1446 155 57 malos
775 1446 155 57 autem
879 1446 121 57 non
948 1446 190 57 propter
1086 1446 259 57 dilectionem
1293 1446 121 57 sed
1362 1446 190 57 propter
1500 1446 155 57 odium
1604 1446 173 57 magis.
1724 1446 155 57 Summa
1828 1446 138 57 enim
1914 1446 121 57 ira
1983 1446 121 57 dei
2052 1446 121 57 est
2121 1446 155 57 malos
2225 1446 104 57 in

508 1499 224 67 praesenti
680 1499 258 67 prosperari,
886 1499 206 67 secundum
1041 1499 258 67 Augustinum.
1247 1499 103 67 Si
1299 1499 138 67 vero
1385 1499 155 67 bonam
1488 1499 206 67 fortunam
1643 1499 189 67 dicamus
1780 1499 120 67 quo
1849 1499 103 67 ad
1901 1499 241 67 adeptionem
2090 1499 189 67 bonorum
2210 1499 86 67 sim

509 1566 206 55 pliciter:
668 1566 95 55 in
715 1566 159 55 quibus
827 1566 159 55 ponunt
938 1566 143 55 bonam
1033 1566 190 55 fortunam
1176 1566 127 55 illi
1255 1566 111 55 qui
1319 1566 159 55 ponunt
1430 1566 238 55 felicitatem
1620 1566 127 55 esse
1700 1566 143 55 bonam
1795 1566 206 55 fortunam:
1954 1566 95 55 vt
2001 1566 175 55 quendam
2112 1566 175 55 effectum:

502 1608 286 70 quemadmodum
731 1608 172 70 bonum
845 1608 248 70 fortuitum
1036 1608 267 70 appellamus
1245 1608 172 70 bonam
1360 1608 229 70 fortunam
1531 1608 114 70 vt
1589 1608 210 70 habitum
1741 1608 133 70 est
1817 1608 191 70 supra:
1951 1608 229 70 secundum
2122 1608 153 70 quod
2199 1608 95 70 eti

510 1660 89 60 am
555 1660 89 60 de
599 1660 104 60 hoc
658 1660 119 60 modo
732 1660 178 60 fortunae
866 1660 222 60 philosophus
1044 1660 163 60 loquens
1162 1660 163 60 secundo
1281 1660 148 60 Physi.
1384 1660 148 60 dicit.
1488 1660 163 60 Videtur
1607 1660 119 60 idem
1681 1660 119 60 esse
1755 1660 207 60 felicitati
1918 1660 104 60 aut
1977 1660 148 60 prope.
2081 1660 193 60 felicitas
2214 1660 89 60 enim

509 1717 173 54 eupraxia
639 1717 116 54 est.
711 1717 101 54 vbi
768 1717 130 54 dicit
855 1717 159 54 commen.
971 1717 130 54 Nihil
1057 1717 116 54 enim
1129 1717 159 54 aliquae
1245 1717 116 54 est,
1317 1717 116 54 quam
1389 1717 173 54 actiones
1519 1717 144 54 finium
1620 1717 231 54 laudabilium.
1808 1717 101 54 sic
1866 1717 130 54 omnes
1952 1717 116 54 boni
2025 1717 245 54 praedestinati
2212 1717 87 54 sunt

500 1768 259 67 eufortunati:
710 1768 81 67 &
742 1768 145 67 omnes
839 1768 129 67 mali
920 1768 194 67 praeuisi
1066 1768 259 67 infortunati,
1276 1768 145 67 quasi
1373 1768 178 67 fortuna
1502 1768 81 67 &
1534 1768 145 67 forte
1631 1768 162 67 quadam
1744 1768 145 67 dante
1841 1768 145 67 illis
1938 1768 259 67 damnationem:
2149 1768 97 67 eo
2197 1768 129 67 quod

504 1819 147 70 illis
602 1819 147 70 quasi
700 1819 163 70 absque
814 1819 212 70 proposito
977 1819 245 70 superuenit:
1173 1819 98 70 eo
1222 1819 131 70 quod
1304 1819 131 70 quae
1385 1819 82 70 &
1418 1819 163 70 quanta
1532 1819 114 70 sit
1597 1819 294 70 praecognoscere
1842 1819 114 70 non
1908 1819 196 70 possunt,
2054 1819 82 70 &
2087 1819 131 70 boni
2152 1819 131 70 actio-

500 1884 95 57 ne
548 1884 111 57 sua
611 1884 95 57 ad
659 1884 143 57 illam
754 1884 111 57 non
817 1884 238 57 perueniunt:
1007 1884 111 57 sed
1070 1884 111 57 per
1134 1884 174 57 diuinam
1260 1884 206 57 actionem:
1419 1884 238 57 quemadmodum
1609 1884 143 57 nauis
1704 1884 127 57 male
1783 1884 222 57 regibilis,
1957 1884 158 57 melius
2068 1884 222 57 frequenter
2227 1884 63 57 na

497 1931 161 56 uigat
604 1931 125 56 non
676 1931 197 56 propter
819 1931 214 56 seipsam:
980 1931 125 56 sed
1051 1931 197 56 propter
1194 1931 286 56 gubernatorem
1426 1931 179 56 bonum.
1551 1931 125 56 Per
1623 1931 161 56 dicta
1730 1931 161 56 patet
1837 1931 143 56 quid
1927 1931 214 56 dicendum
2087 1931 125 56 est
2159 1931 107 56 ad
2213 1931 107 56 ar

501 1980 203 75 gumenta
648 1980 240 75 vtriusque
815 1980 166 75 partis.

834 2031 201 65 Equuntur
985 2031 251 65 pertinentia
1186 2031 100 65 ad
1236 2031 184 65 habitus
1370 2031 184 65 animae.
1504 2031 100 65 Et
1554 2031 151 65 erant
1654 2031 151 65 tria.
1755 2031 167 65 Quorum
1872 2031 167 65 primum
1989 2031 134 65 erat
2072 2031 100 65 de
2123 2031 167 65 quodam
2223 2031 67 65 ha

838 2090 122 50 bitu
914 2090 213 50 disponente
1081 2090 91 50 ad
1127 2090 182 50 virtute.
1263 2090 182 50 scilicet
1400 2090 91 50 de
1446 2090 182 50 iustitia
1583 2090 213 50 originali.
1750 2090 137 50 Vtrum
1841 2090 182 50 iustitia
1978 2090 213 50 originalis
2145 2090 182 50 includat

838 2143 107 58 in
892 2143 107 58 se
945 2143 196 58 aliquod
1087 2143 160 58 bonum
1194 2143 214 58 infusum.
1354 2143 214 58 Secundum
1515 2143 142 58 erat
1604 2143 107 58 de
1657 2143 160 58 ipsis
1764 2143 231 58 habitibus
1942 2143 231 58 virtutum.
2120 2143 160 58 Vtrum
2209 2143 89 58 cum

812 2196 240 69 Avirtutibus
1004 2196 224 69 acquisitis
1180 2196 240 69 necessarium
1373 2196 112 69 sit
1437 2196 160 69 ponere
1549 2196 144 69 alias
1645 2196 176 69 infusas
1773 2196 112 69 eis
1837 2196 272 69 respondentes.
2062 2196 176 69 Tertium
2174 2196 112 69 vtrum

791 2254 170 60 status
910 2254 238 60 virginalis
1098 2254 119 60 sit
1166 2254 153 60 super
1268 2254 256 60 coniugalem,
1472 2254 102 60 an
1523 2254 238 60 econverso.
1711 2254 153 60 ClRca
1813 2254 170 60 primum
1932 2254 204 60 arguitur
2086 2254 136 60 quod
2154 2254 136 60 origi-

788 2294 157 82 nalis
892 2294 210 82 iustitia
1049 2294 122 82 non
1119 2294 244 82 includebat
1311 2294 175 82 donum:
1434 2294 192 82 quoniam
1573 2294 157 82 nulla
1678 2294 157 82 poena
1783 2294 192 82 debetur
1922 2294 175 82 homini
2045 2294 140 82 sine
2114 2294 175 82 peccato.

793 2359 148 72 mors,
891 2359 164 72 carnis
1006 2359 213 72 rebellio,
1170 2359 82 72 &
1203 2359 213 72 huiusmodi
1367 2359 164 72 poenae
1481 2359 148 72 sunt:
1580 2359 131 72 ergo
1662 2359 115 72 non
1727 2359 197 72 fuissent
1875 2359 98 72 in
1924 2359 164 72 homine
2039 2359 131 72 ante
2105 2359 180 72 peccatum:

504 2403 109 69 sed
566 2403 93 69 in
612 2403 140 69 puris
705 2403 233 69 naturalibus
891 2403 171 69 fuisset
1015 2403 124 69 fine
1093 2403 171 69 peccato
1217 2403 124 69 ergo
1294 2403 140 69 stans
1387 2403 93 69 in
1434 2403 140 69 puris
1527 2403 233 69 naturalibus
1713 2403 124 69 mori
1790 2403 109 69 non
1852 2403 171 69 potuit:
1976 2403 140 69 neque
2069 2403 124 69 pati
2131 2403 155 69 rebellio

508 2463 122 70 nem.
584 2463 122 70 ista
660 2463 137 70 erant
751 2463 183 70 effectus
889 2463 213 70 originalis
1056 2463 213 70 iustitiae.
1224 2463 122 70 erat
1300 2463 122 70 ergo
1376 2463 91 70 in
1422 2463 137 70 puris
1513 2463 228 70 naturalibus
1696 2463 76 70 &
1726 2463 122 70 sine
1803 2463 137 70 dono.
1894 2463 168 70 Contra.
2016 2463 213 70 compositum
2183 2463 91 70 ex
2214 2463 76 70 con

507 2524 171 63 trariis
632 2524 93 63 ex
679 2524 93 63 se
725 2524 109 63 est
788 2524 249 63 corruptibile
990 2524 78 63 &
1021 2524 171 63 necesse
1146 2524 109 63 est
1208 2524 202 63 corrumpi.
1364 2524 125 63 homo
1442 2524 93 63 in
1489 2524 140 63 puris
1582 2524 234 63 naturalibus
1769 2524 265 63 corruptibilis
1987 2524 140 63 erat:
2081 2524 125 63 quia
2158 2524 93 63 ex
2190 2524 93 63 con-

501 2573 179 67 trariis
631 2573 130 67 erat
712 2573 244 67 compositus.
908 2573 130 67 ergo
989 2573 130 67 erat
1070 2573 293 67 corruptibilis,
1314 2573 81 67 &
1347 2573 179 67 necesse
1477 2573 163 67 habuit
1591 2573 130 67 mori
1673 2573 81 67 &
1705 2573 212 67 corrumpi.
1868 2573 114 67 sed
1933 2573 98 67 ex
1982 2573 212 67 originali
2128 2573 163 67 iustitia

508 2628 158 66 potuit
619 2628 110 66 non
682 2628 142 66 mori.
776 2628 126 66 ergo
855 2628 126 66 erat
934 2628 174 66 aliquid
1060 2628 300 66 supnaturaliter,
1313 2628 79 66 &
1344 2628 110 66 hoc
1408 2628 110 66 non
1471 2628 126 66 nisi
1549 2628 142 66 donum
1644 2628 189 66 infusum.
1786 2628 126 66 ergo
1865 2628 110 66 &c.
1928 2628 189 66 Quaestio
2070 2628 126 66 ista
2149 2628 174 66 quaerit

509 2683 87 62 de
553 2683 218 62 significato
727 2683 160 62 nominis
843 2683 116 62 quid
916 2683 87 62 re
959 2683 160 62 dicatur
1076 2683 203 62 originalis
1235 2683 189 62 iustitia:
1380 2683 87 62 a.
1424 2683 174 62 scilicet
1555 2683 145 62 aliqua
1656 2683 189 62 naturalis
1801 2683 189 62 rectitudo
1947 2683 218 62 voluntatis,
2121 2683 87 62 in
2164 2683 102 62 qua
2208 2683 87 62 crea

503 2739 86 66 ta
546 2739 114 66 fuit
617 2739 128 66 anima
702 2739 171 66 hominis:
831 2739 100 66 vel
888 2739 157 66 aliquid
1002 2739 128 66 donum
1088 2739 157 66 infusum
1202 2739 200 66 voluntati.
1359 2739 86 66 Et
1402 2739 100 66 est
1459 2739 171 66 sciendum
1587 2739 100 66 hic
1644 2739 86 66 in
1687 2739 200 66 principio,
1844 2739 114 66 quod
1915 2739 128 66 licet
2001 2739 200 66 originalis
2143 2739 143 66 iustitia

506 2797 165 61 vocetur
626 2797 135 61 donum
716 2797 135 61 istud
807 2797 120 61 siue
882 2797 180 61 includat
1017 2797 135 61 ipsum
1107 2797 150 61 donum:
1213 2797 180 61 essentia
1348 2797 135 61 tamen
1438 2797 120 61 doni
1513 2797 105 61 est
1573 2797 165 61 aliquid
1694 2797 90 61 re
1739 2797 120 61 supe
1814 2797 195 61 essentiam
1964 2797 165 61 naturae
2085 2797 90 61 in
2130 2797 120 61 ipsa
2190 2797 105 61 volum

509 2843 122 56 tate:
591 2843 68 56 &
618 2843 149 56 aliquae
726 2843 81 56 re
767 2843 81 56 ab
808 2843 95 56 ea:
862 2843 68 56 &
889 2843 95 56 hoc
943 2843 108 56 siue
1011 2843 108 56 ipsa
1079 2843 163 56 potentia
1201 2843 108 56 quae
1268 2843 163 56 voluntas
1390 2843 108 56 diei
1458 2843 95 56 sit
1512 2843 81 56 re
1553 2843 95 56 non
1607 2843 122 56 aliud
1689 2843 108 56 quam
1756 2843 190 56 substantia
1905 2843 149 56 animae:
2014 2843 108 56 siue
2082 2843 95 56 sit
2136 2843 149 56 aliquid
2231 2843 54 56 ac

506 2896 147 66 cidens
609 2896 220 66 naturaliter
785 2896 117 66 sibi
859 2896 176 66 inditum,
991 2896 176 66 quamquam
1123 2896 117 66 ergo
1196 2896 176 66 voluntas
1329 2896 162 66 nunquam
1446 2896 162 66 fuisset
1564 2896 117 66 sine
1637 2896 117 66 illo
1710 2896 132 66 dono:
1798 2896 206 66 intellectu
1960 2896 132 66 tamen
2048 2896 162 66 concipi
2151 2896 132 66 poterat

503 2950 107 70 ipsa
570 2950 161 70 voluntas
691 2950 107 70 fine
758 2950 121 70 illo.
838 2950 67 70 &
865 2950 81 70 vt
906 2950 94 70 sic
959 2950 201 70 considerata
1120 2950 94 70 cum
1174 2950 94 70 sit
1228 2950 107 70 fine
1295 2950 107 70 omni
1362 2950 148 70 peccato
1470 2950 81 70 in
1510 2950 107 70 pura
1577 2950 201 70 innocentia:
1738 2950 94 70 non
1792 2950 134 70 potest
1886 2950 107 70 esse
1953 2950 81 70 in
1994 2950 81 70 ea
2034 2950 148 70 aliquam
2128 2950 161 70 obliquatio

508 3003 189 58 vitiosa,
650 3003 142 58 neque
745 3003 205 58 contraria
902 3003 126 58 bono
981 3003 158 58 moris,
1091 3003 142 58 neque
1186 3003 205 58 contraria
1343 3003 126 58 bono
1422 3003 189 58 naturae.
1564 3003 126 58 Fuit
1642 3003 126 58 ergo
1721 3003 173 58 aliquid
1847 3003 126 58 quod
1926 3003 110 58 non
1989 3003 126 58 erat
2068 3003 142 58 illud
2162 3003 158 58 donum:

502 3056 209 51 rectitude
663 3056 193 51 scilicet
807 3056 177 51 quaedam
936 3056 209 51 naturalis
1096 3056 96 51 re
1144 3056 129 51 alia
1225 3056 80 51 a
1257 3056 241 51 rectitudine
1450 3056 161 51 habita
1562 3056 112 51 per
1626 3056 145 51 illud
1723 3056 161 51 donum:
1835 3056 96 51 si
1883 3056 145 51 tamen
1980 3056 129 51 alia
2060 3056 112 51 sit
2108 3056 177 51 rectitudo

500 3105 76 88 &
530 3105 107 88 non
591 3105 137 88 eadem
683 3105 107 88 per
744 3105 137 88 illud
836 3105 137 88 donum
927 3105 153 88 contra
1034 3105 275 88 obliquaitionem
1264 3105 137 88 magis
1355 3105 199 88 roborata.
1508 3105 199 88 rectitudo
1661 3105 137 88 autem
1752 3105 92 88 in
1798 3105 199 88 voluntate
1951 3105 107 88 non
2012 3105 107 88 sic
2073 3105 107 88 est
2119 3105 168 88 naturalis
