<?xml version="1.0" encoding="UTF-8"?>
<alto xmlns:xsi="http://www.w3.org/2001/XMLSchema-instance"
      xmlns="http://www.loc.gov/standards/alto/ns-v2#"
      xmlns:page="http://schema.primaresearch.org/PAGE/gts/pagecontent/2013-07-15"
      xsi:schemaLocation="http://www.loc.gov/standards/alto/ns-v2# http://www.loc.gov/standards/alto/alto.xsd">
   <Description>
      <MeasurementUnit>pixel</MeasurementUnit>
      <OCRProcessing ID="IdOcr">
         <ocrProcessingStep>
            <processingDateTime>2020-04-22T20:10:52.815-04:00</processingDateTime>
            <processingSoftware>
               <softwareCreator>READ COOP</softwareCreator>
               <softwareName>Transkribus</softwareName>
            </processingSoftware>
         </ocrProcessingStep>
      </OCRProcessing>
   </Description>
   <Layout>
      <Page ID="Page1" PHYSICAL_IMG_NR="1" HEIGHT="3725" WIDTH="2456">
         <TopMargin HEIGHT="0" WIDTH="2456" VPOS="0" HPOS="0"/>
         <LeftMargin HEIGHT="3725" WIDTH="0" VPOS="0" HPOS="0"/>
         <RightMargin HEIGHT="3725" WIDTH="0" VPOS="0" HPOS="2456"/>
         <BottomMargin HEIGHT="0" WIDTH="2456" VPOS="3725" HPOS="0"/>
         <PrintSpace HEIGHT="3725" WIDTH="2456" VPOS="0" HPOS="0">
            <TextBlock ID="TextRegion_1582590109481_1112"
                       HEIGHT="2930"
                       WIDTH="1800"
                       VPOS="286"
                       HPOS="538">
               <Shape>
                  <Polygon POINTS="538,286 2325,286 2338,3216 538,3207"/>
               </Shape>
               <TextLine ID="r1l2"
                         BASELINE="353"
                         HEIGHT="90"
                         WIDTH="1800"
                         VPOS="263"
                         HPOS="527">
                  <String HEIGHT="90"
                          WIDTH="189"
                          VPOS="263"
                          HPOS="513"
                          CONTENT="iustitias."/>
                  <SP HEIGHT="90" WIDTH="14" VPOS="263" HPOS="703"/>
                  <String HEIGHT="90"
                          WIDTH="162"
                          VPOS="263"
                          HPOS="662"
                          CONTENT="scilicet"/>
                  <SP HEIGHT="90" WIDTH="14" VPOS="263" HPOS="825"/>
                  <String HEIGHT="90" WIDTH="95" VPOS="263" HPOS="784" CONTENT="vel"/>
                  <SP HEIGHT="90" WIDTH="14" VPOS="263" HPOS="879"/>
                  <String HEIGHT="90"
                          WIDTH="108"
                          VPOS="263"
                          HPOS="838"
                          CONTENT="pure"/>
                  <SP HEIGHT="90" WIDTH="14" VPOS="263" HPOS="947"/>
                  <String HEIGHT="90"
                          WIDTH="189"
                          VPOS="263"
                          HPOS="906"
                          CONTENT="naturalem,"/>
                  <SP HEIGHT="90" WIDTH="14" VPOS="263" HPOS="1095"/>
                  <String HEIGHT="90" WIDTH="95" VPOS="263" HPOS="1055" CONTENT="vel"/>
                  <SP HEIGHT="90" WIDTH="14" VPOS="263" HPOS="1150"/>
                  <String HEIGHT="90" WIDTH="95" VPOS="263" HPOS="1109" CONTENT="per"/>
                  <SP HEIGHT="90" WIDTH="14" VPOS="263" HPOS="1204"/>
                  <String HEIGHT="90"
                          WIDTH="122"
                          VPOS="263"
                          HPOS="1163"
                          CONTENT="donum"/>
                  <SP HEIGHT="90" WIDTH="14" VPOS="263" HPOS="1285"/>
                  <String HEIGHT="90"
                          WIDTH="162"
                          VPOS="263"
                          HPOS="1244"
                          CONTENT="habitam:"/>
                  <SP HEIGHT="90" WIDTH="14" VPOS="263" HPOS="1407"/>
                  <String HEIGHT="90" WIDTH="95" VPOS="263" HPOS="1366" CONTENT="vel"/>
                  <SP HEIGHT="90" WIDTH="14" VPOS="263" HPOS="1461"/>
                  <String HEIGHT="90" WIDTH="81" VPOS="263" HPOS="1420" CONTENT="ad"/>
                  <SP HEIGHT="90" WIDTH="14" VPOS="263" HPOS="1501"/>
                  <String HEIGHT="90"
                          WIDTH="162"
                          VPOS="263"
                          HPOS="1461"
                          CONTENT="diuersa:"/>
                  <SP HEIGHT="90" WIDTH="14" VPOS="263" HPOS="1623"/>
                  <String HEIGHT="90" WIDTH="95" VPOS="263" HPOS="1583" CONTENT="vn."/>
                  <SP HEIGHT="90" WIDTH="14" VPOS="263" HPOS="1677"/>
                  <String HEIGHT="90"
                          WIDTH="162"
                          VPOS="263"
                          HPOS="1637"
                          CONTENT="scilicet"/>
                  <SP HEIGHT="90" WIDTH="14" VPOS="263" HPOS="1799"/>
                  <String HEIGHT="90" WIDTH="81" VPOS="263" HPOS="1759" CONTENT="ad"/>
                  <SP HEIGHT="90" WIDTH="14" VPOS="263" HPOS="1840"/>
                  <String HEIGHT="90"
                          WIDTH="108"
                          VPOS="263"
                          HPOS="1799"
                          CONTENT="vnam"/>
                  <SP HEIGHT="90" WIDTH="14" VPOS="263" HPOS="1907"/>
                  <String HEIGHT="90" WIDTH="68" VPOS="263" HPOS="1867" CONTENT="&amp;"/>
                  <SP HEIGHT="90" WIDTH="14" VPOS="263" HPOS="1935"/>
                  <String HEIGHT="90"
                          WIDTH="108"
                          VPOS="263"
                          HPOS="1894"
                          CONTENT="alia"/>
                  <SP HEIGHT="90" WIDTH="14" VPOS="263" HPOS="2002"/>
                  <String HEIGHT="90" WIDTH="81" VPOS="263" HPOS="1962" CONTENT="ad"/>
                  <SP HEIGHT="90" WIDTH="14" VPOS="263" HPOS="2043"/>
                  <String HEIGHT="90"
                          WIDTH="135"
                          VPOS="263"
                          HPOS="2002"
                          CONTENT="aliam."/>
                  <SP HEIGHT="90" WIDTH="14" VPOS="263" HPOS="2138"/>
                  <String HEIGHT="90" WIDTH="81" VPOS="263" HPOS="2097" CONTENT="Si"/>
                  <SP HEIGHT="90" WIDTH="14" VPOS="263" HPOS="2178"/>
                  <String HEIGHT="90" WIDTH="81" VPOS="263" HPOS="2138" CONTENT="ad"/>
                  <SP HEIGHT="90" WIDTH="14" VPOS="263" HPOS="2219"/>
                  <String HEIGHT="90"
                          WIDTH="149"
                          VPOS="263"
                          HPOS="2178"
                          CONTENT="eandem,"/>
                  <SP HEIGHT="90" WIDTH="14" VPOS="263" HPOS="2327"/>
                  <String HEIGHT="90" WIDTH="54" VPOS="263" HPOS="2273" CONTENT="pu"/>
               </TextLine>
               <TextLine ID="r1l3"
                         BASELINE="416"
                         HEIGHT="71"
                         WIDTH="1794"
                         VPOS="345"
                         HPOS="531">
                  <String HEIGHT="71" WIDTH="90" VPOS="345" HPOS="516" CONTENT="ta"/>
                  <SP HEIGHT="71" WIDTH="15" VPOS="345" HPOS="606"/>
                  <String HEIGHT="71" WIDTH="90" VPOS="345" HPOS="561" CONTENT="ad"/>
                  <SP HEIGHT="71" WIDTH="15" VPOS="345" HPOS="652"/>
                  <String HEIGHT="71"
                          WIDTH="136"
                          VPOS="345"
                          HPOS="606"
                          CONTENT="illam"/>
                  <SP HEIGHT="71" WIDTH="15" VPOS="345" HPOS="742"/>
                  <String HEIGHT="71"
                          WIDTH="121"
                          VPOS="345"
                          HPOS="697"
                          CONTENT="quae"/>
                  <SP HEIGHT="71" WIDTH="15" VPOS="345" HPOS="817"/>
                  <String HEIGHT="71"
                          WIDTH="166"
                          VPOS="345"
                          HPOS="772"
                          CONTENT="habetur"/>
                  <SP HEIGHT="71" WIDTH="15" VPOS="345" HPOS="938"/>
                  <String HEIGHT="71" WIDTH="106" VPOS="345" HPOS="893" CONTENT="per"/>
                  <SP HEIGHT="71" WIDTH="15" VPOS="345" HPOS="998"/>
                  <String HEIGHT="71"
                          WIDTH="151"
                          VPOS="345"
                          HPOS="953"
                          CONTENT="donum:"/>
                  <SP HEIGHT="71" WIDTH="15" VPOS="345" HPOS="1104"/>
                  <String HEIGHT="71"
                          WIDTH="121"
                          VPOS="345"
                          HPOS="1059"
                          CONTENT="tunc"/>
                  <SP HEIGHT="71" WIDTH="15" VPOS="345" HPOS="1179"/>
                  <String HEIGHT="71"
                          WIDTH="151"
                          VPOS="345"
                          HPOS="1134"
                          CONTENT="quaero"/>
                  <SP HEIGHT="71" WIDTH="15" VPOS="345" HPOS="1285"/>
                  <String HEIGHT="71"
                          WIDTH="166"
                          VPOS="345"
                          HPOS="1240"
                          CONTENT="quomodo"/>
                  <SP HEIGHT="71" WIDTH="15" VPOS="345" HPOS="1405"/>
                  <String HEIGHT="71"
                          WIDTH="181"
                          VPOS="345"
                          HPOS="1360"
                          CONTENT="auxilium"/>
                  <SP HEIGHT="71" WIDTH="15" VPOS="345" HPOS="1541"/>
                  <String HEIGHT="71"
                          WIDTH="166"
                          VPOS="345"
                          HPOS="1496"
                          CONTENT="diuinum"/>
                  <SP HEIGHT="71" WIDTH="15" VPOS="345" HPOS="1662"/>
                  <String HEIGHT="71"
                          WIDTH="196"
                          VPOS="345"
                          HPOS="1616"
                          CONTENT="praebetur"/>
                  <SP HEIGHT="71" WIDTH="15" VPOS="345" HPOS="1812"/>
                  <String HEIGHT="71" WIDTH="90" VPOS="345" HPOS="1767" CONTENT="ad"/>
                  <SP HEIGHT="71" WIDTH="15" VPOS="345" HPOS="1858"/>
                  <String HEIGHT="71"
                          WIDTH="136"
                          VPOS="345"
                          HPOS="1812"
                          CONTENT="illam"/>
                  <SP HEIGHT="71" WIDTH="15" VPOS="345" HPOS="1948"/>
                  <String HEIGHT="71"
                          WIDTH="256"
                          VPOS="345"
                          HPOS="1903"
                          CONTENT="conseruandam,"/>
                  <SP HEIGHT="71" WIDTH="15" VPOS="345" HPOS="2159"/>
                  <String HEIGHT="71"
                          WIDTH="106"
                          VPOS="345"
                          HPOS="2114"
                          CONTENT="vel"/>
                  <SP HEIGHT="71" WIDTH="15" VPOS="345" HPOS="2219"/>
                  <String HEIGHT="71"
                          WIDTH="181"
                          VPOS="345"
                          HPOS="2174"
                          CONTENT="habendam"/>
                  <SP HEIGHT="71" WIDTH="15" VPOS="345" HPOS="2355"/>
                  <String HEIGHT="71" WIDTH="30" VPOS="345" HPOS="2295" CONTENT=""/>
               </TextLine>
               <TextLine ID="r1l4"
                         BASELINE="460"
                         HEIGHT="59"
                         WIDTH="1791"
                         VPOS="401"
                         HPOS="527">
                  <String HEIGHT="59" WIDTH="103" VPOS="401" HPOS="512" CONTENT="Aut"/>
                  <SP HEIGHT="59" WIDTH="15" VPOS="401" HPOS="615"/>
                  <String HEIGHT="59"
                          WIDTH="117"
                          VPOS="401"
                          HPOS="571"
                          CONTENT="idem"/>
                  <SP HEIGHT="59" WIDTH="15" VPOS="401" HPOS="688"/>
                  <String HEIGHT="59"
                          WIDTH="117"
                          VPOS="401"
                          HPOS="644"
                          CONTENT="quid"/>
                  <SP HEIGHT="59" WIDTH="15" VPOS="401" HPOS="762"/>
                  <String HEIGHT="59"
                          WIDTH="132"
                          VPOS="401"
                          HPOS="718"
                          CONTENT="ipsum"/>
                  <SP HEIGHT="59" WIDTH="15" VPOS="401" HPOS="850"/>
                  <String HEIGHT="59"
                          WIDTH="117"
                          VPOS="401"
                          HPOS="806"
                          CONTENT="est,"/>
                  <SP HEIGHT="59" WIDTH="15" VPOS="401" HPOS="923"/>
                  <String HEIGHT="59" WIDTH="103" VPOS="401" HPOS="879" CONTENT="aut"/>
                  <SP HEIGHT="59" WIDTH="15" VPOS="401" HPOS="982"/>
                  <String HEIGHT="59"
                          WIDTH="147"
                          VPOS="401"
                          HPOS="938"
                          CONTENT="aliud:"/>
                  <SP HEIGHT="59" WIDTH="15" VPOS="401" HPOS="1085"/>
                  <String HEIGHT="59"
                          WIDTH="103"
                          VPOS="401"
                          HPOS="1041"
                          CONTENT="cum"/>
                  <SP HEIGHT="59" WIDTH="15" VPOS="401" HPOS="1144"/>
                  <String HEIGHT="59"
                          WIDTH="132"
                          VPOS="401"
                          HPOS="1100"
                          CONTENT="aliud"/>
                  <SP HEIGHT="59" WIDTH="15" VPOS="401" HPOS="1232"/>
                  <String HEIGHT="59"
                          WIDTH="161"
                          VPOS="401"
                          HPOS="1188"
                          CONTENT="praeter"/>
                  <SP HEIGHT="59" WIDTH="15" VPOS="401" HPOS="1349"/>
                  <String HEIGHT="59"
                          WIDTH="132"
                          VPOS="401"
                          HPOS="1305"
                          CONTENT="donum"/>
                  <SP HEIGHT="59" WIDTH="15" VPOS="401" HPOS="1437"/>
                  <String HEIGHT="59"
                          WIDTH="147"
                          VPOS="401"
                          HPOS="1393"
                          CONTENT="gratis"/>
                  <SP HEIGHT="59" WIDTH="15" VPOS="401" HPOS="1540"/>
                  <String HEIGHT="59"
                          WIDTH="132"
                          VPOS="401"
                          HPOS="1496"
                          CONTENT="datum"/>
                  <SP HEIGHT="59" WIDTH="15" VPOS="401" HPOS="1628"/>
                  <String HEIGHT="59"
                          WIDTH="103"
                          VPOS="401"
                          HPOS="1584"
                          CONTENT="non"/>
                  <SP HEIGHT="59" WIDTH="15" VPOS="401" HPOS="1687"/>
                  <String HEIGHT="59"
                          WIDTH="103"
                          VPOS="401"
                          HPOS="1643"
                          CONTENT="sit"/>
                  <SP HEIGHT="59" WIDTH="15" VPOS="401" HPOS="1745"/>
                  <String HEIGHT="59"
                          WIDTH="117"
                          VPOS="401"
                          HPOS="1701"
                          CONTENT="nisi"/>
                  <SP HEIGHT="59" WIDTH="15" VPOS="401" HPOS="1819"/>
                  <String HEIGHT="59"
                          WIDTH="132"
                          VPOS="401"
                          HPOS="1775"
                          CONTENT="donum"/>
                  <SP HEIGHT="59" WIDTH="15" VPOS="401" HPOS="1907"/>
                  <String HEIGHT="59"
                          WIDTH="147"
                          VPOS="401"
                          HPOS="1863"
                          CONTENT="gratum"/>
                  <SP HEIGHT="59" WIDTH="15" VPOS="401" HPOS="2010"/>
                  <String HEIGHT="59"
                          WIDTH="176"
                          VPOS="401"
                          HPOS="1966"
                          CONTENT="faciens."/>
                  <SP HEIGHT="59" WIDTH="15" VPOS="401" HPOS="2142"/>
                  <String HEIGHT="59"
                          WIDTH="117"
                          VPOS="401"
                          HPOS="2098"
                          CONTENT="Sine"/>
                  <SP HEIGHT="59" WIDTH="15" VPOS="401" HPOS="2215"/>
                  <String HEIGHT="59"
                          WIDTH="103"
                          VPOS="401"
                          HPOS="2171"
                          CONTENT="deo"/>
                  <SP HEIGHT="59" WIDTH="15" VPOS="401" HPOS="2274"/>
                  <String HEIGHT="59"
                          WIDTH="117"
                          VPOS="401"
                          HPOS="2230"
                          CONTENT="ergo"/>
                  <SP HEIGHT="59" WIDTH="15" VPOS="401" HPOS="2347"/>
                  <String HEIGHT="59" WIDTH="29" VPOS="401" HPOS="2289" CONTENT=""/>
               </TextLine>
               <TextLine ID="r1l5"
                         BASELINE="525"
                         HEIGHT="71"
                         WIDTH="1796"
                         VPOS="454"
                         HPOS="528">
                  <String HEIGHT="71"
                          WIDTH="166"
                          VPOS="454"
                          HPOS="511"
                          CONTENT="gratum"/>
                  <SP HEIGHT="71" WIDTH="17" VPOS="454" HPOS="678"/>
                  <String HEIGHT="71"
                          WIDTH="216"
                          VPOS="454"
                          HPOS="628"
                          CONTENT="faciente:"/>
                  <SP HEIGHT="71" WIDTH="17" VPOS="454" HPOS="844"/>
                  <String HEIGHT="71" WIDTH="100" VPOS="454" HPOS="794" CONTENT="de"/>
                  <SP HEIGHT="71" WIDTH="17" VPOS="454" HPOS="894"/>
                  <String HEIGHT="71"
                          WIDTH="150"
                          VPOS="454"
                          HPOS="844"
                          CONTENT="quali"/>
                  <SP HEIGHT="71" WIDTH="17" VPOS="454" HPOS="994"/>
                  <String HEIGHT="71"
                          WIDTH="150"
                          VPOS="454"
                          HPOS="944"
                          CONTENT="etiam"/>
                  <SP HEIGHT="71" WIDTH="17" VPOS="454" HPOS="1093"/>
                  <String HEIGHT="71"
                          WIDTH="216"
                          VPOS="454"
                          HPOS="1044"
                          CONTENT="adiutorio"/>
                  <SP HEIGHT="71" WIDTH="17" VPOS="454" HPOS="1260"/>
                  <String HEIGHT="71"
                          WIDTH="200"
                          VPOS="454"
                          HPOS="1210"
                          CONTENT="loquitur"/>
                  <SP HEIGHT="71" WIDTH="17" VPOS="454" HPOS="1409"/>
                  <String HEIGHT="71"
                          WIDTH="200"
                          VPOS="454"
                          HPOS="1359"
                          CONTENT="Magister"/>
                  <SP HEIGHT="71" WIDTH="17" VPOS="454" HPOS="1559"/>
                  <String HEIGHT="71"
                          WIDTH="150"
                          VPOS="454"
                          HPOS="1509"
                          CONTENT="sent,"/>
                  <SP HEIGHT="71" WIDTH="17" VPOS="454" HPOS="1659"/>
                  <String HEIGHT="71"
                          WIDTH="133"
                          VPOS="454"
                          HPOS="1609"
                          CONTENT="quod"/>
                  <SP HEIGHT="71" WIDTH="17" VPOS="454" HPOS="1742"/>
                  <String HEIGHT="71"
                          WIDTH="200"
                          VPOS="454"
                          HPOS="1692"
                          CONTENT="appellat"/>
                  <SP HEIGHT="71" WIDTH="17" VPOS="454" HPOS="1892"/>
                  <String HEIGHT="71"
                          WIDTH="183"
                          VPOS="454"
                          HPOS="1842"
                          CONTENT="gratiam"/>
                  <SP HEIGHT="71" WIDTH="17" VPOS="454" HPOS="2025"/>
                  <String HEIGHT="71"
                          WIDTH="249"
                          VPOS="454"
                          HPOS="1975"
                          CONTENT="cooperantem"/>
                  <SP HEIGHT="71" WIDTH="17" VPOS="454" HPOS="2224"/>
                  <String HEIGHT="71" WIDTH="83" VPOS="454" HPOS="2174" CONTENT="&amp;"/>
                  <SP HEIGHT="71" WIDTH="17" VPOS="454" HPOS="2257"/>
                  <String HEIGHT="71"
                          WIDTH="133"
                          VPOS="454"
                          HPOS="2191"
                          CONTENT="operam"/>
               </TextLine>
               <TextLine ID="r1l6"
                         BASELINE="581"
                         HEIGHT="72"
                         WIDTH="1787"
                         VPOS="509"
                         HPOS="537">
                  <String HEIGHT="72"
                          WIDTH="135"
                          VPOS="509"
                          HPOS="520"
                          CONTENT="tem:"/>
                  <SP HEIGHT="72" WIDTH="17" VPOS="509" HPOS="655"/>
                  <String HEIGHT="72" WIDTH="101" VPOS="509" HPOS="604" CONTENT="vt"/>
                  <SP HEIGHT="72" WIDTH="17" VPOS="509" HPOS="706"/>
                  <String HEIGHT="72"
                          WIDTH="152"
                          VPOS="509"
                          HPOS="655"
                          CONTENT="patet"/>
                  <SP HEIGHT="72" WIDTH="17" VPOS="509" HPOS="807"/>
                  <String HEIGHT="72"
                          WIDTH="253"
                          VPOS="509"
                          HPOS="756"
                          CONTENT="inspicienti"/>
                  <SP HEIGHT="72" WIDTH="17" VPOS="509" HPOS="1009"/>
                  <String HEIGHT="72"
                          WIDTH="185"
                          VPOS="509"
                          HPOS="958"
                          CONTENT="literam"/>
                  <SP HEIGHT="72" WIDTH="17" VPOS="509" HPOS="1144"/>
                  <String HEIGHT="72"
                          WIDTH="152"
                          VPOS="509"
                          HPOS="1093"
                          CONTENT="suam:"/>
                  <SP HEIGHT="72" WIDTH="17" VPOS="509" HPOS="1245"/>
                  <String HEIGHT="72"
                          WIDTH="118"
                          VPOS="509"
                          HPOS="1194"
                          CONTENT="non"/>
                  <SP HEIGHT="72" WIDTH="17" VPOS="509" HPOS="1312"/>
                  <String HEIGHT="72"
                          WIDTH="169"
                          VPOS="509"
                          HPOS="1262"
                          CONTENT="posset"/>
                  <SP HEIGHT="72" WIDTH="17" VPOS="509" HPOS="1431"/>
                  <String HEIGHT="72"
                          WIDTH="169"
                          VPOS="509"
                          HPOS="1380"
                          CONTENT="haberi"/>
                  <SP HEIGHT="72" WIDTH="17" VPOS="509" HPOS="1549"/>
                  <String HEIGHT="72"
                          WIDTH="152"
                          VPOS="509"
                          HPOS="1498"
                          CONTENT="illud"/>
                  <SP HEIGHT="72" WIDTH="17" VPOS="509" HPOS="1650"/>
                  <String HEIGHT="72"
                          WIDTH="152"
                          VPOS="509"
                          HPOS="1599"
                          CONTENT="donum"/>
                  <SP HEIGHT="72" WIDTH="17" VPOS="509" HPOS="1751"/>
                  <String HEIGHT="72"
                          WIDTH="219"
                          VPOS="509"
                          HPOS="1700"
                          CONTENT="iustitiae"/>
                  <SP HEIGHT="72" WIDTH="17" VPOS="509" HPOS="1919"/>
                  <String HEIGHT="72"
                          WIDTH="236"
                          VPOS="509"
                          HPOS="1869"
                          CONTENT="originalis"/>
                  <SP HEIGHT="72" WIDTH="17" VPOS="509" HPOS="2105"/>
                  <String HEIGHT="72"
                          WIDTH="118"
                          VPOS="509"
                          HPOS="2054"
                          CONTENT="aut"/>
                  <SP HEIGHT="72" WIDTH="17" VPOS="509" HPOS="2172"/>
                  <String HEIGHT="72"
                          WIDTH="219"
                          VPOS="509"
                          HPOS="2105"
                          CONTENT="conseruari."/>
               </TextLine>
               <TextLine ID="r1l7"
                         BASELINE="635"
                         HEIGHT="75"
                         WIDTH="1782"
                         VPOS="560"
                         HPOS="537">
                  <String HEIGHT="75"
                          WIDTH="123"
                          VPOS="560"
                          HPOS="522"
                          CONTENT="quod"/>
                  <SP HEIGHT="75" WIDTH="15" VPOS="560" HPOS="645"/>
                  <String HEIGHT="75"
                          WIDTH="154"
                          VPOS="560"
                          HPOS="598"
                          CONTENT="nuilus"/>
                  <SP HEIGHT="75" WIDTH="15" VPOS="560" HPOS="752"/>
                  <String HEIGHT="75"
                          WIDTH="154"
                          VPOS="560"
                          HPOS="706"
                          CONTENT="ponit."/>
                  <SP HEIGHT="75" WIDTH="15" VPOS="560" HPOS="860"/>
                  <String HEIGHT="75"
                          WIDTH="123"
                          VPOS="560"
                          HPOS="814"
                          CONTENT="Vnde"/>
                  <SP HEIGHT="75" WIDTH="15" VPOS="560" HPOS="936"/>
                  <String HEIGHT="75" WIDTH="92" VPOS="560" HPOS="890" CONTENT="de"/>
                  <SP HEIGHT="75" WIDTH="15" VPOS="560" HPOS="983"/>
                  <String HEIGHT="75"
                          WIDTH="200"
                          VPOS="560"
                          HPOS="936"
                          CONTENT="originali"/>
                  <SP HEIGHT="75" WIDTH="15" VPOS="560" HPOS="1136"/>
                  <String HEIGHT="75"
                          WIDTH="184"
                          VPOS="560"
                          HPOS="1090"
                          CONTENT="iustitia"/>
                  <SP HEIGHT="75" WIDTH="15" VPOS="560" HPOS="1274"/>
                  <String HEIGHT="75"
                          WIDTH="138"
                          VPOS="560"
                          HPOS="1228"
                          CONTENT="dicit"/>
                  <SP HEIGHT="75" WIDTH="15" VPOS="560" HPOS="1367"/>
                  <String HEIGHT="75"
                          WIDTH="169"
                          VPOS="560"
                          HPOS="1320"
                          CONTENT="Anselu."/>
                  <SP HEIGHT="75" WIDTH="15" VPOS="560" HPOS="1489"/>
                  <String HEIGHT="75" WIDTH="92" VPOS="560" HPOS="1443" CONTENT="de"/>
                  <SP HEIGHT="75" WIDTH="15" VPOS="560" HPOS="1536"/>
                  <String HEIGHT="75"
                          WIDTH="123"
                          VPOS="560"
                          HPOS="1489"
                          CONTENT="casu"/>
                  <SP HEIGHT="75" WIDTH="15" VPOS="560" HPOS="1612"/>
                  <String HEIGHT="75"
                          WIDTH="169"
                          VPOS="560"
                          HPOS="1566"
                          CONTENT="diaboli"/>
                  <SP HEIGHT="75" WIDTH="15" VPOS="560" HPOS="1735"/>
                  <String HEIGHT="75"
                          WIDTH="108"
                          VPOS="560"
                          HPOS="1689"
                          CONTENT="cam"/>
                  <SP HEIGHT="75" WIDTH="15" VPOS="560" HPOS="1797"/>
                  <String HEIGHT="75" WIDTH="92" VPOS="560" HPOS="1751" CONTENT="id"/>
                  <SP HEIGHT="75" WIDTH="15" VPOS="560" HPOS="1843"/>
                  <String HEIGHT="75"
                          WIDTH="108"
                          VPOS="560"
                          HPOS="1797"
                          CONTENT="ii."/>
                  <SP HEIGHT="75" WIDTH="15" VPOS="560" HPOS="1904"/>
                  <String HEIGHT="75"
                          WIDTH="123"
                          VPOS="560"
                          HPOS="1858"
                          CONTENT="quod"/>
                  <SP HEIGHT="75" WIDTH="15" VPOS="560" HPOS="1981"/>
                  <String HEIGHT="75"
                          WIDTH="108"
                          VPOS="560"
                          HPOS="1935"
                          CONTENT="eam"/>
                  <SP HEIGHT="75" WIDTH="15" VPOS="560" HPOS="2042"/>
                  <String HEIGHT="75"
                          WIDTH="169"
                          VPOS="560"
                          HPOS="1996"
                          CONTENT="seruare"/>
                  <SP HEIGHT="75" WIDTH="15" VPOS="560" HPOS="2165"/>
                  <String HEIGHT="75"
                          WIDTH="154"
                          VPOS="560"
                          HPOS="2119"
                          CONTENT="semper"/>
                  <SP HEIGHT="75" WIDTH="15" VPOS="560" HPOS="2273"/>
                  <String HEIGHT="75"
                          WIDTH="108"
                          VPOS="560"
                          HPOS="2211"
                          CONTENT="potu"
                          SUBS_TYPE="HypPart1"
                          SUBS_CONTENT="potuit."/>
                  <HYP CONTENT="-"/>
               </TextLine>
               <TextLine ID="r1l8"
                         BASELINE="679"
                         HEIGHT="65"
                         WIDTH="1787"
                         VPOS="614"
                         HPOS="534">
                  <String HEIGHT="65"
                          WIDTH="109"
                          VPOS="614"
                          HPOS="518"
                          CONTENT="it."
                          SUBS_TYPE="HypPart2"
                          SUBS_CONTENT="potuit."/>
                  <SP HEIGHT="65" WIDTH="16" VPOS="614" HPOS="627"/>
                  <String HEIGHT="65" WIDTH="109" VPOS="614" HPOS="581" CONTENT="Nec"/>
                  <SP HEIGHT="65" WIDTH="16" VPOS="614" HPOS="689"/>
                  <String HEIGHT="65"
                          WIDTH="140"
                          VPOS="614"
                          HPOS="643"
                          CONTENT="facit"/>
                  <SP HEIGHT="65" WIDTH="16" VPOS="614" HPOS="783"/>
                  <String HEIGHT="65"
                          WIDTH="202"
                          VPOS="614"
                          HPOS="736"
                          CONTENT="mentionem"/>
                  <SP HEIGHT="65" WIDTH="16" VPOS="614" HPOS="938"/>
                  <String HEIGHT="65"
                          WIDTH="124"
                          VPOS="614"
                          HPOS="891"
                          CONTENT="quod"/>
                  <SP HEIGHT="65" WIDTH="16" VPOS="614" HPOS="1016"/>
                  <String HEIGHT="65" WIDTH="93" VPOS="614" HPOS="969" CONTENT="ad"/>
                  <SP HEIGHT="65" WIDTH="16" VPOS="614" HPOS="1062"/>
                  <String HEIGHT="65"
                          WIDTH="109"
                          VPOS="614"
                          HPOS="1016"
                          CONTENT="hoc"/>
                  <SP HEIGHT="65" WIDTH="16" VPOS="614" HPOS="1124"/>
                  <String HEIGHT="65"
                          WIDTH="218"
                          VPOS="614"
                          HPOS="1078"
                          CONTENT="requiratur"/>
                  <SP HEIGHT="65" WIDTH="16" VPOS="614" HPOS="1295"/>
                  <String HEIGHT="65"
                          WIDTH="155"
                          VPOS="614"
                          HPOS="1249"
                          CONTENT="donum."/>
                  <SP HEIGHT="65" WIDTH="16" VPOS="614" HPOS="1404"/>
                  <String HEIGHT="65"
                          WIDTH="202"
                          VPOS="614"
                          HPOS="1358"
                          CONTENT="Praeterea"/>
                  <SP HEIGHT="65" WIDTH="16" VPOS="614" HPOS="1560"/>
                  <String HEIGHT="65" WIDTH="93" VPOS="614" HPOS="1513" CONTENT="si"/>
                  <SP HEIGHT="65" WIDTH="16" VPOS="614" HPOS="1606"/>
                  <String HEIGHT="65"
                          WIDTH="124"
                          VPOS="614"
                          HPOS="1560"
                          CONTENT="illa"/>
                  <SP HEIGHT="65" WIDTH="16" VPOS="614" HPOS="1684"/>
                  <String HEIGHT="65"
                          WIDTH="218"
                          VPOS="614"
                          HPOS="1637"
                          CONTENT="originalis"/>
                  <SP HEIGHT="65" WIDTH="16" VPOS="614" HPOS="1855"/>
                  <String HEIGHT="65"
                          WIDTH="186"
                          VPOS="614"
                          HPOS="1808"
                          CONTENT="iustitia"/>
                  <SP HEIGHT="65" WIDTH="16" VPOS="614" HPOS="1995"/>
                  <String HEIGHT="65"
                          WIDTH="124"
                          VPOS="614"
                          HPOS="1948"
                          CONTENT="quae"/>
                  <SP HEIGHT="65" WIDTH="16" VPOS="614" HPOS="2072"/>
                  <String HEIGHT="65"
                          WIDTH="109"
                          VPOS="614"
                          HPOS="2026"
                          CONTENT="est"/>
                  <SP HEIGHT="65" WIDTH="16" VPOS="614" HPOS="2135"/>
                  <String HEIGHT="65" WIDTH="93" VPOS="614" HPOS="2088" CONTENT="ex"/>
                  <SP HEIGHT="65" WIDTH="16" VPOS="614" HPOS="2181"/>
                  <String HEIGHT="65"
                          WIDTH="124"
                          VPOS="614"
                          HPOS="2135"
                          CONTENT="dono"/>
                  <SP HEIGHT="65" WIDTH="16" VPOS="614" HPOS="2259"/>
                  <String HEIGHT="65"
                          WIDTH="109"
                          VPOS="614"
                          HPOS="2212"
                          CONTENT="non"/>
                  <SP HEIGHT="65" WIDTH="16" VPOS="614" HPOS="2321"/>
                  <String HEIGHT="65" WIDTH="62" VPOS="614" HPOS="2259" CONTENT="po"/>
               </TextLine>
               <TextLine ID="r1l9"
                         BASELINE="728"
                         HEIGHT="55"
                         WIDTH="1785"
                         VPOS="673"
                         HPOS="538">
                  <String HEIGHT="55"
                          WIDTH="130"
                          VPOS="673"
                          HPOS="522"
                          CONTENT="tuit"/>
                  <SP HEIGHT="55" WIDTH="16" VPOS="673" HPOS="652"/>
                  <String HEIGHT="55"
                          WIDTH="130"
                          VPOS="673"
                          HPOS="603"
                          CONTENT="sine"/>
                  <SP HEIGHT="55" WIDTH="16" VPOS="673" HPOS="733"/>
                  <String HEIGHT="55"
                          WIDTH="130"
                          VPOS="673"
                          HPOS="684"
                          CONTENT="illo"/>
                  <SP HEIGHT="55" WIDTH="16" VPOS="673" HPOS="814"/>
                  <String HEIGHT="55"
                          WIDTH="211"
                          VPOS="673"
                          HPOS="765"
                          CONTENT="adiutorio"/>
                  <SP HEIGHT="55" WIDTH="16" VPOS="673" HPOS="976"/>
                  <String HEIGHT="55"
                          WIDTH="243"
                          VPOS="673"
                          HPOS="927"
                          CONTENT="conseruari:"/>
                  <SP HEIGHT="55" WIDTH="16" VPOS="673" HPOS="1171"/>
                  <String HEIGHT="55"
                          WIDTH="146"
                          VPOS="673"
                          HPOS="1122"
                          CONTENT="multo"/>
                  <SP HEIGHT="55" WIDTH="16" VPOS="673" HPOS="1268"/>
                  <String HEIGHT="55"
                          WIDTH="146"
                          VPOS="673"
                          HPOS="1220"
                          CONTENT="minus"/>
                  <SP HEIGHT="55" WIDTH="16" VPOS="673" HPOS="1366"/>
                  <String HEIGHT="55" WIDTH="81" VPOS="673" HPOS="1317" CONTENT="&amp;"/>
                  <SP HEIGHT="55" WIDTH="16" VPOS="673" HPOS="1398"/>
                  <String HEIGHT="55"
                          WIDTH="130"
                          VPOS="673"
                          HPOS="1349"
                          CONTENT="illa"/>
                  <SP HEIGHT="55" WIDTH="16" VPOS="673" HPOS="1479"/>
                  <String HEIGHT="55"
                          WIDTH="130"
                          VPOS="673"
                          HPOS="1431"
                          CONTENT="quae"/>
                  <SP HEIGHT="55" WIDTH="16" VPOS="673" HPOS="1560"/>
                  <String HEIGHT="55"
                          WIDTH="114"
                          VPOS="673"
                          HPOS="1512"
                          CONTENT="est"/>
                  <SP HEIGHT="55" WIDTH="16" VPOS="673" HPOS="1625"/>
                  <String HEIGHT="55"
                          WIDTH="130"
                          VPOS="673"
                          HPOS="1577"
                          CONTENT="pure"/>
                  <SP HEIGHT="55" WIDTH="16" VPOS="673" HPOS="1706"/>
                  <String HEIGHT="55"
                          WIDTH="211"
                          VPOS="673"
                          HPOS="1658"
                          CONTENT="naturalis"/>
                  <SP HEIGHT="55" WIDTH="16" VPOS="673" HPOS="1869"/>
                  <String HEIGHT="55"
                          WIDTH="130"
                          VPOS="673"
                          HPOS="1820"
                          CONTENT="sine"/>
                  <SP HEIGHT="55" WIDTH="16" VPOS="673" HPOS="1950"/>
                  <String HEIGHT="55"
                          WIDTH="146"
                          VPOS="673"
                          HPOS="1901"
                          CONTENT="dono."/>
                  <SP HEIGHT="55" WIDTH="16" VPOS="673" HPOS="2047"/>
                  <String HEIGHT="55"
                          WIDTH="211"
                          VPOS="673"
                          HPOS="1998"
                          CONTENT="Praeterea"/>
                  <SP HEIGHT="55" WIDTH="16" VPOS="673" HPOS="2209"/>
                  <String HEIGHT="55" WIDTH="97" VPOS="673" HPOS="2161" CONTENT="si"/>
                  <SP HEIGHT="55" WIDTH="16" VPOS="673" HPOS="2258"/>
                  <String HEIGHT="55"
                          WIDTH="114"
                          VPOS="673"
                          HPOS="2209"
                          CONTENT="non"/>
                  <SP HEIGHT="55" WIDTH="16" VPOS="673" HPOS="2323"/>
                  <String HEIGHT="55" WIDTH="65" VPOS="673" HPOS="2258" CONTENT="po"/>
               </TextLine>
               <TextLine ID="r1l10"
                         BASELINE="794"
                         HEIGHT="68"
                         WIDTH="1794"
                         VPOS="726"
                         HPOS="531">
                  <String HEIGHT="68"
                          WIDTH="133"
                          VPOS="726"
                          HPOS="514"
                          CONTENT="tuit"/>
                  <SP HEIGHT="68" WIDTH="17" VPOS="726" HPOS="647"/>
                  <String HEIGHT="68"
                          WIDTH="133"
                          VPOS="726"
                          HPOS="597"
                          CONTENT="dari"/>
                  <SP HEIGHT="68" WIDTH="17" VPOS="726" HPOS="730"/>
                  <String HEIGHT="68"
                          WIDTH="133"
                          VPOS="726"
                          HPOS="681"
                          CONTENT="fine"/>
                  <SP HEIGHT="68" WIDTH="17" VPOS="726" HPOS="813"/>
                  <String HEIGHT="68"
                          WIDTH="133"
                          VPOS="726"
                          HPOS="764"
                          CONTENT="illo"/>
                  <SP HEIGHT="68" WIDTH="17" VPOS="726" HPOS="896"/>
                  <String HEIGHT="68"
                          WIDTH="216"
                          VPOS="726"
                          HPOS="847"
                          CONTENT="adiutorio"/>
                  <SP HEIGHT="68" WIDTH="17" VPOS="726" HPOS="1063"/>
                  <String HEIGHT="68"
                          WIDTH="183"
                          VPOS="726"
                          HPOS="1013"
                          CONTENT="gratiae"/>
                  <SP HEIGHT="68" WIDTH="17" VPOS="726" HPOS="1195"/>
                  <String HEIGHT="68"
                          WIDTH="233"
                          VPOS="726"
                          HPOS="1146"
                          CONTENT="operantis,"/>
                  <SP HEIGHT="68" WIDTH="17" VPOS="726" HPOS="1378"/>
                  <String HEIGHT="68" WIDTH="83" VPOS="726" HPOS="1328" CONTENT="&amp;"/>
                  <SP HEIGHT="68" WIDTH="17" VPOS="726" HPOS="1411"/>
                  <String HEIGHT="68"
                          WIDTH="266"
                          VPOS="726"
                          HPOS="1362"
                          CONTENT="cooperantis:"/>
                  <SP HEIGHT="68" WIDTH="17" VPOS="726" HPOS="1627"/>
                  <String HEIGHT="68"
                          WIDTH="216"
                          VPOS="726"
                          HPOS="1578"
                          CONTENT="superflue"/>
                  <SP HEIGHT="68" WIDTH="17" VPOS="726" HPOS="1793"/>
                  <String HEIGHT="68"
                          WIDTH="199"
                          VPOS="726"
                          HPOS="1744"
                          CONTENT="daretur:"/>
                  <SP HEIGHT="68" WIDTH="17" VPOS="726" HPOS="1943"/>
                  <String HEIGHT="68"
                          WIDTH="133"
                          VPOS="726"
                          HPOS="1893"
                          CONTENT="quia"/>
                  <SP HEIGHT="68" WIDTH="17" VPOS="726" HPOS="2026"/>
                  <String HEIGHT="68"
                          WIDTH="150"
                          VPOS="726"
                          HPOS="1976"
                          CONTENT="illud"/>
                  <SP HEIGHT="68" WIDTH="17" VPOS="726" HPOS="2126"/>
                  <String HEIGHT="68"
                          WIDTH="233"
                          VPOS="726"
                          HPOS="2076"
                          CONTENT="adiutorium"/>
                  <SP HEIGHT="68" WIDTH="17" VPOS="726" HPOS="2308"/>
                  <String HEIGHT="68" WIDTH="83" VPOS="726" HPOS="2242" CONTENT="cum"/>
               </TextLine>
               <TextLine ID="r1l11"
                         BASELINE="851"
                         HEIGHT="65"
                         WIDTH="1785"
                         VPOS="786"
                         HPOS="537">
                  <String HEIGHT="65"
                          WIDTH="233"
                          VPOS="786"
                          HPOS="521"
                          CONTENT="rectitudine"/>
                  <SP HEIGHT="65" WIDTH="16" VPOS="786" HPOS="754"/>
                  <String HEIGHT="65"
                          WIDTH="186"
                          VPOS="786"
                          HPOS="708"
                          CONTENT="naturali"/>
                  <SP HEIGHT="65" WIDTH="16" VPOS="786" HPOS="894"/>
                  <String HEIGHT="65"
                          WIDTH="233"
                          VPOS="786"
                          HPOS="847"
                          CONTENT="sufficeret:"/>
                  <SP HEIGHT="65" WIDTH="16" VPOS="786" HPOS="1080"/>
                  <String HEIGHT="65"
                          WIDTH="140"
                          VPOS="786"
                          HPOS="1034"
                          CONTENT="sicut"/>
                  <SP HEIGHT="65" WIDTH="16" VPOS="786" HPOS="1173"/>
                  <String HEIGHT="65"
                          WIDTH="140"
                          VPOS="786"
                          HPOS="1127"
                          CONTENT="etiam"/>
                  <SP HEIGHT="65" WIDTH="16" VPOS="786" HPOS="1267"/>
                  <String HEIGHT="65"
                          WIDTH="124"
                          VPOS="786"
                          HPOS="1220"
                          CONTENT="sola"/>
                  <SP HEIGHT="65" WIDTH="16" VPOS="786" HPOS="1344"/>
                  <String HEIGHT="65"
                          WIDTH="186"
                          VPOS="786"
                          HPOS="1298"
                          CONTENT="sufficit"/>
                  <SP HEIGHT="65" WIDTH="16" VPOS="786" HPOS="1484"/>
                  <String HEIGHT="65"
                          WIDTH="124"
                          VPOS="786"
                          HPOS="1437"
                          CONTENT="post"/>
                  <SP HEIGHT="65" WIDTH="16" VPOS="786" HPOS="1561"/>
                  <String HEIGHT="65"
                          WIDTH="171"
                          VPOS="786"
                          HPOS="1515"
                          CONTENT="lapsum."/>
                  <SP HEIGHT="65" WIDTH="16" VPOS="786" HPOS="1686"/>
                  <String HEIGHT="65"
                          WIDTH="124"
                          VPOS="786"
                          HPOS="1639"
                          CONTENT="Nisi"/>
                  <SP HEIGHT="65" WIDTH="16" VPOS="786" HPOS="1763"/>
                  <String HEIGHT="65"
                          WIDTH="140"
                          VPOS="786"
                          HPOS="1717"
                          CONTENT="forte"/>
                  <SP HEIGHT="65" WIDTH="16" VPOS="786" HPOS="1856"/>
                  <String HEIGHT="65"
                          WIDTH="171"
                          VPOS="786"
                          HPOS="1810"
                          CONTENT="dicatur"/>
                  <SP HEIGHT="65" WIDTH="16" VPOS="786" HPOS="1981"/>
                  <String HEIGHT="65"
                          WIDTH="124"
                          VPOS="786"
                          HPOS="1934"
                          CONTENT="quod"/>
                  <SP HEIGHT="65" WIDTH="16" VPOS="786" HPOS="2058"/>
                  <String HEIGHT="65"
                          WIDTH="124"
                          VPOS="786"
                          HPOS="2012"
                          CONTENT="illa"/>
                  <SP HEIGHT="65" WIDTH="16" VPOS="786" HPOS="2136"/>
                  <String HEIGHT="65"
                          WIDTH="202"
                          VPOS="786"
                          HPOS="2089"
                          CONTENT="rectitudo"/>
                  <SP HEIGHT="65" WIDTH="16" VPOS="786" HPOS="2291"/>
                  <String HEIGHT="65"
                          WIDTH="109"
                          VPOS="786"
                          HPOS="2244"
                          CONTENT="do-"/>
                  <SP HEIGHT="65" WIDTH="16" VPOS="786" HPOS="2353"/>
                  <String HEIGHT="65" WIDTH="31" VPOS="786" HPOS="2291" CONTENT=""/>
               </TextLine>
               <TextLine ID="r1l12"
                         BASELINE="890"
                         HEIGHT="59"
                         WIDTH="1774"
                         VPOS="831"
                         HPOS="541">
                  <String HEIGHT="59" WIDTH="99" VPOS="831" HPOS="524" CONTENT="ni"/>
                  <SP HEIGHT="59" WIDTH="17" VPOS="831" HPOS="624"/>
                  <String HEIGHT="59"
                          WIDTH="182"
                          VPOS="831"
                          HPOS="574"
                          CONTENT="directe"/>
                  <SP HEIGHT="59" WIDTH="17" VPOS="831" HPOS="757"/>
                  <String HEIGHT="59"
                          WIDTH="199"
                          VPOS="831"
                          HPOS="707"
                          CONTENT="ordinata"/>
                  <SP HEIGHT="59" WIDTH="17" VPOS="831" HPOS="906"/>
                  <String HEIGHT="59"
                          WIDTH="133"
                          VPOS="831"
                          HPOS="856"
                          CONTENT="erat"/>
                  <SP HEIGHT="59" WIDTH="17" VPOS="831" HPOS="989"/>
                  <String HEIGHT="59" WIDTH="99" VPOS="831" HPOS="939" CONTENT="ad"/>
                  <SP HEIGHT="59" WIDTH="17" VPOS="831" HPOS="1038"/>
                  <String HEIGHT="59"
                          WIDTH="265"
                          VPOS="831"
                          HPOS="989"
                          CONTENT="conseruandum"/>
                  <SP HEIGHT="59" WIDTH="17" VPOS="831" HPOS="1254"/>
                  <String HEIGHT="59" WIDTH="83" VPOS="831" HPOS="1204" CONTENT="a"/>
                  <SP HEIGHT="59" WIDTH="17" VPOS="831" HPOS="1287"/>
                  <String HEIGHT="59"
                          WIDTH="166"
                          VPOS="831"
                          HPOS="1237"
                          CONTENT="morte:"/>
                  <SP HEIGHT="59" WIDTH="17" VPOS="831" HPOS="1403"/>
                  <String HEIGHT="59" WIDTH="99" VPOS="831" HPOS="1353" CONTENT="ad"/>
                  <SP HEIGHT="59" WIDTH="17" VPOS="831" HPOS="1453"/>
                  <String HEIGHT="59"
                          WIDTH="133"
                          VPOS="831"
                          HPOS="1403"
                          CONTENT="quod"/>
                  <SP HEIGHT="59" WIDTH="17" VPOS="831" HPOS="1536"/>
                  <String HEIGHT="59"
                          WIDTH="116"
                          VPOS="831"
                          HPOS="1486"
                          CONTENT="non"/>
                  <SP HEIGHT="59" WIDTH="17" VPOS="831" HPOS="1602"/>
                  <String HEIGHT="59"
                          WIDTH="133"
                          VPOS="831"
                          HPOS="1552"
                          CONTENT="erat"/>
                  <SP HEIGHT="59" WIDTH="17" VPOS="831" HPOS="1685"/>
                  <String HEIGHT="59"
                          WIDTH="199"
                          VPOS="831"
                          HPOS="1635"
                          CONTENT="ordinata"/>
                  <SP HEIGHT="59" WIDTH="17" VPOS="831" HPOS="1834"/>
                  <String HEIGHT="59"
                          WIDTH="216"
                          VPOS="831"
                          HPOS="1784"
                          CONTENT="rectitudo"/>
                  <SP HEIGHT="59" WIDTH="17" VPOS="831" HPOS="2000"/>
                  <String HEIGHT="59"
                          WIDTH="232"
                          VPOS="831"
                          HPOS="1950"
                          CONTENT="naturalis,"/>
                  <SP HEIGHT="59" WIDTH="17" VPOS="831" HPOS="2182"/>
                  <String HEIGHT="59"
                          WIDTH="149"
                          VPOS="831"
                          HPOS="2133"
                          CONTENT="neque"/>
                  <SP HEIGHT="59" WIDTH="17" VPOS="831" HPOS="2282"/>
                  <String HEIGHT="59"
                          WIDTH="99"
                          VPOS="831"
                          HPOS="2216"
                          CONTENT="gra"
                          SUBS_TYPE="HypPart1"
                          SUBS_CONTENT="gratia"/>
                  <HYP CONTENT="-"/>
               </TextLine>
               <TextLine ID="r1l13"
                         BASELINE="958"
                         HEIGHT="80"
                         WIDTH="1779"
                         VPOS="878"
                         HPOS="538">
                  <String HEIGHT="80"
                          WIDTH="120"
                          VPOS="878"
                          HPOS="521"
                          CONTENT="tia"
                          SUBS_TYPE="HypPart2"
                          SUBS_CONTENT="gratia"/>
                  <SP HEIGHT="80" WIDTH="17" VPOS="878" HPOS="641"/>
                  <String HEIGHT="80"
                          WIDTH="171"
                          VPOS="878"
                          HPOS="589"
                          CONTENT="gratum"/>
                  <SP HEIGHT="80" WIDTH="17" VPOS="878" HPOS="760"/>
                  <String HEIGHT="80"
                          WIDTH="205"
                          VPOS="878"
                          HPOS="709"
                          CONTENT="faciens."/>
                  <SP HEIGHT="80" WIDTH="17" VPOS="878" HPOS="914"/>
                  <String HEIGHT="80" WIDTH="103" VPOS="878" HPOS="863" CONTENT="Si"/>
                  <SP HEIGHT="80" WIDTH="17" VPOS="878" HPOS="966"/>
                  <String HEIGHT="80"
                          WIDTH="137"
                          VPOS="878"
                          HPOS="914"
                          CONTENT="vero"/>
                  <SP HEIGHT="80" WIDTH="17" VPOS="878" HPOS="1051"/>
                  <String HEIGHT="80"
                          WIDTH="205"
                          VPOS="878"
                          HPOS="1000"
                          CONTENT="auxilium"/>
                  <SP HEIGHT="80" WIDTH="17" VPOS="878" HPOS="1205"/>
                  <String HEIGHT="80"
                          WIDTH="154"
                          VPOS="878"
                          HPOS="1154"
                          CONTENT="illud"/>
                  <SP HEIGHT="80" WIDTH="17" VPOS="878" HPOS="1308"/>
                  <String HEIGHT="80"
                          WIDTH="120"
                          VPOS="878"
                          HPOS="1256"
                          CONTENT="sit"/>
                  <SP HEIGHT="80" WIDTH="17" VPOS="878" HPOS="1376"/>
                  <String HEIGHT="80"
                          WIDTH="137"
                          VPOS="878"
                          HPOS="1325"
                          CONTENT="ipsa"/>
                  <SP HEIGHT="80" WIDTH="17" VPOS="878" HPOS="1462"/>
                  <String HEIGHT="80"
                          WIDTH="222"
                          VPOS="878"
                          HPOS="1410"
                          CONTENT="iustitia,"/>
                  <SP HEIGHT="80" WIDTH="17" VPOS="878" HPOS="1633"/>
                  <String HEIGHT="80"
                          WIDTH="154"
                          VPOS="878"
                          HPOS="1581"
                          CONTENT="quasi"/>
                  <SP HEIGHT="80" WIDTH="17" VPOS="878" HPOS="1735"/>
                  <String HEIGHT="80"
                          WIDTH="137"
                          VPOS="878"
                          HPOS="1684"
                          CONTENT="ipsa"/>
                  <SP HEIGHT="80" WIDTH="17" VPOS="878" HPOS="1821"/>
                  <String HEIGHT="80"
                          WIDTH="205"
                          VPOS="878"
                          HPOS="1770"
                          CONTENT="voluntas"/>
                  <SP HEIGHT="80" WIDTH="17" VPOS="878" HPOS="1975"/>
                  <String HEIGHT="80"
                          WIDTH="222"
                          VPOS="878"
                          HPOS="1924"
                          CONTENT="naturalis"/>
                  <SP HEIGHT="80" WIDTH="17" VPOS="878" HPOS="2146"/>
                  <String HEIGHT="80"
                          WIDTH="120"
                          VPOS="878"
                          HPOS="2095"
                          CONTENT="eam"/>
                  <SP HEIGHT="80" WIDTH="17" VPOS="878" HPOS="2214"/>
                  <String HEIGHT="80"
                          WIDTH="120"
                          VPOS="878"
                          HPOS="2163"
                          CONTENT="non"/>
                  <SP HEIGHT="80" WIDTH="17" VPOS="878" HPOS="2283"/>
                  <String HEIGHT="80"
                          WIDTH="103"
                          VPOS="878"
                          HPOS="2214"
                          CONTENT="pos"
                          SUBS_TYPE="HypPart1"
                          SUBS_CONTENT="possit"/>
                  <HYP CONTENT="-"/>
               </TextLine>
               <TextLine ID="r1l14"
                         BASELINE="1009"
                         HEIGHT="69"
                         WIDTH="1771"
                         VPOS="940"
                         HPOS="537">
                  <String HEIGHT="69"
                          WIDTH="116"
                          VPOS="940"
                          HPOS="520"
                          CONTENT="sit"
                          SUBS_TYPE="HypPart2"
                          SUBS_CONTENT="possit"/>
                  <SP HEIGHT="69" WIDTH="17" VPOS="940" HPOS="636"/>
                  <String HEIGHT="69"
                          WIDTH="166"
                          VPOS="940"
                          HPOS="587"
                          CONTENT="habere"/>
                  <SP HEIGHT="69" WIDTH="17" VPOS="940" HPOS="752"/>
                  <String HEIGHT="69" WIDTH="99" VPOS="940" HPOS="703" CONTENT="ex"/>
                  <SP HEIGHT="69" WIDTH="17" VPOS="940" HPOS="802"/>
                  <String HEIGHT="69" WIDTH="99" VPOS="940" HPOS="752" CONTENT="se"/>
                  <SP HEIGHT="69" WIDTH="17" VPOS="940" HPOS="851"/>
                  <String HEIGHT="69" WIDTH="116" VPOS="940" HPOS="802" CONTENT="aut"/>
                  <SP HEIGHT="69" WIDTH="17" VPOS="940" HPOS="918"/>
                  <String HEIGHT="69"
                          WIDTH="248"
                          VPOS="940"
                          HPOS="868"
                          CONTENT="conseruare:"/>
                  <SP HEIGHT="69" WIDTH="17" VPOS="940" HPOS="1116"/>
                  <String HEIGHT="69"
                          WIDTH="149"
                          VPOS="940"
                          HPOS="1067"
                          CONTENT="adhuc"/>
                  <SP HEIGHT="69" WIDTH="17" VPOS="940" HPOS="1216"/>
                  <String HEIGHT="69"
                          WIDTH="132"
                          VPOS="940"
                          HPOS="1166"
                          CONTENT="ista"/>
                  <SP HEIGHT="69" WIDTH="17" VPOS="940" HPOS="1298"/>
                  <String HEIGHT="69"
                          WIDTH="199"
                          VPOS="940"
                          HPOS="1249"
                          CONTENT="conditio"/>
                  <SP HEIGHT="69" WIDTH="17" VPOS="940" HPOS="1447"/>
                  <String HEIGHT="69"
                          WIDTH="116"
                          VPOS="940"
                          HPOS="1398"
                          CONTENT="non"/>
                  <SP HEIGHT="69" WIDTH="17" VPOS="940" HPOS="1514"/>
                  <String HEIGHT="69"
                          WIDTH="149"
                          VPOS="940"
                          HPOS="1464"
                          CONTENT="magis"/>
                  <SP HEIGHT="69" WIDTH="17" VPOS="940" HPOS="1613"/>
                  <String HEIGHT="69"
                          WIDTH="199"
                          VPOS="940"
                          HPOS="1563"
                          CONTENT="pertinet"/>
                  <SP HEIGHT="69" WIDTH="17" VPOS="940" HPOS="1762"/>
                  <String HEIGHT="69" WIDTH="99" VPOS="940" HPOS="1712" CONTENT="ad"/>
                  <SP HEIGHT="69" WIDTH="17" VPOS="940" HPOS="1811"/>
                  <String HEIGHT="69"
                          WIDTH="149"
                          VPOS="940"
                          HPOS="1762"
                          CONTENT="illam"/>
                  <SP HEIGHT="69" WIDTH="17" VPOS="940" HPOS="1911"/>
                  <String HEIGHT="69"
                          WIDTH="132"
                          VPOS="940"
                          HPOS="1861"
                          CONTENT="quae"/>
                  <SP HEIGHT="69" WIDTH="17" VPOS="940" HPOS="1994"/>
                  <String HEIGHT="69"
                          WIDTH="116"
                          VPOS="940"
                          HPOS="1944"
                          CONTENT="est"/>
                  <SP HEIGHT="69" WIDTH="17" VPOS="940" HPOS="2060"/>
                  <String HEIGHT="69"
                          WIDTH="166"
                          VPOS="940"
                          HPOS="2010"
                          CONTENT="donum,"/>
                  <SP HEIGHT="69" WIDTH="17" VPOS="940" HPOS="2176"/>
                  <String HEIGHT="69"
                          WIDTH="132"
                          VPOS="940"
                          HPOS="2126"
                          CONTENT="quam"/>
                  <SP HEIGHT="69" WIDTH="17" VPOS="940" HPOS="2258"/>
                  <String HEIGHT="69" WIDTH="99" VPOS="940" HPOS="2209" CONTENT="ad"/>
                  <SP HEIGHT="69" WIDTH="17" VPOS="940" HPOS="2308"/>
                  <String HEIGHT="69" WIDTH="66" VPOS="940" HPOS="2242" CONTENT="il"/>
               </TextLine>
               <TextLine ID="r1l15"
                         BASELINE="1066"
                         HEIGHT="74"
                         WIDTH="1782"
                         VPOS="992"
                         HPOS="537">
                  <String HEIGHT="74" WIDTH="121" VPOS="992" HPOS="520" CONTENT="lam"/>
                  <SP HEIGHT="74" WIDTH="17" VPOS="992" HPOS="641"/>
                  <String HEIGHT="74"
                          WIDTH="138"
                          VPOS="992"
                          HPOS="589"
                          CONTENT="quae"/>
                  <SP HEIGHT="74" WIDTH="17" VPOS="992" HPOS="727"/>
                  <String HEIGHT="74" WIDTH="121" VPOS="992" HPOS="675" CONTENT="est"/>
                  <SP HEIGHT="74" WIDTH="17" VPOS="992" HPOS="797"/>
                  <String HEIGHT="74"
                          WIDTH="242"
                          VPOS="992"
                          HPOS="745"
                          CONTENT="naturalis:"/>
                  <SP HEIGHT="74" WIDTH="17" VPOS="992" HPOS="987"/>
                  <String HEIGHT="74"
                          WIDTH="138"
                          VPOS="992"
                          HPOS="935"
                          CONTENT="quia"/>
                  <SP HEIGHT="74" WIDTH="17" VPOS="992" HPOS="1073"/>
                  <String HEIGHT="74"
                          WIDTH="190"
                          VPOS="992"
                          HPOS="1021"
                          CONTENT="neutrum"/>
                  <SP HEIGHT="74" WIDTH="17" VPOS="992" HPOS="1212"/>
                  <String HEIGHT="74"
                          WIDTH="208"
                          VPOS="992"
                          HPOS="1160"
                          CONTENT="voluntas"/>
                  <SP HEIGHT="74" WIDTH="17" VPOS="992" HPOS="1367"/>
                  <String HEIGHT="74"
                          WIDTH="156"
                          VPOS="992"
                          HPOS="1316"
                          CONTENT="habet"/>
                  <SP HEIGHT="74" WIDTH="17" VPOS="992" HPOS="1471"/>
                  <String HEIGHT="74"
                          WIDTH="138"
                          VPOS="992"
                          HPOS="1419"
                          CONTENT="nisi"/>
                  <SP HEIGHT="74" WIDTH="17" VPOS="992" HPOS="1558"/>
                  <String HEIGHT="74"
                          WIDTH="173"
                          VPOS="992"
                          HPOS="1506"
                          CONTENT="diuino"/>
                  <SP HEIGHT="74" WIDTH="17" VPOS="992" HPOS="1679"/>
                  <String HEIGHT="74"
                          WIDTH="208"
                          VPOS="992"
                          HPOS="1627"
                          CONTENT="auxilio:"/>
                  <SP HEIGHT="74" WIDTH="17" VPOS="992" HPOS="1835"/>
                  <String HEIGHT="74"
                          WIDTH="138"
                          VPOS="992"
                          HPOS="1783"
                          CONTENT="quia"/>
                  <SP HEIGHT="74" WIDTH="17" VPOS="992" HPOS="1921"/>
                  <String HEIGHT="74"
                          WIDTH="121"
                          VPOS="992"
                          HPOS="1869"
                          CONTENT="nec"/>
                  <SP HEIGHT="74" WIDTH="17" VPOS="992" HPOS="1990"/>
                  <String HEIGHT="74"
                          WIDTH="138"
                          VPOS="992"
                          HPOS="1938"
                          CONTENT="ipsa"/>
                  <SP HEIGHT="74" WIDTH="17" VPOS="992" HPOS="2077"/>
                  <String HEIGHT="74"
                          WIDTH="121"
                          VPOS="992"
                          HPOS="2025"
                          CONTENT="est"/>
                  <SP HEIGHT="74" WIDTH="17" VPOS="992" HPOS="2146"/>
                  <String HEIGHT="74"
                          WIDTH="138"
                          VPOS="992"
                          HPOS="2094"
                          CONTENT="fine"/>
                  <SP HEIGHT="74" WIDTH="17" VPOS="992" HPOS="2232"/>
                  <String HEIGHT="74"
                          WIDTH="173"
                          VPOS="992"
                          HPOS="2181"
                          CONTENT="diuino"/>
                  <SP HEIGHT="74" WIDTH="17" VPOS="992" HPOS="2354"/>
                  <String HEIGHT="74" WIDTH="35" VPOS="992" HPOS="2284" CONTENT=""/>
               </TextLine>
               <TextLine ID="line_1582590093192_1103"
                         BASELINE="1100"
                         HEIGHT="58"
                         WIDTH="1793"
                         VPOS="1042"
                         HPOS="540">
                  <String HEIGHT="58"
                          WIDTH="205"
                          VPOS="1042"
                          HPOS="523"
                          CONTENT="auxilio:"/>
                  <SP HEIGHT="58" WIDTH="17" VPOS="1042" HPOS="728"/>
                  <String HEIGHT="58"
                          WIDTH="222"
                          VPOS="1042"
                          HPOS="677"
                          CONTENT="similiter"/>
                  <SP HEIGHT="58" WIDTH="17" VPOS="1042" HPOS="899"/>
                  <String HEIGHT="58"
                          WIDTH="120"
                          VPOS="1042"
                          HPOS="847"
                          CONTENT="nec"/>
                  <SP HEIGHT="58" WIDTH="17" VPOS="1042" HPOS="967"/>
                  <String HEIGHT="58"
                          WIDTH="273"
                          VPOS="1042"
                          HPOS="916"
                          CONTENT="conseruatur."/>
                  <SP HEIGHT="58" WIDTH="17" VPOS="1042" HPOS="1189"/>
                  <String HEIGHT="58"
                          WIDTH="102"
                          VPOS="1042"
                          HPOS="1138"
                          CONTENT="SI"/>
                  <SP HEIGHT="58" WIDTH="17" VPOS="1042" HPOS="1240"/>
                  <String HEIGHT="58"
                          WIDTH="137"
                          VPOS="1042"
                          HPOS="1189"
                          CONTENT="vero"/>
                  <SP HEIGHT="58" WIDTH="17" VPOS="1042" HPOS="1326"/>
                  <String HEIGHT="58"
                          WIDTH="171"
                          VPOS="1042"
                          HPOS="1274"
                          CONTENT="haberi"/>
                  <SP HEIGHT="58" WIDTH="17" VPOS="1042" HPOS="1445"/>
                  <String HEIGHT="58" WIDTH="85" VPOS="1042" HPOS="1394" CONTENT="&amp;"/>
                  <SP HEIGHT="58" WIDTH="17" VPOS="1042" HPOS="1479"/>
                  <String HEIGHT="58"
                          WIDTH="239"
                          VPOS="1042"
                          HPOS="1428"
                          CONTENT="conseruari"/>
                  <SP HEIGHT="58" WIDTH="17" VPOS="1042" HPOS="1667"/>
                  <String HEIGHT="58"
                          WIDTH="239"
                          VPOS="1042"
                          HPOS="1616"
                          CONTENT="referuntur"/>
                  <SP HEIGHT="58" WIDTH="17" VPOS="1042" HPOS="1855"/>
                  <String HEIGHT="58"
                          WIDTH="102"
                          VPOS="1042"
                          HPOS="1804"
                          CONTENT="ad"/>
                  <SP HEIGHT="58" WIDTH="17" VPOS="1042" HPOS="1906"/>
                  <String HEIGHT="58"
                          WIDTH="205"
                          VPOS="1042"
                          HPOS="1855"
                          CONTENT="diuersas"/>
                  <SP HEIGHT="58" WIDTH="17" VPOS="1042" HPOS="2060"/>
                  <String HEIGHT="58"
                          WIDTH="239"
                          VPOS="1042"
                          HPOS="2009"
                          CONTENT="iustitias:"/>
                  <SP HEIGHT="58" WIDTH="17" VPOS="1042" HPOS="2248"/>
                  <String HEIGHT="58"
                          WIDTH="120"
                          VPOS="1042"
                          HPOS="2196"
                          CONTENT="aut"/>
                  <SP HEIGHT="58" WIDTH="17" VPOS="1042" HPOS="2316"/>
                  <String HEIGHT="58"
                          WIDTH="85"
                          VPOS="1042"
                          HPOS="2248"
                          CONTENT="er"
                          SUBS_TYPE="HypPart1"
                          SUBS_CONTENT="ergo"/>
                  <HYP CONTENT="-"/>
               </TextLine>
               <TextLine ID="r1l17"
                         BASELINE="1171"
                         HEIGHT="71"
                         WIDTH="1780"
                         VPOS="1100"
                         HPOS="547">
                  <String HEIGHT="71"
                          WIDTH="100"
                          VPOS="1100"
                          HPOS="530"
                          CONTENT="go"
                          SUBS_TYPE="HypPart2"
                          SUBS_CONTENT="ergo"/>
                  <SP HEIGHT="71" WIDTH="17" VPOS="1100" HPOS="630"/>
                  <String HEIGHT="71"
                          WIDTH="166"
                          VPOS="1100"
                          HPOS="580"
                          CONTENT="haberi"/>
                  <SP HEIGHT="71" WIDTH="17" VPOS="1100" HPOS="747"/>
                  <String HEIGHT="71"
                          WIDTH="200"
                          VPOS="1100"
                          HPOS="697"
                          CONTENT="pertinet"/>
                  <SP HEIGHT="71" WIDTH="17" VPOS="1100" HPOS="896"/>
                  <String HEIGHT="71" WIDTH="100" VPOS="1100" HPOS="846" CONTENT="ad"/>
                  <SP HEIGHT="71" WIDTH="17" VPOS="1100" HPOS="946"/>
                  <String HEIGHT="71"
                          WIDTH="233"
                          VPOS="1100"
                          HPOS="896"
                          CONTENT="naturalem,"/>
                  <SP HEIGHT="71" WIDTH="17" VPOS="1100" HPOS="1129"/>
                  <String HEIGHT="71"
                          WIDTH="233"
                          VPOS="1100"
                          HPOS="1079"
                          CONTENT="conseruari"/>
                  <SP HEIGHT="71" WIDTH="17" VPOS="1100" HPOS="1312"/>
                  <String HEIGHT="71"
                          WIDTH="100"
                          VPOS="1100"
                          HPOS="1262"
                          CONTENT="ad"/>
                  <SP HEIGHT="71" WIDTH="17" VPOS="1100" HPOS="1362"/>
                  <String HEIGHT="71"
                          WIDTH="200"
                          VPOS="1100"
                          HPOS="1312"
                          CONTENT="donatam,"/>
                  <SP HEIGHT="71" WIDTH="17" VPOS="1100" HPOS="1512"/>
                  <String HEIGHT="71"
                          WIDTH="116"
                          VPOS="1100"
                          HPOS="1462"
                          CONTENT="aut"/>
                  <SP HEIGHT="71" WIDTH="17" VPOS="1100" HPOS="1578"/>
                  <String HEIGHT="71"
                          WIDTH="233"
                          VPOS="1100"
                          HPOS="1528"
                          CONTENT="econuerso."/>
                  <SP HEIGHT="71" WIDTH="17" VPOS="1100" HPOS="1761"/>
                  <String HEIGHT="71"
                          WIDTH="150"
                          VPOS="1100"
                          HPOS="1711"
                          CONTENT="Primo"/>
                  <SP HEIGHT="71" WIDTH="17" VPOS="1100" HPOS="1861"/>
                  <String HEIGHT="71"
                          WIDTH="133"
                          VPOS="1100"
                          HPOS="1811"
                          CONTENT="modo"/>
                  <SP HEIGHT="71" WIDTH="17" VPOS="1100" HPOS="1944"/>
                  <String HEIGHT="71"
                          WIDTH="116"
                          VPOS="1100"
                          HPOS="1894"
                          CONTENT="non"/>
                  <SP HEIGHT="71" WIDTH="17" VPOS="1100" HPOS="2011"/>
                  <String HEIGHT="71"
                          WIDTH="166"
                          VPOS="1100"
                          HPOS="1961"
                          CONTENT="potest"/>
                  <SP HEIGHT="71" WIDTH="17" VPOS="1100" HPOS="2127"/>
                  <String HEIGHT="71"
                          WIDTH="166"
                          VPOS="1100"
                          HPOS="2077"
                          CONTENT="stare:"/>
                  <SP HEIGHT="71" WIDTH="17" VPOS="1100" HPOS="2244"/>
                  <String HEIGHT="71"
                          WIDTH="133"
                          VPOS="1100"
                          HPOS="2194"
                          CONTENT="quia"/>
                  <SP HEIGHT="71" WIDTH="17" VPOS="1100" HPOS="2327"/>
                  <String HEIGHT="71" WIDTH="67" VPOS="1100" HPOS="2260" CONTENT="il"/>
               </TextLine>
               <TextLine ID="r1l18"
                         BASELINE="1224"
                         HEIGHT="72"
                         WIDTH="1780"
                         VPOS="1152"
                         HPOS="537">
                  <String HEIGHT="72" WIDTH="89" VPOS="1152" HPOS="522" CONTENT="la"/>
                  <SP HEIGHT="72" WIDTH="15" VPOS="1152" HPOS="611"/>
                  <String HEIGHT="72"
                          WIDTH="193"
                          VPOS="1152"
                          HPOS="567"
                          CONTENT="naturalis"/>
                  <SP HEIGHT="72" WIDTH="15" VPOS="1152" HPOS="759"/>
                  <String HEIGHT="72"
                          WIDTH="104"
                          VPOS="1152"
                          HPOS="715"
                          CONTENT="non"/>
                  <SP HEIGHT="72" WIDTH="15" VPOS="1152" HPOS="819"/>
                  <String HEIGHT="72"
                          WIDTH="134"
                          VPOS="1152"
                          HPOS="774"
                          CONTENT="magis"/>
                  <SP HEIGHT="72" WIDTH="15" VPOS="1152" HPOS="908"/>
                  <String HEIGHT="72"
                          WIDTH="163"
                          VPOS="1152"
                          HPOS="863"
                          CONTENT="habetur"/>
                  <SP HEIGHT="72" WIDTH="15" VPOS="1152" HPOS="1027"/>
                  <String HEIGHT="72"
                          WIDTH="119"
                          VPOS="1152"
                          HPOS="982"
                          CONTENT="fine"/>
                  <SP HEIGHT="72" WIDTH="15" VPOS="1152" HPOS="1101"/>
                  <String HEIGHT="72"
                          WIDTH="148"
                          VPOS="1152"
                          HPOS="1056"
                          CONTENT="diuino"/>
                  <SP HEIGHT="72" WIDTH="15" VPOS="1152" HPOS="1205"/>
                  <String HEIGHT="72"
                          WIDTH="193"
                          VPOS="1152"
                          HPOS="1160"
                          CONTENT="adiutorio"/>
                  <SP HEIGHT="72" WIDTH="15" VPOS="1152" HPOS="1353"/>
                  <String HEIGHT="72"
                          WIDTH="119"
                          VPOS="1152"
                          HPOS="1308"
                          CONTENT="quam"/>
                  <SP HEIGHT="72" WIDTH="15" VPOS="1152" HPOS="1427"/>
                  <String HEIGHT="72"
                          WIDTH="134"
                          VPOS="1152"
                          HPOS="1383"
                          CONTENT="alia,"/>
                  <SP HEIGHT="72" WIDTH="15" VPOS="1152" HPOS="1516"/>
                  <String HEIGHT="72" WIDTH="89" VPOS="1152" HPOS="1472" CONTENT="vt"/>
                  <SP HEIGHT="72" WIDTH="15" VPOS="1152" HPOS="1561"/>
                  <String HEIGHT="72"
                          WIDTH="148"
                          VPOS="1152"
                          HPOS="1516"
                          CONTENT="dictum"/>
                  <SP HEIGHT="72" WIDTH="15" VPOS="1152" HPOS="1664"/>
                  <String HEIGHT="72"
                          WIDTH="119"
                          VPOS="1152"
                          HPOS="1620"
                          CONTENT="est."/>
                  <SP HEIGHT="72" WIDTH="15" VPOS="1152" HPOS="1739"/>
                  <String HEIGHT="72"
                          WIDTH="104"
                          VPOS="1152"
                          HPOS="1694"
                          CONTENT="Non"/>
                  <SP HEIGHT="72" WIDTH="15" VPOS="1152" HPOS="1798"/>
                  <String HEIGHT="72"
                          WIDTH="163"
                          VPOS="1152"
                          HPOS="1753"
                          CONTENT="secundo"/>
                  <SP HEIGHT="72" WIDTH="15" VPOS="1152" HPOS="1917"/>
                  <String HEIGHT="72"
                          WIDTH="134"
                          VPOS="1152"
                          HPOS="1872"
                          CONTENT="modo:"/>
                  <SP HEIGHT="72" WIDTH="15" VPOS="1152" HPOS="2006"/>
                  <String HEIGHT="72"
                          WIDTH="119"
                          VPOS="1152"
                          HPOS="1961"
                          CONTENT="quia"/>
                  <SP HEIGHT="72" WIDTH="15" VPOS="1152" HPOS="2080"/>
                  <String HEIGHT="72"
                          WIDTH="119"
                          VPOS="1152"
                          HPOS="2035"
                          CONTENT="illa"/>
                  <SP HEIGHT="72" WIDTH="15" VPOS="1152" HPOS="2154"/>
                  <String HEIGHT="72"
                          WIDTH="119"
                          VPOS="1152"
                          HPOS="2109"
                          CONTENT="quae"/>
                  <SP HEIGHT="72" WIDTH="15" VPOS="1152" HPOS="2228"/>
                  <String HEIGHT="72"
                          WIDTH="104"
                          VPOS="1152"
                          HPOS="2184"
                          CONTENT="est"/>
                  <SP HEIGHT="72" WIDTH="15" VPOS="1152" HPOS="2287"/>
                  <String HEIGHT="72"
                          WIDTH="104"
                          VPOS="1152"
                          HPOS="2243"
                          CONTENT="na-"/>
                  <SP HEIGHT="72" WIDTH="15" VPOS="1152" HPOS="2347"/>
                  <String HEIGHT="72" WIDTH="30" VPOS="1152" HPOS="2287" CONTENT=""/>
               </TextLine>
               <TextLine ID="r1l19"
                         BASELINE="1281"
                         HEIGHT="72"
                         WIDTH="1785"
                         VPOS="1209"
                         HPOS="536">
                  <String HEIGHT="72"
                          WIDTH="193"
                          VPOS="1209"
                          HPOS="519"
                          CONTENT="turalis"/>
                  <SP HEIGHT="72" WIDTH="18" VPOS="1209" HPOS="711"/>
                  <String HEIGHT="72"
                          WIDTH="158"
                          VPOS="1209"
                          HPOS="659"
                          CONTENT="multo"/>
                  <SP HEIGHT="72" WIDTH="18" VPOS="1209" HPOS="816"/>
                  <String HEIGHT="72"
                          WIDTH="158"
                          VPOS="1209"
                          HPOS="764"
                          CONTENT="minus"/>
                  <SP HEIGHT="72" WIDTH="18" VPOS="1209" HPOS="921"/>
                  <String HEIGHT="72"
                          WIDTH="175"
                          VPOS="1209"
                          HPOS="869"
                          CONTENT="posset"/>
                  <SP HEIGHT="72" WIDTH="18" VPOS="1209" HPOS="1044"/>
                  <String HEIGHT="72"
                          WIDTH="245"
                          VPOS="1209"
                          HPOS="991"
                          CONTENT="conseruari"/>
                  <SP HEIGHT="72" WIDTH="18" VPOS="1209" HPOS="1236"/>
                  <String HEIGHT="72"
                          WIDTH="140"
                          VPOS="1209"
                          HPOS="1184"
                          CONTENT="fine"/>
                  <SP HEIGHT="72" WIDTH="18" VPOS="1209" HPOS="1324"/>
                  <String HEIGHT="72"
                          WIDTH="175"
                          VPOS="1209"
                          HPOS="1271"
                          CONTENT="diuino"/>
                  <SP HEIGHT="72" WIDTH="18" VPOS="1209" HPOS="1446"/>
                  <String HEIGHT="72"
                          WIDTH="245"
                          VPOS="1209"
                          HPOS="1394"
                          CONTENT="adiutorio."/>
                  <SP HEIGHT="72" WIDTH="18" VPOS="1209" HPOS="1639"/>
                  <String HEIGHT="72"
                          WIDTH="105"
                          VPOS="1209"
                          HPOS="1586"
                          CONTENT="Et"/>
                  <SP HEIGHT="72" WIDTH="18" VPOS="1209" HPOS="1691"/>
                  <String HEIGHT="72"
                          WIDTH="123"
                          VPOS="1209"
                          HPOS="1639"
                          CONTENT="sic"/>
                  <SP HEIGHT="72" WIDTH="18" VPOS="1209" HPOS="1761"/>
                  <String HEIGHT="72"
                          WIDTH="140"
                          VPOS="1209"
                          HPOS="1709"
                          CONTENT="ista"/>
                  <SP HEIGHT="72" WIDTH="18" VPOS="1209" HPOS="1849"/>
                  <String HEIGHT="72"
                          WIDTH="175"
                          VPOS="1209"
                          HPOS="1796"
                          CONTENT="quarta"/>
                  <SP HEIGHT="72" WIDTH="18" VPOS="1209" HPOS="1971"/>
                  <String HEIGHT="72"
                          WIDTH="210"
                          VPOS="1209"
                          HPOS="1919"
                          CONTENT="conditio"/>
                  <SP HEIGHT="72" WIDTH="18" VPOS="1209" HPOS="2129"/>
                  <String HEIGHT="72"
                          WIDTH="193"
                          VPOS="1209"
                          HPOS="2076"
                          CONTENT="quantum"/>
                  <SP HEIGHT="72" WIDTH="18" VPOS="1209" HPOS="2269"/>
                  <String HEIGHT="72"
                          WIDTH="105"
                          VPOS="1209"
                          HPOS="2216"
                          CONTENT="ad"/>
                  <SP HEIGHT="72" WIDTH="18" VPOS="1209" HPOS="2321"/>
                  <String HEIGHT="72" WIDTH="70" VPOS="1209" HPOS="2251" CONTENT="su"/>
               </TextLine>
               <TextLine ID="r1l20"
                         BASELINE="1318"
                         HEIGHT="55"
                         WIDTH="1778"
                         VPOS="1263"
                         HPOS="540">
                  <String HEIGHT="55" WIDTH="91" VPOS="1263" HPOS="525" CONTENT="um"/>
                  <SP HEIGHT="55" WIDTH="15" VPOS="1263" HPOS="616"/>
                  <String HEIGHT="55"
                          WIDTH="122"
                          VPOS="1263"
                          HPOS="570"
                          CONTENT="vsum"/>
                  <SP HEIGHT="55" WIDTH="15" VPOS="1263" HPOS="692"/>
                  <String HEIGHT="55"
                          WIDTH="106"
                          VPOS="1263"
                          HPOS="646"
                          CONTENT="non"/>
                  <SP HEIGHT="55" WIDTH="15" VPOS="1263" HPOS="753"/>
                  <String HEIGHT="55"
                          WIDTH="182"
                          VPOS="1263"
                          HPOS="707"
                          CONTENT="pertinet"/>
                  <SP HEIGHT="55" WIDTH="15" VPOS="1263" HPOS="890"/>
                  <String HEIGHT="55"
                          WIDTH="122"
                          VPOS="1263"
                          HPOS="844"
                          CONTENT="plus"/>
                  <SP HEIGHT="55" WIDTH="15" VPOS="1263" HPOS="966"/>
                  <String HEIGHT="55" WIDTH="91" VPOS="1263" HPOS="920" CONTENT="ad"/>
                  <SP HEIGHT="55" WIDTH="15" VPOS="1263" HPOS="1011"/>
                  <String HEIGHT="55"
                          WIDTH="198"
                          VPOS="1263"
                          HPOS="966"
                          CONTENT="iustitiam"/>
                  <SP HEIGHT="55" WIDTH="15" VPOS="1263" HPOS="1163"/>
                  <String HEIGHT="55"
                          WIDTH="213"
                          VPOS="1263"
                          HPOS="1117"
                          CONTENT="originalem"/>
                  <SP HEIGHT="55" WIDTH="15" VPOS="1263" HPOS="1330"/>
                  <String HEIGHT="55"
                          WIDTH="122"
                          VPOS="1263"
                          HPOS="1285"
                          CONTENT="quae"/>
                  <SP HEIGHT="55" WIDTH="15" VPOS="1263" HPOS="1406"/>
                  <String HEIGHT="55"
                          WIDTH="106"
                          VPOS="1263"
                          HPOS="1361"
                          CONTENT="est"/>
                  <SP HEIGHT="55" WIDTH="15" VPOS="1263" HPOS="1467"/>
                  <String HEIGHT="55" WIDTH="91" VPOS="1263" HPOS="1421" CONTENT="ex"/>
                  <SP HEIGHT="55" WIDTH="15" VPOS="1263" HPOS="1513"/>
                  <String HEIGHT="55"
                          WIDTH="137"
                          VPOS="1263"
                          HPOS="1467"
                          CONTENT="dono:"/>
                  <SP HEIGHT="55" WIDTH="15" VPOS="1263" HPOS="1604"/>
                  <String HEIGHT="55"
                          WIDTH="122"
                          VPOS="1263"
                          HPOS="1558"
                          CONTENT="quam"/>
                  <SP HEIGHT="55" WIDTH="15" VPOS="1263" HPOS="1680"/>
                  <String HEIGHT="55" WIDTH="91" VPOS="1263" HPOS="1634" CONTENT="ad"/>
                  <SP HEIGHT="55" WIDTH="15" VPOS="1263" HPOS="1725"/>
                  <String HEIGHT="55"
                          WIDTH="137"
                          VPOS="1263"
                          HPOS="1680"
                          CONTENT="illam"/>
                  <SP HEIGHT="55" WIDTH="15" VPOS="1263" HPOS="1817"/>
                  <String HEIGHT="55"
                          WIDTH="122"
                          VPOS="1263"
                          HPOS="1771"
                          CONTENT="quae"/>
                  <SP HEIGHT="55" WIDTH="15" VPOS="1263" HPOS="1892"/>
                  <String HEIGHT="55"
                          WIDTH="122"
                          VPOS="1263"
                          HPOS="1847"
                          CONTENT="pure"/>
                  <SP HEIGHT="55" WIDTH="15" VPOS="1263" HPOS="1968"/>
                  <String HEIGHT="55"
                          WIDTH="213"
                          VPOS="1263"
                          HPOS="1923"
                          CONTENT="naturalis."/>
                  <SP HEIGHT="55" WIDTH="15" VPOS="1263" HPOS="2136"/>
                  <String HEIGHT="55" WIDTH="91" VPOS="1263" HPOS="2090" CONTENT="Si"/>
                  <SP HEIGHT="55" WIDTH="15" VPOS="1263" HPOS="2181"/>
                  <String HEIGHT="55"
                          WIDTH="122"
                          VPOS="1263"
                          HPOS="2136"
                          CONTENT="ergo"/>
                  <SP HEIGHT="55" WIDTH="15" VPOS="1263" HPOS="2257"/>
                  <String HEIGHT="55" WIDTH="91" VPOS="1263" HPOS="2212" CONTENT="in"/>
                  <SP HEIGHT="55" WIDTH="15" VPOS="1263" HPOS="2303"/>
                  <String HEIGHT="55"
                          WIDTH="76"
                          VPOS="1263"
                          HPOS="2242"
                          CONTENT="ali"/>
               </TextLine>
               <TextLine ID="r1l21"
                         BASELINE="1385"
                         HEIGHT="66"
                         WIDTH="1776"
                         VPOS="1319"
                         HPOS="549">
                  <String HEIGHT="66"
                          WIDTH="111"
                          VPOS="1319"
                          HPOS="533"
                          CONTENT="quo"/>
                  <SP HEIGHT="66" WIDTH="16" VPOS="1319" HPOS="644"/>
                  <String HEIGHT="66"
                          WIDTH="206"
                          VPOS="1319"
                          HPOS="597"
                          CONTENT="differunt"/>
                  <SP HEIGHT="66" WIDTH="16" VPOS="1319" HPOS="803"/>
                  <String HEIGHT="66"
                          WIDTH="127"
                          VPOS="1319"
                          HPOS="755"
                          CONTENT="vsus"/>
                  <SP HEIGHT="66" WIDTH="16" VPOS="1319" HPOS="882"/>
                  <String HEIGHT="66"
                          WIDTH="222"
                          VPOS="1319"
                          HPOS="834"
                          CONTENT="originalis"/>
                  <SP HEIGHT="66" WIDTH="16" VPOS="1319" HPOS="1056"/>
                  <String HEIGHT="66"
                          WIDTH="206"
                          VPOS="1319"
                          HPOS="1009"
                          CONTENT="iustitiae"/>
                  <SP HEIGHT="66" WIDTH="16" VPOS="1319" HPOS="1215"/>
                  <String HEIGHT="66"
                          WIDTH="111"
                          VPOS="1319"
                          HPOS="1167"
                          CONTENT="vno"/>
                  <SP HEIGHT="66" WIDTH="16" VPOS="1319" HPOS="1278"/>
                  <String HEIGHT="66"
                          WIDTH="143"
                          VPOS="1319"
                          HPOS="1231"
                          CONTENT="modo,"/>
                  <SP HEIGHT="66" WIDTH="16" VPOS="1319" HPOS="1374"/>
                  <String HEIGHT="66" WIDTH="79" VPOS="1319" HPOS="1326" CONTENT="&amp;"/>
                  <SP HEIGHT="66" WIDTH="16" VPOS="1319" HPOS="1405"/>
                  <String HEIGHT="66"
                          WIDTH="127"
                          VPOS="1319"
                          HPOS="1358"
                          CONTENT="alie"/>
                  <SP HEIGHT="66" WIDTH="16" VPOS="1319" HPOS="1485"/>
                  <String HEIGHT="66"
                          WIDTH="190"
                          VPOS="1319"
                          HPOS="1437"
                          CONTENT="scilicet"/>
                  <SP HEIGHT="66" WIDTH="16" VPOS="1319" HPOS="1627"/>
                  <String HEIGHT="66"
                          WIDTH="111"
                          VPOS="1319"
                          HPOS="1580"
                          CONTENT="cum"/>
                  <SP HEIGHT="66" WIDTH="16" VPOS="1319" HPOS="1691"/>
                  <String HEIGHT="66"
                          WIDTH="127"
                          VPOS="1319"
                          HPOS="1643"
                          CONTENT="dono"/>
                  <SP HEIGHT="66" WIDTH="16" VPOS="1319" HPOS="1770"/>
                  <String HEIGHT="66" WIDTH="79" VPOS="1319" HPOS="1722" CONTENT="&amp;"/>
                  <SP HEIGHT="66" WIDTH="16" VPOS="1319" HPOS="1802"/>
                  <String HEIGHT="66"
                          WIDTH="127"
                          VPOS="1319"
                          HPOS="1754"
                          CONTENT="fine"/>
                  <SP HEIGHT="66" WIDTH="16" VPOS="1319" HPOS="1881"/>
                  <String HEIGHT="66"
                          WIDTH="143"
                          VPOS="1319"
                          HPOS="1833"
                          CONTENT="dono:"/>
                  <SP HEIGHT="66" WIDTH="16" VPOS="1319" HPOS="1976"/>
                  <String HEIGHT="66"
                          WIDTH="111"
                          VPOS="1319"
                          HPOS="1929"
                          CONTENT="hoc"/>
                  <SP HEIGHT="66" WIDTH="16" VPOS="1319" HPOS="2040"/>
                  <String HEIGHT="66"
                          WIDTH="111"
                          VPOS="1319"
                          HPOS="1992"
                          CONTENT="est"/>
                  <SP HEIGHT="66" WIDTH="16" VPOS="1319" HPOS="2103"/>
                  <String HEIGHT="66"
                          WIDTH="190"
                          VPOS="1319"
                          HPOS="2055"
                          CONTENT="secundum"/>
                  <SP HEIGHT="66" WIDTH="16" VPOS="1319" HPOS="2246"/>
                  <String HEIGHT="66"
                          WIDTH="143"
                          VPOS="1319"
                          HPOS="2182"
                          CONTENT="quintam"/>
               </TextLine>
               <TextLine ID="r1l22"
                         BASELINE="1430"
                         HEIGHT="61"
                         WIDTH="1773"
                         VPOS="1369"
                         HPOS="550">
                  <String HEIGHT="61"
                          WIDTH="275"
                          VPOS="1369"
                          HPOS="533"
                          CONTENT="conditionem:"/>
                  <SP HEIGHT="61" WIDTH="17" VPOS="1369" HPOS="808"/>
                  <String HEIGHT="61"
                          WIDTH="138"
                          VPOS="1369"
                          HPOS="757"
                          CONTENT="quod"/>
                  <SP HEIGHT="61" WIDTH="17" VPOS="1369" HPOS="894"/>
                  <String HEIGHT="61"
                          WIDTH="138"
                          VPOS="1369"
                          HPOS="843"
                          CONTENT="homo"/>
                  <SP HEIGHT="61" WIDTH="17" VPOS="1369" HPOS="980"/>
                  <String HEIGHT="61"
                          WIDTH="120"
                          VPOS="1369"
                          HPOS="929"
                          CONTENT="per"/>
                  <SP HEIGHT="61" WIDTH="17" VPOS="1369" HPOS="1049"/>
                  <String HEIGHT="61"
                          WIDTH="155"
                          VPOS="1369"
                          HPOS="998"
                          CONTENT="ipsam"/>
                  <SP HEIGHT="61" WIDTH="17" VPOS="1369" HPOS="1152"/>
                  <String HEIGHT="61"
                          WIDTH="241"
                          VPOS="1369"
                          HPOS="1101"
                          CONTENT="originalem"/>
                  <SP HEIGHT="61" WIDTH="17" VPOS="1369" HPOS="1342"/>
                  <String HEIGHT="61"
                          WIDTH="103"
                          VPOS="1369"
                          HPOS="1290"
                          CONTENT="ex"/>
                  <SP HEIGHT="61" WIDTH="17" VPOS="1369" HPOS="1393"/>
                  <String HEIGHT="61"
                          WIDTH="138"
                          VPOS="1369"
                          HPOS="1342"
                          CONTENT="dono"/>
                  <SP HEIGHT="61" WIDTH="17" VPOS="1369" HPOS="1480"/>
                  <String HEIGHT="61"
                          WIDTH="172"
                          VPOS="1369"
                          HPOS="1428"
                          CONTENT="semper"/>
                  <SP HEIGHT="61" WIDTH="17" VPOS="1369" HPOS="1600"/>
                  <String HEIGHT="61"
                          WIDTH="172"
                          VPOS="1369"
                          HPOS="1548"
                          CONTENT="cauere"/>
                  <SP HEIGHT="61" WIDTH="17" VPOS="1369" HPOS="1721"/>
                  <String HEIGHT="61"
                          WIDTH="172"
                          VPOS="1369"
                          HPOS="1669"
                          CONTENT="potuit"/>
                  <SP HEIGHT="61" WIDTH="17" VPOS="1369" HPOS="1841"/>
                  <String HEIGHT="61"
                          WIDTH="224"
                          VPOS="1369"
                          HPOS="1789"
                          CONTENT="peccatum:"/>
                  <SP HEIGHT="61" WIDTH="17" VPOS="1369" HPOS="2013"/>
                  <String HEIGHT="61"
                          WIDTH="172"
                          VPOS="1369"
                          HPOS="1962"
                          CONTENT="reuera"/>
                  <SP HEIGHT="61" WIDTH="17" VPOS="1369" HPOS="2134"/>
                  <String HEIGHT="61"
                          WIDTH="155"
                          VPOS="1369"
                          HPOS="2082"
                          CONTENT="nihil"/>
                  <SP HEIGHT="61" WIDTH="17" VPOS="1369" HPOS="2237"/>
                  <String HEIGHT="61"
                          WIDTH="155"
                          VPOS="1369"
                          HPOS="2168"
                          CONTENT="habemus"/>
               </TextLine>
               <TextLine ID="r1l23"
                         BASELINE="1488"
                         HEIGHT="67"
                         WIDTH="1778"
                         VPOS="1421"
                         HPOS="548">
                  <String HEIGHT="67"
                          WIDTH="162"
                          VPOS="1421"
                          HPOS="532"
                          CONTENT="contra"/>
                  <SP HEIGHT="67" WIDTH="16" VPOS="1421" HPOS="693"/>
                  <String HEIGHT="67"
                          WIDTH="113"
                          VPOS="1421"
                          HPOS="645"
                          CONTENT="hoc"/>
                  <SP HEIGHT="67" WIDTH="16" VPOS="1421" HPOS="758"/>
                  <String HEIGHT="67"
                          WIDTH="129"
                          VPOS="1421"
                          HPOS="710"
                          CONTENT="quod"/>
                  <SP HEIGHT="67" WIDTH="16" VPOS="1421" HPOS="839"/>
                  <String HEIGHT="67"
                          WIDTH="162"
                          VPOS="1421"
                          HPOS="790"
                          CONTENT="dicere"/>
                  <SP HEIGHT="67" WIDTH="16" VPOS="1421" HPOS="952"/>
                  <String HEIGHT="67"
                          WIDTH="210"
                          VPOS="1421"
                          HPOS="904"
                          CONTENT="possumus,"/>
                  <SP HEIGHT="67" WIDTH="16" VPOS="1421" HPOS="1114"/>
                  <String HEIGHT="67" WIDTH="97" VPOS="1421" HPOS="1065" CONTENT="si"/>
                  <SP HEIGHT="67" WIDTH="16" VPOS="1421" HPOS="1162"/>
                  <String HEIGHT="67"
                          WIDTH="129"
                          VPOS="1421"
                          HPOS="1114"
                          CONTENT="ista"/>
                  <SP HEIGHT="67" WIDTH="16" VPOS="1421" HPOS="1243"/>
                  <String HEIGHT="67"
                          WIDTH="113"
                          VPOS="1421"
                          HPOS="1195"
                          CONTENT="sit"/>
                  <SP HEIGHT="67" WIDTH="16" VPOS="1421" HPOS="1308"/>
                  <String HEIGHT="67"
                          WIDTH="194"
                          VPOS="1421"
                          HPOS="1259"
                          CONTENT="conditio"/>
                  <SP HEIGHT="67" WIDTH="16" VPOS="1421" HPOS="1453"/>
                  <String HEIGHT="67"
                          WIDTH="226"
                          VPOS="1421"
                          HPOS="1405"
                          CONTENT="originalis"/>
                  <SP HEIGHT="67" WIDTH="16" VPOS="1421" HPOS="1631"/>
                  <String HEIGHT="67"
                          WIDTH="226"
                          VPOS="1421"
                          HPOS="1582"
                          CONTENT="iustitiae,"/>
                  <SP HEIGHT="67" WIDTH="16" VPOS="1421" HPOS="1809"/>
                  <String HEIGHT="67" WIDTH="81" VPOS="1421" HPOS="1760" CONTENT="&amp;"/>
                  <SP HEIGHT="67" WIDTH="16" VPOS="1421" HPOS="1841"/>
                  <String HEIGHT="67"
                          WIDTH="113"
                          VPOS="1421"
                          HPOS="1793"
                          CONTENT="pro"/>
                  <SP HEIGHT="67" WIDTH="16" VPOS="1421" HPOS="1906"/>
                  <String HEIGHT="67"
                          WIDTH="129"
                          VPOS="1421"
                          HPOS="1857"
                          CONTENT="tali"/>
                  <SP HEIGHT="67" WIDTH="16" VPOS="1421" HPOS="1987"/>
                  <String HEIGHT="67"
                          WIDTH="145"
                          VPOS="1421"
                          HPOS="1938"
                          CONTENT="cuius"/>
                  <SP HEIGHT="67" WIDTH="16" VPOS="1421" HPOS="2084"/>
                  <String HEIGHT="67"
                          WIDTH="113"
                          VPOS="1421"
                          HPOS="2035"
                          CONTENT="est"/>
                  <SP HEIGHT="67" WIDTH="16" VPOS="1421" HPOS="2148"/>
                  <String HEIGHT="67"
                          WIDTH="129"
                          VPOS="1421"
                          HPOS="2100"
                          CONTENT="haec"/>
                  <SP HEIGHT="67" WIDTH="16" VPOS="1421" HPOS="2229"/>
                  <String HEIGHT="67"
                          WIDTH="162"
                          VPOS="1421"
                          HPOS="2164"
                          CONTENT="conditio"/>
               </TextLine>
               <TextLine ID="r1l24"
                         BASELINE="1530"
                         HEIGHT="50"
                         WIDTH="1785"
                         VPOS="1480"
                         HPOS="542">
                  <String HEIGHT="50"
                          WIDTH="153"
                          VPOS="1480"
                          HPOS="525"
                          CONTENT="nomen"/>
                  <SP HEIGHT="50" WIDTH="17" VPOS="1480" HPOS="678"/>
                  <String HEIGHT="50"
                          WIDTH="238"
                          VPOS="1480"
                          HPOS="627"
                          CONTENT="assumitur:"/>
                  <SP HEIGHT="50" WIDTH="17" VPOS="1480" HPOS="865"/>
                  <String HEIGHT="50"
                          WIDTH="136"
                          VPOS="1480"
                          HPOS="814"
                          CONTENT="quin"/>
                  <SP HEIGHT="50" WIDTH="17" VPOS="1480" HPOS="950"/>
                  <String HEIGHT="50"
                          WIDTH="204"
                          VPOS="1480"
                          HPOS="899"
                          CONTENT="iustitia"/>
                  <SP HEIGHT="50" WIDTH="17" VPOS="1480" HPOS="1103"/>
                  <String HEIGHT="50"
                          WIDTH="238"
                          VPOS="1480"
                          HPOS="1052"
                          CONTENT="originalis"/>
                  <SP HEIGHT="50" WIDTH="17" VPOS="1480" HPOS="1290"/>
                  <String HEIGHT="50"
                          WIDTH="153"
                          VPOS="1480"
                          HPOS="1239"
                          CONTENT="donum"/>
                  <SP HEIGHT="50" WIDTH="17" VPOS="1480" HPOS="1392"/>
                  <String HEIGHT="50"
                          WIDTH="187"
                          VPOS="1480"
                          HPOS="1341"
                          CONTENT="gratiae"/>
                  <SP HEIGHT="50" WIDTH="17" VPOS="1480" HPOS="1528"/>
                  <String HEIGHT="50"
                          WIDTH="102"
                          VPOS="1480"
                          HPOS="1477"
                          CONTENT="ad"/>
                  <SP HEIGHT="50" WIDTH="17" VPOS="1480" HPOS="1579"/>
                  <String HEIGHT="50"
                          WIDTH="153"
                          VPOS="1480"
                          HPOS="1528"
                          CONTENT="minus"/>
                  <SP HEIGHT="50" WIDTH="17" VPOS="1480" HPOS="1681"/>
                  <String HEIGHT="50"
                          WIDTH="170"
                          VPOS="1480"
                          HPOS="1630"
                          CONTENT="gratis"/>
                  <SP HEIGHT="50" WIDTH="17" VPOS="1480" HPOS="1800"/>
                  <String HEIGHT="50"
                          WIDTH="153"
                          VPOS="1480"
                          HPOS="1749"
                          CONTENT="datae"/>
                  <SP HEIGHT="50" WIDTH="17" VPOS="1480" HPOS="1902"/>
                  <String HEIGHT="50"
                          WIDTH="221"
                          VPOS="1480"
                          HPOS="1851"
                          CONTENT="includat:"/>
                  <SP HEIGHT="50" WIDTH="17" VPOS="1480" HPOS="2072"/>
                  <String HEIGHT="50"
                          WIDTH="119"
                          VPOS="1480"
                          HPOS="2021"
                          CONTENT="quo"/>
                  <SP HEIGHT="50" WIDTH="17" VPOS="1480" HPOS="2140"/>
                  <String HEIGHT="50"
                          WIDTH="170"
                          VPOS="1480"
                          HPOS="2089"
                          CONTENT="semper"/>
                  <SP HEIGHT="50" WIDTH="17" VPOS="1480" HPOS="2259"/>
                  <String HEIGHT="50"
                          WIDTH="136"
                          VPOS="1480"
                          HPOS="2191"
                          CONTENT="posset"/>
               </TextLine>
               <TextLine ID="r1l25"
                         BASELINE="1593"
                         HEIGHT="63"
                         WIDTH="1783"
                         VPOS="1530"
                         HPOS="541">
                  <String HEIGHT="63"
                          WIDTH="151"
                          VPOS="1530"
                          HPOS="524"
                          CONTENT="stare"/>
                  <SP HEIGHT="63" WIDTH="17" VPOS="1530" HPOS="676"/>
                  <String HEIGHT="63"
                          WIDTH="135"
                          VPOS="1530"
                          HPOS="625"
                          CONTENT="sine"/>
                  <SP HEIGHT="63" WIDTH="17" VPOS="1530" HPOS="760"/>
                  <String HEIGHT="63"
                          WIDTH="202"
                          VPOS="1530"
                          HPOS="709"
                          CONTENT="peccato:"/>
                  <SP HEIGHT="63" WIDTH="17" VPOS="1530" HPOS="911"/>
                  <String HEIGHT="63"
                          WIDTH="151"
                          VPOS="1530"
                          HPOS="861"
                          CONTENT="licet"/>
                  <SP HEIGHT="63" WIDTH="17" VPOS="1530" HPOS="1012"/>
                  <String HEIGHT="63"
                          WIDTH="185"
                          VPOS="1530"
                          HPOS="962"
                          CONTENT="nunquam"/>
                  <SP HEIGHT="63" WIDTH="17" VPOS="1530" HPOS="1147"/>
                  <String HEIGHT="63"
                          WIDTH="202"
                          VPOS="1530"
                          HPOS="1096"
                          CONTENT="mereatur"/>
                  <SP HEIGHT="63" WIDTH="17" VPOS="1530" HPOS="1298"/>
                  <String HEIGHT="63"
                          WIDTH="235"
                          VPOS="1530"
                          HPOS="1247"
                          CONTENT="proficere."/>
                  <SP HEIGHT="63" WIDTH="17" VPOS="1530" HPOS="1483"/>
                  <String HEIGHT="63"
                          WIDTH="168"
                          VPOS="1530"
                          HPOS="1433"
                          CONTENT="Etenim"/>
                  <SP HEIGHT="63" WIDTH="17" VPOS="1530" HPOS="1601"/>
                  <String HEIGHT="63"
                          WIDTH="151"
                          VPOS="1530"
                          HPOS="1550"
                          CONTENT="licet"/>
                  <SP HEIGHT="63" WIDTH="17" VPOS="1530" HPOS="1702"/>
                  <String HEIGHT="63"
                          WIDTH="135"
                          VPOS="1530"
                          HPOS="1651"
                          CONTENT="homo"/>
                  <SP HEIGHT="63" WIDTH="17" VPOS="1530" HPOS="1786"/>
                  <String HEIGHT="63"
                          WIDTH="101"
                          VPOS="1530"
                          HPOS="1735"
                          CONTENT="vt"/>
                  <SP HEIGHT="63" WIDTH="17" VPOS="1530" HPOS="1836"/>
                  <String HEIGHT="63"
                          WIDTH="202"
                          VPOS="1530"
                          HPOS="1786"
                          CONTENT="existens"/>
                  <SP HEIGHT="63" WIDTH="17" VPOS="1530" HPOS="1988"/>
                  <String HEIGHT="63"
                          WIDTH="101"
                          VPOS="1530"
                          HPOS="1937"
                          CONTENT="in"/>
                  <SP HEIGHT="63" WIDTH="17" VPOS="1530" HPOS="2038"/>
                  <String HEIGHT="63"
                          WIDTH="135"
                          VPOS="1530"
                          HPOS="1988"
                          CONTENT="ipsa"/>
                  <SP HEIGHT="63" WIDTH="17" VPOS="1530" HPOS="2122"/>
                  <String HEIGHT="63"
                          WIDTH="202"
                          VPOS="1530"
                          HPOS="2072"
                          CONTENT="naturali"/>
                  <SP HEIGHT="63" WIDTH="17" VPOS="1530" HPOS="2274"/>
                  <String HEIGHT="63"
                          WIDTH="118"
                          VPOS="1530"
                          HPOS="2206"
                          CONTENT="recti"/>
               </TextLine>
               <TextLine ID="r1l26"
                         BASELINE="1655"
                         HEIGHT="69"
                         WIDTH="1778"
                         VPOS="1586"
                         HPOS="542">
                  <String HEIGHT="69"
                          WIDTH="183"
                          VPOS="1586"
                          HPOS="524"
                          CONTENT="tudine"/>
                  <SP HEIGHT="69" WIDTH="18" VPOS="1586" HPOS="707"/>
                  <String HEIGHT="69"
                          WIDTH="183"
                          VPOS="1586"
                          HPOS="652"
                          CONTENT="absque"/>
                  <SP HEIGHT="69" WIDTH="18" VPOS="1586" HPOS="835"/>
                  <String HEIGHT="69"
                          WIDTH="147"
                          VPOS="1586"
                          HPOS="780"
                          CONTENT="omni"/>
                  <SP HEIGHT="69" WIDTH="18" VPOS="1586" HPOS="927"/>
                  <String HEIGHT="69"
                          WIDTH="147"
                          VPOS="1586"
                          HPOS="872"
                          CONTENT="dono"/>
                  <SP HEIGHT="69" WIDTH="18" VPOS="1586" HPOS="1019"/>
                  <String HEIGHT="69"
                          WIDTH="183"
                          VPOS="1586"
                          HPOS="964"
                          CONTENT="nullam"/>
                  <SP HEIGHT="69" WIDTH="18" VPOS="1586" HPOS="1147"/>
                  <String HEIGHT="69"
                          WIDTH="202"
                          VPOS="1586"
                          HPOS="1092"
                          CONTENT="haberet"/>
                  <SP HEIGHT="69" WIDTH="18" VPOS="1586" HPOS="1294"/>
                  <String HEIGHT="69"
                          WIDTH="183"
                          VPOS="1586"
                          HPOS="1239"
                          CONTENT="omnino"/>
                  <SP HEIGHT="69" WIDTH="18" VPOS="1586" HPOS="1422"/>
                  <String HEIGHT="69"
                          WIDTH="293"
                          VPOS="1586"
                          HPOS="1367"
                          CONTENT="necessitatem"/>
                  <SP HEIGHT="69" WIDTH="18" VPOS="1586" HPOS="1660"/>
                  <String HEIGHT="69"
                          WIDTH="275"
                          VPOS="1586"
                          HPOS="1605"
                          CONTENT="impellentem"/>
                  <SP HEIGHT="69" WIDTH="18" VPOS="1586" HPOS="1880"/>
                  <String HEIGHT="69"
                          WIDTH="110"
                          VPOS="1586"
                          HPOS="1825"
                          CONTENT="ad"/>
                  <SP HEIGHT="69" WIDTH="18" VPOS="1586" HPOS="1935"/>
                  <String HEIGHT="69"
                          WIDTH="220"
                          VPOS="1586"
                          HPOS="1880"
                          CONTENT="peccatum"/>
                  <SP HEIGHT="69" WIDTH="18" VPOS="1586" HPOS="2100"/>
                  <String HEIGHT="69"
                          WIDTH="312"
                          VPOS="1586"
                          HPOS="2045"
                          CONTENT="commissionis:"/>
                  <SP HEIGHT="69" WIDTH="18" VPOS="1586" HPOS="2357"/>
                  <String HEIGHT="69" WIDTH="37" VPOS="1586" HPOS="2283" CONTENT=""/>
               </TextLine>
               <TextLine ID="r1l27"
                         BASELINE="1704"
                         HEIGHT="66"
                         WIDTH="1782"
                         VPOS="1638"
                         HPOS="549">
                  <String HEIGHT="66"
                          WIDTH="133"
                          VPOS="1638"
                          HPOS="532"
                          CONTENT="quia"/>
                  <SP HEIGHT="66" WIDTH="17" VPOS="1638" HPOS="666"/>
                  <String HEIGHT="66"
                          WIDTH="150"
                          VPOS="1638"
                          HPOS="616"
                          CONTENT="tamen"/>
                  <SP HEIGHT="66" WIDTH="17" VPOS="1638" HPOS="766"/>
                  <String HEIGHT="66"
                          WIDTH="217"
                          VPOS="1638"
                          HPOS="716"
                          CONTENT="tenebatur"/>
                  <SP HEIGHT="66" WIDTH="17" VPOS="1638" HPOS="932"/>
                  <String HEIGHT="66" WIDTH="100" VPOS="1638" HPOS="882" CONTENT="ex"/>
                  <SP HEIGHT="66" WIDTH="17" VPOS="1638" HPOS="982"/>
                  <String HEIGHT="66"
                          WIDTH="217"
                          VPOS="1638"
                          HPOS="932"
                          CONTENT="praecepto"/>
                  <SP HEIGHT="66" WIDTH="17" VPOS="1638" HPOS="1149"/>
                  <String HEIGHT="66"
                          WIDTH="150"
                          VPOS="1638"
                          HPOS="1099"
                          CONTENT="iuris"/>
                  <SP HEIGHT="66" WIDTH="17" VPOS="1638" HPOS="1248"/>
                  <String HEIGHT="66"
                          WIDTH="217"
                          VPOS="1638"
                          HPOS="1199"
                          CONTENT="naturalis"/>
                  <SP HEIGHT="66" WIDTH="17" VPOS="1638" HPOS="1415"/>
                  <String HEIGHT="66"
                          WIDTH="100"
                          VPOS="1638"
                          HPOS="1365"
                          CONTENT="ad"/>
                  <SP HEIGHT="66" WIDTH="17" VPOS="1638" HPOS="1465"/>
                  <String HEIGHT="66"
                          WIDTH="117"
                          VPOS="1638"
                          HPOS="1415"
                          CONTENT="sui"/>
                  <SP HEIGHT="66" WIDTH="17" VPOS="1638" HPOS="1532"/>
                  <String HEIGHT="66"
                          WIDTH="217"
                          VPOS="1638"
                          HPOS="1482"
                          CONTENT="custodiam"/>
                  <SP HEIGHT="66" WIDTH="17" VPOS="1638" HPOS="1698"/>
                  <String HEIGHT="66"
                          WIDTH="100"
                          VPOS="1638"
                          HPOS="1648"
                          CONTENT="ne"/>
                  <SP HEIGHT="66" WIDTH="17" VPOS="1638" HPOS="1748"/>
                  <String HEIGHT="66"
                          WIDTH="183"
                          VPOS="1638"
                          HPOS="1698"
                          CONTENT="aliquid"/>
                  <SP HEIGHT="66" WIDTH="17" VPOS="1638" HPOS="1881"/>
                  <String HEIGHT="66"
                          WIDTH="183"
                          VPOS="1638"
                          HPOS="1831"
                          CONTENT="poenale"/>
                  <SP HEIGHT="66" WIDTH="17" VPOS="1638" HPOS="2015"/>
                  <String HEIGHT="66"
                          WIDTH="183"
                          VPOS="1638"
                          HPOS="1965"
                          CONTENT="corpori"/>
                  <SP HEIGHT="66" WIDTH="17" VPOS="1638" HPOS="2148"/>
                  <String HEIGHT="66"
                          WIDTH="217"
                          VPOS="1638"
                          HPOS="2098"
                          CONTENT="obuiaret:"/>
                  <SP HEIGHT="66" WIDTH="17" VPOS="1638" HPOS="2314"/>
                  <String HEIGHT="66"
                          WIDTH="83"
                          VPOS="1638"
                          HPOS="2248"
                          CONTENT="nec"/>
               </TextLine>
               <TextLine ID="r1l28"
                         BASELINE="1764"
                         HEIGHT="74"
                         WIDTH="1783"
                         VPOS="1690"
                         HPOS="545">
                  <String HEIGHT="74"
                          WIDTH="189"
                          VPOS="1690"
                          HPOS="529"
                          CONTENT="sufficit"/>
                  <SP HEIGHT="74" WIDTH="16" VPOS="1690" HPOS="719"/>
                  <String HEIGHT="74"
                          WIDTH="126"
                          VPOS="1690"
                          HPOS="671"
                          CONTENT="sibi"/>
                  <SP HEIGHT="74" WIDTH="16" VPOS="1690" HPOS="797"/>
                  <String HEIGHT="74" WIDTH="95" VPOS="1690" HPOS="750" CONTENT="ab"/>
                  <SP HEIGHT="74" WIDTH="16" VPOS="1690" HPOS="845"/>
                  <String HEIGHT="74"
                          WIDTH="174"
                          VPOS="1690"
                          HPOS="797"
                          CONTENT="omnibus"/>
                  <SP HEIGHT="74" WIDTH="16" VPOS="1690" HPOS="971"/>
                  <String HEIGHT="74"
                          WIDTH="237"
                          VPOS="1690"
                          HPOS="924"
                          CONTENT="praecauere,"/>
                  <SP HEIGHT="74" WIDTH="16" VPOS="1690" HPOS="1160"/>
                  <String HEIGHT="74"
                          WIDTH="126"
                          VPOS="1690"
                          HPOS="1113"
                          CONTENT="nisi"/>
                  <SP HEIGHT="74" WIDTH="16" VPOS="1690" HPOS="1239"/>
                  <String HEIGHT="74"
                          WIDTH="110"
                          VPOS="1690"
                          HPOS="1192"
                          CONTENT="per"/>
                  <SP HEIGHT="74" WIDTH="16" VPOS="1690" HPOS="1302"/>
                  <String HEIGHT="74"
                          WIDTH="205"
                          VPOS="1690"
                          HPOS="1255"
                          CONTENT="specialem"/>
                  <SP HEIGHT="74" WIDTH="16" VPOS="1690" HPOS="1460"/>
                  <String HEIGHT="74"
                          WIDTH="221"
                          VPOS="1690"
                          HPOS="1413"
                          CONTENT="custodiam,"/>
                  <SP HEIGHT="74" WIDTH="16" VPOS="1690" HPOS="1634"/>
                  <String HEIGHT="74"
                          WIDTH="126"
                          VPOS="1690"
                          HPOS="1586"
                          CONTENT="sine"/>
                  <SP HEIGHT="74" WIDTH="16" VPOS="1690" HPOS="1713"/>
                  <String HEIGHT="74"
                          WIDTH="110"
                          VPOS="1690"
                          HPOS="1665"
                          CONTENT="qua"/>
                  <SP HEIGHT="74" WIDTH="16" VPOS="1690" HPOS="1776"/>
                  <String HEIGHT="74"
                          WIDTH="174"
                          VPOS="1690"
                          HPOS="1728"
                          CONTENT="necesse"/>
                  <SP HEIGHT="74" WIDTH="16" VPOS="1690" HPOS="1902"/>
                  <String HEIGHT="74"
                          WIDTH="142"
                          VPOS="1690"
                          HPOS="1855"
                          CONTENT="tamen"/>
                  <SP HEIGHT="74" WIDTH="16" VPOS="1690" HPOS="1997"/>
                  <String HEIGHT="74"
                          WIDTH="174"
                          VPOS="1690"
                          HPOS="1949"
                          CONTENT="haberet"/>
                  <SP HEIGHT="74" WIDTH="16" VPOS="1690" HPOS="2123"/>
                  <String HEIGHT="74"
                          WIDTH="205"
                          VPOS="1690"
                          HPOS="2076"
                          CONTENT="incurrere"/>
                  <SP HEIGHT="74" WIDTH="16" VPOS="1690" HPOS="2281"/>
                  <String HEIGHT="74"
                          WIDTH="110"
                          VPOS="1690"
                          HPOS="2218"
                          CONTENT="pecca"/>
               </TextLine>
               <TextLine ID="r1l29"
                         BASELINE="1802"
                         HEIGHT="56"
                         WIDTH="1780"
                         VPOS="1746"
                         HPOS="551">
                  <String HEIGHT="56"
                          WIDTH="122"
                          VPOS="1746"
                          HPOS="534"
                          CONTENT="tum"/>
                  <SP HEIGHT="56" WIDTH="17" VPOS="1746" HPOS="656"/>
                  <String HEIGHT="56"
                          WIDTH="244"
                          VPOS="1746"
                          HPOS="603"
                          CONTENT="omissionis"/>
                  <SP HEIGHT="56" WIDTH="17" VPOS="1746" HPOS="848"/>
                  <String HEIGHT="56"
                          WIDTH="140"
                          VPOS="1746"
                          HPOS="795"
                          CONTENT="nisi"/>
                  <SP HEIGHT="56" WIDTH="17" VPOS="1746" HPOS="935"/>
                  <String HEIGHT="56"
                          WIDTH="140"
                          VPOS="1746"
                          HPOS="883"
                          CONTENT="deus"/>
                  <SP HEIGHT="56" WIDTH="17" VPOS="1746" HPOS="1022"/>
                  <String HEIGHT="56"
                          WIDTH="122"
                          VPOS="1746"
                          HPOS="970"
                          CONTENT="eum"/>
                  <SP HEIGHT="56" WIDTH="17" VPOS="1746" HPOS="1092"/>
                  <String HEIGHT="56"
                          WIDTH="140"
                          VPOS="1746"
                          HPOS="1040"
                          CONTENT="dono"/>
                  <SP HEIGHT="56" WIDTH="17" VPOS="1746" HPOS="1179"/>
                  <String HEIGHT="56"
                          WIDTH="122"
                          VPOS="1746"
                          HPOS="1127"
                          CONTENT="suo"/>
                  <SP HEIGHT="56" WIDTH="17" VPOS="1746" HPOS="1249"/>
                  <String HEIGHT="56"
                          WIDTH="297"
                          VPOS="1746"
                          HPOS="1197"
                          CONTENT="praeuenisset,"/>
                  <SP HEIGHT="56" WIDTH="17" VPOS="1746" HPOS="1493"/>
                  <String HEIGHT="56"
                          WIDTH="122"
                          VPOS="1746"
                          HPOS="1441"
                          CONTENT="aut"/>
                  <SP HEIGHT="56" WIDTH="17" VPOS="1746" HPOS="1563"/>
                  <String HEIGHT="56"
                          WIDTH="122"
                          VPOS="1746"
                          HPOS="1511"
                          CONTENT="per"/>
                  <SP HEIGHT="56" WIDTH="17" VPOS="1746" HPOS="1633"/>
                  <String HEIGHT="56"
                          WIDTH="227"
                          VPOS="1746"
                          HPOS="1581"
                          CONTENT="iustitiam"/>
                  <SP HEIGHT="56" WIDTH="17" VPOS="1746" HPOS="1807"/>
                  <String HEIGHT="56"
                          WIDTH="244"
                          VPOS="1746"
                          HPOS="1755"
                          CONTENT="originalem"/>
                  <SP HEIGHT="56" WIDTH="17" VPOS="1746" HPOS="1999"/>
                  <String HEIGHT="56"
                          WIDTH="227"
                          VPOS="1746"
                          HPOS="1947"
                          CONTENT="naturalem"/>
                  <SP HEIGHT="56" WIDTH="17" VPOS="1746" HPOS="2174"/>
                  <String HEIGHT="56"
                          WIDTH="122"
                          VPOS="1746"
                          HPOS="2122"
                          CONTENT="non"/>
                  <SP HEIGHT="56" WIDTH="17" VPOS="1746" HPOS="2244"/>
                  <String HEIGHT="56"
                          WIDTH="157"
                          VPOS="1746"
                          HPOS="2174"
                          CONTENT="fuisset"/>
               </TextLine>
               <TextLine ID="r1l30"
                         BASELINE="1855"
                         HEIGHT="56"
                         WIDTH="1781"
                         VPOS="1799"
                         HPOS="550">
                  <String HEIGHT="56"
                          WIDTH="201"
                          VPOS="1799"
                          HPOS="535"
                          CONTENT="obligatus"/>
                  <SP HEIGHT="56" WIDTH="15" VPOS="1799" HPOS="736"/>
                  <String HEIGHT="56"
                          WIDTH="124"
                          VPOS="1799"
                          HPOS="689"
                          CONTENT="nisi"/>
                  <SP HEIGHT="56" WIDTH="15" VPOS="1799" HPOS="813"/>
                  <String HEIGHT="56" WIDTH="93" VPOS="1799" HPOS="767" CONTENT="ad"/>
                  <SP HEIGHT="56" WIDTH="15" VPOS="1799" HPOS="860"/>
                  <String HEIGHT="56" WIDTH="93" VPOS="1799" HPOS="813" CONTENT="ea"/>
                  <SP HEIGHT="56" WIDTH="15" VPOS="1799" HPOS="906"/>
                  <String HEIGHT="56"
                          WIDTH="124"
                          VPOS="1799"
                          HPOS="860"
                          CONTENT="quae"/>
                  <SP HEIGHT="56" WIDTH="15" VPOS="1799" HPOS="984"/>
                  <String HEIGHT="56"
                          WIDTH="108"
                          VPOS="1799"
                          HPOS="937"
                          CONTENT="per"/>
                  <SP HEIGHT="56" WIDTH="15" VPOS="1799" HPOS="1046"/>
                  <String HEIGHT="56" WIDTH="93" VPOS="1799" HPOS="999" CONTENT="se"/>
                  <SP HEIGHT="56" WIDTH="15" VPOS="1799" HPOS="1092"/>
                  <String HEIGHT="56"
                          WIDTH="217"
                          VPOS="1799"
                          HPOS="1046"
                          CONTENT="potuisset:"/>
                  <SP HEIGHT="56" WIDTH="15" VPOS="1799" HPOS="1262"/>
                  <String HEIGHT="56"
                          WIDTH="139"
                          VPOS="1799"
                          HPOS="1216"
                          CONTENT="licet"/>
                  <SP HEIGHT="56" WIDTH="15" VPOS="1799" HPOS="1355"/>
                  <String HEIGHT="56" WIDTH="93" VPOS="1799" HPOS="1309" CONTENT="nm"/>
                  <SP HEIGHT="56" WIDTH="15" VPOS="1799" HPOS="1402"/>
                  <String HEIGHT="56"
                          WIDTH="155"
                          VPOS="1799"
                          HPOS="1355"
                          CONTENT="possit"/>
                  <SP HEIGHT="56" WIDTH="15" VPOS="1799" HPOS="1510"/>
                  <String HEIGHT="56"
                          WIDTH="124"
                          VPOS="1799"
                          HPOS="1464"
                          CONTENT="sibi"/>
                  <SP HEIGHT="56" WIDTH="15" VPOS="1799" HPOS="1588"/>
                  <String HEIGHT="56"
                          WIDTH="217"
                          VPOS="1799"
                          HPOS="1541"
                          CONTENT="praecauere"/>
                  <SP HEIGHT="56" WIDTH="15" VPOS="1799" HPOS="1758"/>
                  <String HEIGHT="56" WIDTH="77" VPOS="1799" HPOS="1712" CONTENT="a"/>
                  <SP HEIGHT="56" WIDTH="15" VPOS="1799" HPOS="1789"/>
                  <String HEIGHT="56"
                          WIDTH="186"
                          VPOS="1799"
                          HPOS="1742"
                          CONTENT="singulis"/>
                  <SP HEIGHT="56" WIDTH="15" VPOS="1799" HPOS="1928"/>
                  <String HEIGHT="56" WIDTH="93" VPOS="1799" HPOS="1882" CONTENT="ex"/>
                  <SP HEIGHT="56" WIDTH="15" VPOS="1799" HPOS="1975"/>
                  <String HEIGHT="56"
                          WIDTH="139"
                          VPOS="1799"
                          HPOS="1928"
                          CONTENT="puris"/>
                  <SP HEIGHT="56" WIDTH="15" VPOS="1799" HPOS="2068"/>
                  <String HEIGHT="56"
                          WIDTH="248"
                          VPOS="1799"
                          HPOS="2021"
                          CONTENT="naturalibus:"/>
                  <SP HEIGHT="56" WIDTH="15" VPOS="1799" HPOS="2269"/>
                  <String HEIGHT="56"
                          WIDTH="108"
                          VPOS="1799"
                          HPOS="2223"
                          CONTENT="non"/>
                  <SP HEIGHT="56" WIDTH="15" VPOS="1799" HPOS="2331"/>
                  <String HEIGHT="56" WIDTH="62" VPOS="1799" HPOS="2269" CONTENT="ta"/>
               </TextLine>
               <TextLine ID="r1l31"
                         BASELINE="1917"
                         HEIGHT="67"
                         WIDTH="1789"
                         VPOS="1850"
                         HPOS="539">
                  <String HEIGHT="67"
                          WIDTH="114"
                          VPOS="1850"
                          HPOS="523"
                          CONTENT="men"/>
                  <SP HEIGHT="67" WIDTH="16" VPOS="1850" HPOS="637"/>
                  <String HEIGHT="67" WIDTH="98" VPOS="1850" HPOS="588" CONTENT="ab"/>
                  <SP HEIGHT="67" WIDTH="16" VPOS="1850" HPOS="685"/>
                  <String HEIGHT="67"
                          WIDTH="195"
                          VPOS="1850"
                          HPOS="637"
                          CONTENT="omnibus:"/>
                  <SP HEIGHT="67" WIDTH="16" VPOS="1850" HPOS="832"/>
                  <String HEIGHT="67"
                          WIDTH="146"
                          VPOS="1850"
                          HPOS="783"
                          CONTENT="sicut"/>
                  <SP HEIGHT="67" WIDTH="16" VPOS="1850" HPOS="929"/>
                  <String HEIGHT="67"
                          WIDTH="146"
                          VPOS="1850"
                          HPOS="881"
                          CONTENT="patet"/>
                  <SP HEIGHT="67" WIDTH="16" VPOS="1850" HPOS="1027"/>
                  <String HEIGHT="67" WIDTH="98" VPOS="1850" HPOS="978" CONTENT="in"/>
                  <SP HEIGHT="67" WIDTH="16" VPOS="1850" HPOS="1076"/>
                  <String HEIGHT="67"
                          WIDTH="179"
                          VPOS="1850"
                          HPOS="1027"
                          CONTENT="exemplo"/>
                  <SP HEIGHT="67" WIDTH="16" VPOS="1850" HPOS="1206"/>
                  <String HEIGHT="67"
                          WIDTH="195"
                          VPOS="1850"
                          HPOS="1157"
                          CONTENT="debentis"/>
                  <SP HEIGHT="67" WIDTH="16" VPOS="1850" HPOS="1352"/>
                  <String HEIGHT="67"
                          WIDTH="195"
                          VPOS="1850"
                          HPOS="1303"
                          CONTENT="obturare"/>
                  <SP HEIGHT="67" WIDTH="16" VPOS="1850" HPOS="1499"/>
                  <String HEIGHT="67"
                          WIDTH="195"
                          VPOS="1850"
                          HPOS="1450"
                          CONTENT="foramina"/>
                  <SP HEIGHT="67" WIDTH="16" VPOS="1850" HPOS="1645"/>
                  <String HEIGHT="67"
                          WIDTH="163"
                          VPOS="1850"
                          HPOS="1596"
                          CONTENT="nauis:"/>
                  <SP HEIGHT="67" WIDTH="16" VPOS="1850" HPOS="1759"/>
                  <String HEIGHT="67" WIDTH="98" VPOS="1850" HPOS="1710" CONTENT="si"/>
                  <SP HEIGHT="67" WIDTH="16" VPOS="1850" HPOS="1808"/>
                  <String HEIGHT="67"
                          WIDTH="146"
                          VPOS="1850"
                          HPOS="1759"
                          CONTENT="tamen"/>
                  <SP HEIGHT="67" WIDTH="16" VPOS="1850" HPOS="1905"/>
                  <String HEIGHT="67"
                          WIDTH="179"
                          VPOS="1850"
                          HPOS="1856"
                          CONTENT="faceret"/>
                  <SP HEIGHT="67" WIDTH="16" VPOS="1850" HPOS="2035"/>
                  <String HEIGHT="67"
                          WIDTH="130"
                          VPOS="1850"
                          HPOS="1986"
                          CONTENT="quod"/>
                  <SP HEIGHT="67" WIDTH="16" VPOS="1850" HPOS="2117"/>
                  <String HEIGHT="67" WIDTH="98" VPOS="1850" HPOS="2068" CONTENT="in"/>
                  <SP HEIGHT="67" WIDTH="16" VPOS="1850" HPOS="2165"/>
                  <String HEIGHT="67" WIDTH="98" VPOS="1850" HPOS="2117" CONTENT="se"/>
                  <SP HEIGHT="67" WIDTH="16" VPOS="1850" HPOS="2214"/>
                  <String HEIGHT="67"
                          WIDTH="163"
                          VPOS="1850"
                          HPOS="2165"
                          CONTENT="esset,"/>
                  <SP HEIGHT="67" WIDTH="16" VPOS="1850" HPOS="2328"/>
                  <String HEIGHT="67" WIDTH="65" VPOS="1850" HPOS="2263" CONTENT="de"/>
               </TextLine>
               <TextLine ID="r1l32"
                         BASELINE="1968"
                         HEIGHT="61"
                         WIDTH="1776"
                         VPOS="1907"
                         HPOS="550">
                  <String HEIGHT="61" WIDTH="99" VPOS="1907" HPOS="534" CONTENT="us"/>
                  <SP HEIGHT="61" WIDTH="16" VPOS="1907" HPOS="632"/>
                  <String HEIGHT="61"
                          WIDTH="148"
                          VPOS="1907"
                          HPOS="583"
                          CONTENT="ipsum"/>
                  <SP HEIGHT="61" WIDTH="16" VPOS="1907" HPOS="731"/>
                  <String HEIGHT="61"
                          WIDTH="164"
                          VPOS="1907"
                          HPOS="682"
                          CONTENT="semper"/>
                  <SP HEIGHT="61" WIDTH="16" VPOS="1907" HPOS="846"/>
                  <String HEIGHT="61"
                          WIDTH="132"
                          VPOS="1907"
                          HPOS="797"
                          CONTENT="dono"/>
                  <SP HEIGHT="61" WIDTH="16" VPOS="1907" HPOS="928"/>
                  <String HEIGHT="61"
                          WIDTH="263"
                          VPOS="1907"
                          HPOS="879"
                          CONTENT="praeueniret,"/>
                  <SP HEIGHT="61" WIDTH="16" VPOS="1907" HPOS="1142"/>
                  <String HEIGHT="61"
                          WIDTH="115"
                          VPOS="1907"
                          HPOS="1093"
                          CONTENT="aut"/>
                  <SP HEIGHT="61" WIDTH="16" VPOS="1907" HPOS="1208"/>
                  <String HEIGHT="61"
                          WIDTH="214"
                          VPOS="1907"
                          HPOS="1158"
                          CONTENT="commissum"/>
                  <SP HEIGHT="61" WIDTH="16" VPOS="1907" HPOS="1372"/>
                  <String HEIGHT="61"
                          WIDTH="115"
                          VPOS="1907"
                          HPOS="1323"
                          CONTENT="non"/>
                  <SP HEIGHT="61" WIDTH="16" VPOS="1907" HPOS="1438"/>
                  <String HEIGHT="61"
                          WIDTH="230"
                          VPOS="1907"
                          HPOS="1389"
                          CONTENT="imputaret."/>
                  <SP HEIGHT="61" WIDTH="16" VPOS="1907" HPOS="1619"/>
                  <String HEIGHT="61"
                          WIDTH="197"
                          VPOS="1907"
                          HPOS="1570"
                          CONTENT="secundum"/>
                  <SP HEIGHT="61" WIDTH="16" VPOS="1907" HPOS="1767"/>
                  <String HEIGHT="61"
                          WIDTH="132"
                          VPOS="1907"
                          HPOS="1718"
                          CONTENT="quod"/>
                  <SP HEIGHT="61" WIDTH="16" VPOS="1907" HPOS="1849"/>
                  <String HEIGHT="61" WIDTH="99" VPOS="1907" HPOS="1800" CONTENT="de"/>
                  <SP HEIGHT="61" WIDTH="16" VPOS="1907" HPOS="1898"/>
                  <String HEIGHT="61"
                          WIDTH="115"
                          VPOS="1907"
                          HPOS="1849"
                          CONTENT="hoc"/>
                  <SP HEIGHT="61" WIDTH="16" VPOS="1907" HPOS="1964"/>
                  <String HEIGHT="61"
                          WIDTH="148"
                          VPOS="1907"
                          HPOS="1915"
                          CONTENT="alias"/>
                  <SP HEIGHT="61" WIDTH="16" VPOS="1907" HPOS="2063"/>
                  <String HEIGHT="61"
                          WIDTH="148"
                          VPOS="1907"
                          HPOS="2014"
                          CONTENT="sumus"/>
                  <SP HEIGHT="61" WIDTH="16" VPOS="1907" HPOS="2162"/>
                  <String HEIGHT="61"
                          WIDTH="181"
                          VPOS="1907"
                          HPOS="2112"
                          CONTENT="locuti."/>
                  <SP HEIGHT="61" WIDTH="16" VPOS="1907" HPOS="2293"/>
                  <String HEIGHT="61"
                          WIDTH="99"
                          VPOS="1907"
                          HPOS="2227"
                          CONTENT="Quia"/>
               </TextLine>
               <TextLine ID="r1l33"
                         BASELINE="2016"
                         HEIGHT="57"
                         WIDTH="1773"
                         VPOS="1959"
                         HPOS="549">
                  <String HEIGHT="57"
                          WIDTH="122"
                          VPOS="1959"
                          HPOS="534"
                          CONTENT="ergo"/>
                  <SP HEIGHT="57" WIDTH="15" VPOS="1959" HPOS="656"/>
                  <String HEIGHT="57"
                          WIDTH="199"
                          VPOS="1959"
                          HPOS="610"
                          CONTENT="quaeritur"/>
                  <SP HEIGHT="57" WIDTH="15" VPOS="1959" HPOS="809"/>
                  <String HEIGHT="57"
                          WIDTH="138"
                          VPOS="1959"
                          HPOS="763"
                          CONTENT="vtrum"/>
                  <SP HEIGHT="57" WIDTH="15" VPOS="1959" HPOS="901"/>
                  <String HEIGHT="57"
                          WIDTH="183"
                          VPOS="1959"
                          HPOS="855"
                          CONTENT="iustitia"/>
                  <SP HEIGHT="57" WIDTH="15" VPOS="1959" HPOS="1038"/>
                  <String HEIGHT="57"
                          WIDTH="199"
                          VPOS="1959"
                          HPOS="992"
                          CONTENT="naturalis"/>
                  <SP HEIGHT="57" WIDTH="15" VPOS="1959" HPOS="1191"/>
                  <String HEIGHT="57"
                          WIDTH="183"
                          VPOS="1959"
                          HPOS="1145"
                          CONTENT="includat"/>
                  <SP HEIGHT="57" WIDTH="15" VPOS="1959" HPOS="1329"/>
                  <String HEIGHT="57" WIDTH="92" VPOS="1959" HPOS="1283" CONTENT="in"/>
                  <SP HEIGHT="57" WIDTH="15" VPOS="1959" HPOS="1374"/>
                  <String HEIGHT="57" WIDTH="92" VPOS="1959" HPOS="1329" CONTENT="se"/>
                  <SP HEIGHT="57" WIDTH="15" VPOS="1959" HPOS="1420"/>
                  <String HEIGHT="57"
                          WIDTH="168"
                          VPOS="1959"
                          HPOS="1374"
                          CONTENT="aliquid"/>
                  <SP HEIGHT="57" WIDTH="15" VPOS="1959" HPOS="1542"/>
                  <String HEIGHT="57"
                          WIDTH="138"
                          VPOS="1959"
                          HPOS="1497"
                          CONTENT="donum"/>
                  <SP HEIGHT="57" WIDTH="15" VPOS="1959" HPOS="1634"/>
                  <String HEIGHT="57"
                          WIDTH="183"
                          VPOS="1959"
                          HPOS="1588"
                          CONTENT="infusum:"/>
                  <SP HEIGHT="57" WIDTH="15" VPOS="1959" HPOS="1772"/>
                  <String HEIGHT="57"
                          WIDTH="183"
                          VPOS="1959"
                          HPOS="1726"
                          CONTENT="dicendum"/>
                  <SP HEIGHT="57" WIDTH="15" VPOS="1959" HPOS="1909"/>
                  <String HEIGHT="57"
                          WIDTH="122"
                          VPOS="1959"
                          HPOS="1863"
                          CONTENT="quod"/>
                  <SP HEIGHT="57" WIDTH="15" VPOS="1959" HPOS="1986"/>
                  <String HEIGHT="57"
                          WIDTH="183"
                          VPOS="1959"
                          HPOS="1940"
                          CONTENT="iustitia"/>
                  <SP HEIGHT="57" WIDTH="15" VPOS="1959" HPOS="2123"/>
                  <String HEIGHT="57"
                          WIDTH="214"
                          VPOS="1959"
                          HPOS="2077"
                          CONTENT="originalis"/>
                  <SP HEIGHT="57" WIDTH="15" VPOS="1959" HPOS="2291"/>
                  <String HEIGHT="57"
                          WIDTH="92"
                          VPOS="1959"
                          HPOS="2230"
                          CONTENT="quan"/>
               </TextLine>
               <TextLine ID="r1l34"
                         BASELINE="2085"
                         HEIGHT="69"
                         WIDTH="1778"
                         VPOS="2016"
                         HPOS="546">
                  <String HEIGHT="69"
                          WIDTH="119"
                          VPOS="2016"
                          HPOS="529"
                          CONTENT="tum"/>
                  <SP HEIGHT="69" WIDTH="17" VPOS="2016" HPOS="648"/>
                  <String HEIGHT="69"
                          WIDTH="119"
                          VPOS="2016"
                          HPOS="597"
                          CONTENT="est"/>
                  <SP HEIGHT="69" WIDTH="17" VPOS="2016" HPOS="715"/>
                  <String HEIGHT="69" WIDTH="102" VPOS="2016" HPOS="665" CONTENT="ex"/>
                  <SP HEIGHT="69" WIDTH="17" VPOS="2016" HPOS="766"/>
                  <String HEIGHT="69"
                          WIDTH="169"
                          VPOS="2016"
                          HPOS="715"
                          CONTENT="natura"/>
                  <SP HEIGHT="69" WIDTH="17" VPOS="2016" HPOS="885"/>
                  <String HEIGHT="69"
                          WIDTH="119"
                          VPOS="2016"
                          HPOS="834"
                          CONTENT="rei"/>
                  <SP HEIGHT="69" WIDTH="17" VPOS="2016" HPOS="952"/>
                  <String HEIGHT="69"
                          WIDTH="169"
                          VPOS="2016"
                          HPOS="902"
                          CONTENT="potest"/>
                  <SP HEIGHT="69" WIDTH="17" VPOS="2016" HPOS="1071"/>
                  <String HEIGHT="69"
                          WIDTH="220"
                          VPOS="2016"
                          HPOS="1020"
                          CONTENT="appellari"/>
                  <SP HEIGHT="69" WIDTH="17" VPOS="2016" HPOS="1240"/>
                  <String HEIGHT="69"
                          WIDTH="220"
                          VPOS="2016"
                          HPOS="1189"
                          CONTENT="rectitudo"/>
                  <SP HEIGHT="69" WIDTH="17" VPOS="2016" HPOS="1410"/>
                  <String HEIGHT="69"
                          WIDTH="220"
                          VPOS="2016"
                          HPOS="1359"
                          CONTENT="naturalis"/>
                  <SP HEIGHT="69" WIDTH="17" VPOS="2016" HPOS="1579"/>
                  <String HEIGHT="69"
                          WIDTH="169"
                          VPOS="2016"
                          HPOS="1528"
                          CONTENT="ipsius"/>
                  <SP HEIGHT="69" WIDTH="17" VPOS="2016" HPOS="1697"/>
                  <String HEIGHT="69"
                          WIDTH="237"
                          VPOS="2016"
                          HPOS="1647"
                          CONTENT="voluntatis"/>
                  <SP HEIGHT="69" WIDTH="17" VPOS="2016" HPOS="1884"/>
                  <String HEIGHT="69"
                          WIDTH="169"
                          VPOS="2016"
                          HPOS="1833"
                          CONTENT="absque"/>
                  <SP HEIGHT="69" WIDTH="17" VPOS="2016" HPOS="2002"/>
                  <String HEIGHT="69"
                          WIDTH="135"
                          VPOS="2016"
                          HPOS="1951"
                          CONTENT="omni"/>
                  <SP HEIGHT="69" WIDTH="17" VPOS="2016" HPOS="2087"/>
                  <String HEIGHT="69"
                          WIDTH="135"
                          VPOS="2016"
                          HPOS="2036"
                          CONTENT="alio"/>
                  <SP HEIGHT="69" WIDTH="17" VPOS="2016" HPOS="2172"/>
                  <String HEIGHT="69"
                          WIDTH="152"
                          VPOS="2016"
                          HPOS="2121"
                          CONTENT="dono."/>
                  <SP HEIGHT="69" WIDTH="17" VPOS="2016" HPOS="2273"/>
                  <String HEIGHT="69" WIDTH="85" VPOS="2016" HPOS="2222" CONTENT="&amp;"/>
                  <SP HEIGHT="69" WIDTH="17" VPOS="2016" HPOS="2307"/>
                  <String HEIGHT="69"
                          WIDTH="85"
                          VPOS="2016"
                          HPOS="2239"
                          CONTENT="sic"/>
               </TextLine>
               <TextLine ID="r1l35"
                         BASELINE="2139"
                         HEIGHT="62"
                         WIDTH="1772"
                         VPOS="2077"
                         HPOS="548">
                  <String HEIGHT="62"
                          WIDTH="169"
                          VPOS="2077"
                          HPOS="531"
                          CONTENT="nuiium"/>
                  <SP HEIGHT="62" WIDTH="17" VPOS="2077" HPOS="700"/>
                  <String HEIGHT="62"
                          WIDTH="152"
                          VPOS="2077"
                          HPOS="649"
                          CONTENT="donum"/>
                  <SP HEIGHT="62" WIDTH="17" VPOS="2077" HPOS="801"/>
                  <String HEIGHT="62"
                          WIDTH="203"
                          VPOS="2077"
                          HPOS="751"
                          CONTENT="includit"/>
                  <SP HEIGHT="62" WIDTH="17" VPOS="2077" HPOS="953"/>
                  <String HEIGHT="62"
                          WIDTH="135"
                          VPOS="2077"
                          HPOS="902"
                          CONTENT="nisi"/>
                  <SP HEIGHT="62" WIDTH="17" VPOS="2077" HPOS="1037"/>
                  <String HEIGHT="62"
                          WIDTH="203"
                          VPOS="2077"
                          HPOS="987"
                          CONTENT="seipsum."/>
                  <SP HEIGHT="62" WIDTH="17" VPOS="2077" HPOS="1189"/>
                  <String HEIGHT="62"
                          WIDTH="169"
                          VPOS="2077"
                          HPOS="1139"
                          CONTENT="Talis."/>
                  <SP HEIGHT="62" WIDTH="17" VPOS="2077" HPOS="1307"/>
                  <String HEIGHT="62"
                          WIDTH="101"
                          VPOS="2077"
                          HPOS="1257"
                          CONTENT="n."/>
                  <SP HEIGHT="62" WIDTH="17" VPOS="2077" HPOS="1358"/>
                  <String HEIGHT="62"
                          WIDTH="219"
                          VPOS="2077"
                          HPOS="1307"
                          CONTENT="rectitudo"/>
                  <SP HEIGHT="62" WIDTH="17" VPOS="2077" HPOS="1527"/>
                  <String HEIGHT="62"
                          WIDTH="118"
                          VPOS="2077"
                          HPOS="1476"
                          CONTENT="est"/>
                  <SP HEIGHT="62" WIDTH="17" VPOS="2077" HPOS="1594"/>
                  <String HEIGHT="62"
                          WIDTH="186"
                          VPOS="2077"
                          HPOS="1544"
                          CONTENT="aliquid"/>
                  <SP HEIGHT="62" WIDTH="17" VPOS="2077" HPOS="1729"/>
                  <String HEIGHT="62"
                          WIDTH="186"
                          VPOS="2077"
                          HPOS="1679"
                          CONTENT="praeter"/>
                  <SP HEIGHT="62" WIDTH="17" VPOS="2077" HPOS="1864"/>
                  <String HEIGHT="62"
                          WIDTH="253"
                          VPOS="2077"
                          HPOS="1814"
                          CONTENT="substantiam"/>
                  <SP HEIGHT="62" WIDTH="17" VPOS="2077" HPOS="2067"/>
                  <String HEIGHT="62" WIDTH="84" VPOS="2077" HPOS="2016" CONTENT="&amp;"/>
                  <SP HEIGHT="62" WIDTH="17" VPOS="2077" HPOS="2101"/>
                  <String HEIGHT="62"
                          WIDTH="219"
                          VPOS="2077"
                          HPOS="2050"
                          CONTENT="essentiam"/>
                  <SP HEIGHT="62" WIDTH="17" VPOS="2077" HPOS="2269"/>
                  <String HEIGHT="62"
                          WIDTH="118"
                          VPOS="2077"
                          HPOS="2202"
                          CONTENT="volun"/>
               </TextLine>
               <TextLine ID="r1l36"
                         BASELINE="2177"
                         HEIGHT="56"
                         WIDTH="1778"
                         VPOS="2121"
                         HPOS="544">
                  <String HEIGHT="56"
                          WIDTH="176"
                          VPOS="2121"
                          HPOS="526"
                          CONTENT="tatis."/>
                  <SP HEIGHT="56" WIDTH="18" VPOS="2121" HPOS="702"/>
                  <String HEIGHT="56"
                          WIDTH="176"
                          VPOS="2121"
                          HPOS="650"
                          CONTENT="aliter"/>
                  <SP HEIGHT="56" WIDTH="18" VPOS="2121" HPOS="826"/>
                  <String HEIGHT="56"
                          WIDTH="141"
                          VPOS="2121"
                          HPOS="773"
                          CONTENT="enim"/>
                  <SP HEIGHT="56" WIDTH="18" VPOS="2121" HPOS="914"/>
                  <String HEIGHT="56"
                          WIDTH="211"
                          VPOS="2121"
                          HPOS="861"
                          CONTENT="voluntas"/>
                  <SP HEIGHT="56" WIDTH="18" VPOS="2121" HPOS="1072"/>
                  <String HEIGHT="56"
                          WIDTH="176"
                          VPOS="2121"
                          HPOS="1019"
                          CONTENT="manens"/>
                  <SP HEIGHT="56" WIDTH="18" VPOS="2121" HPOS="1195"/>
                  <String HEIGHT="56"
                          WIDTH="123"
                          VPOS="2121"
                          HPOS="1143"
                          CONTENT="non"/>
                  <SP HEIGHT="56" WIDTH="18" VPOS="2121" HPOS="1266"/>
                  <String HEIGHT="56"
                          WIDTH="176"
                          VPOS="2121"
                          HPOS="1213"
                          CONTENT="posset"/>
                  <SP HEIGHT="56" WIDTH="18" VPOS="2121" HPOS="1389"/>
                  <String HEIGHT="56"
                          WIDTH="123"
                          VPOS="2121"
                          HPOS="1336"
                          CONTENT="eam"/>
                  <SP HEIGHT="56" WIDTH="18" VPOS="2121" HPOS="1459"/>
                  <String HEIGHT="56"
                          WIDTH="229"
                          VPOS="2121"
                          HPOS="1407"
                          CONTENT="amittere:"/>
                  <SP HEIGHT="56" WIDTH="18" VPOS="2121" HPOS="1635"/>
                  <String HEIGHT="56"
                          WIDTH="106"
                          VPOS="2121"
                          HPOS="1583"
                          CONTENT="vt"/>
                  <SP HEIGHT="56" WIDTH="18" VPOS="2121" HPOS="1688"/>
                  <String HEIGHT="56"
                          WIDTH="211"
                          VPOS="2121"
                          HPOS="1635"
                          CONTENT="qualitas"/>
                  <SP HEIGHT="56" WIDTH="18" VPOS="2121" HPOS="1847"/>
                  <String HEIGHT="56"
                          WIDTH="194"
                          VPOS="2121"
                          HPOS="1794"
                          CONTENT="quaedam"/>
                  <SP HEIGHT="56" WIDTH="18" VPOS="2121" HPOS="1988"/>
                  <String HEIGHT="56"
                          WIDTH="106"
                          VPOS="2121"
                          HPOS="1935"
                          CONTENT="in"/>
                  <SP HEIGHT="56" WIDTH="18" VPOS="2121" HPOS="2040"/>
                  <String HEIGHT="56"
                          WIDTH="246"
                          VPOS="2121"
                          HPOS="1988"
                          CONTENT="quantitate"/>
                  <SP HEIGHT="56" WIDTH="18" VPOS="2121" HPOS="2234"/>
                  <String HEIGHT="56"
                          WIDTH="158"
                          VPOS="2121"
                          HPOS="2164"
                          CONTENT="spiritu"/>
               </TextLine>
               <TextLine ID="r1l37"
                         BASELINE="2246"
                         HEIGHT="72"
                         WIDTH="1774"
                         VPOS="2174"
                         HPOS="550">
                  <String HEIGHT="72"
                          WIDTH="136"
                          VPOS="2174"
                          HPOS="533"
                          CONTENT="ali:"/>
                  <SP HEIGHT="72" WIDTH="17" VPOS="2174" HPOS="669"/>
                  <String HEIGHT="72"
                          WIDTH="256"
                          VPOS="2174"
                          HPOS="618"
                          CONTENT="quemadmodum"/>
                  <SP HEIGHT="72" WIDTH="17" VPOS="2174" HPOS="874"/>
                  <String HEIGHT="72"
                          WIDTH="222"
                          VPOS="2174"
                          HPOS="823"
                          CONTENT="rectitudo"/>
                  <SP HEIGHT="72" WIDTH="17" VPOS="2174" HPOS="1045"/>
                  <String HEIGHT="72" WIDTH="102" VPOS="2174" HPOS="994" CONTENT="in"/>
                  <SP HEIGHT="72" WIDTH="17" VPOS="2174" HPOS="1096"/>
                  <String HEIGHT="72"
                          WIDTH="154"
                          VPOS="2174"
                          HPOS="1045"
                          CONTENT="linea"/>
                  <SP HEIGHT="72" WIDTH="17" VPOS="2174" HPOS="1198"/>
                  <String HEIGHT="72"
                          WIDTH="119"
                          VPOS="2174"
                          HPOS="1147"
                          CONTENT="est"/>
                  <SP HEIGHT="72" WIDTH="17" VPOS="2174" HPOS="1266"/>
                  <String HEIGHT="72"
                          WIDTH="205"
                          VPOS="2174"
                          HPOS="1215"
                          CONTENT="qualitas"/>
                  <SP HEIGHT="72" WIDTH="17" VPOS="2174" HPOS="1420"/>
                  <String HEIGHT="72"
                          WIDTH="188"
                          VPOS="2174"
                          HPOS="1369"
                          CONTENT="quaedam"/>
                  <SP HEIGHT="72" WIDTH="17" VPOS="2174" HPOS="1556"/>
                  <String HEIGHT="72"
                          WIDTH="102"
                          VPOS="2174"
                          HPOS="1505"
                          CONTENT="in"/>
                  <SP HEIGHT="72" WIDTH="17" VPOS="2174" HPOS="1608"/>
                  <String HEIGHT="72"
                          WIDTH="239"
                          VPOS="2174"
                          HPOS="1556"
                          CONTENT="quantitate"/>
                  <SP HEIGHT="72" WIDTH="17" VPOS="2174" HPOS="1795"/>
                  <String HEIGHT="72"
                          WIDTH="239"
                          VPOS="2174"
                          HPOS="1744"
                          CONTENT="corporali:"/>
                  <SP HEIGHT="72" WIDTH="17" VPOS="2174" HPOS="1983"/>
                  <String HEIGHT="72"
                          WIDTH="102"
                          VPOS="2174"
                          HPOS="1932"
                          CONTENT="et"/>
                  <SP HEIGHT="72" WIDTH="17" VPOS="2174" HPOS="2034"/>
                  <String HEIGHT="72"
                          WIDTH="239"
                          VPOS="2174"
                          HPOS="1983"
                          CONTENT="incuruatio"/>
                  <SP HEIGHT="72" WIDTH="17" VPOS="2174" HPOS="2222"/>
                  <String HEIGHT="72"
                          WIDTH="119"
                          VPOS="2174"
                          HPOS="2170"
                          CONTENT="est"/>
                  <SP HEIGHT="72" WIDTH="17" VPOS="2174" HPOS="2290"/>
                  <String HEIGHT="72"
                          WIDTH="102"
                          VPOS="2174"
                          HPOS="2222"
                          CONTENT="prae"/>
               </TextLine>
               <TextLine ID="r1l38"
                         BASELINE="2304"
                         HEIGHT="70"
                         WIDTH="1781"
                         VPOS="2234"
                         HPOS="543">
                  <String HEIGHT="70"
                          WIDTH="300"
                          VPOS="2234"
                          HPOS="525"
                          CONTENT="ternaturalis,"/>
                  <SP HEIGHT="70" WIDTH="18" VPOS="2234" HPOS="825"/>
                  <String HEIGHT="70"
                          WIDTH="265"
                          VPOS="2234"
                          HPOS="772"
                          CONTENT="quemadmodum"/>
                  <SP HEIGHT="70" WIDTH="18" VPOS="2234" HPOS="1037"/>
                  <String HEIGHT="70" WIDTH="106" VPOS="2234" HPOS="984" CONTENT="in"/>
                  <SP HEIGHT="70" WIDTH="18" VPOS="2234" HPOS="1090"/>
                  <String HEIGHT="70"
                          WIDTH="159"
                          VPOS="2234"
                          HPOS="1037"
                          CONTENT="virga"/>
                  <SP HEIGHT="70" WIDTH="18" VPOS="2234" HPOS="1195"/>
                  <String HEIGHT="70"
                          WIDTH="247"
                          VPOS="2234"
                          HPOS="1143"
                          CONTENT="pullulante"/>
                  <SP HEIGHT="70" WIDTH="18" VPOS="2234" HPOS="1389"/>
                  <String HEIGHT="70"
                          WIDTH="106"
                          VPOS="2234"
                          HPOS="1337"
                          CONTENT="de"/>
                  <SP HEIGHT="70" WIDTH="18" VPOS="2234" HPOS="1442"/>
                  <String HEIGHT="70"
                          WIDTH="194"
                          VPOS="2234"
                          HPOS="1389"
                          CONTENT="radice,"/>
                  <SP HEIGHT="70" WIDTH="18" VPOS="2234" HPOS="1583"/>
                  <String HEIGHT="70"
                          WIDTH="229"
                          VPOS="2234"
                          HPOS="1530"
                          CONTENT="rectitudo"/>
                  <SP HEIGHT="70" WIDTH="18" VPOS="2234" HPOS="1760"/>
                  <String HEIGHT="70"
                          WIDTH="123"
                          VPOS="2234"
                          HPOS="1707"
                          CONTENT="est"/>
                  <SP HEIGHT="70" WIDTH="18" VPOS="2234" HPOS="1830"/>
                  <String HEIGHT="70"
                          WIDTH="106"
                          VPOS="2234"
                          HPOS="1777"
                          CONTENT="ei"/>
                  <SP HEIGHT="70" WIDTH="18" VPOS="2234" HPOS="1883"/>
                  <String HEIGHT="70"
                          WIDTH="247"
                          VPOS="2234"
                          HPOS="1830"
                          CONTENT="naturalis:"/>
                  <SP HEIGHT="70" WIDTH="18" VPOS="2234" HPOS="2077"/>
                  <String HEIGHT="70"
                          WIDTH="141"
                          VPOS="2234"
                          HPOS="2024"
                          CONTENT="quia"/>
                  <SP HEIGHT="70" WIDTH="18" VPOS="2234" HPOS="2165"/>
                  <String HEIGHT="70"
                          WIDTH="159"
                          VPOS="2234"
                          HPOS="2112"
                          CONTENT="omnes"/>
                  <SP HEIGHT="70" WIDTH="18" VPOS="2234" HPOS="2271"/>
                  <String HEIGHT="70"
                          WIDTH="141"
                          VPOS="2234"
                          HPOS="2218"
                          CONTENT="natu"/>
                  <SP HEIGHT="70" WIDTH="18" VPOS="2234" HPOS="2359"/>
                  <String HEIGHT="70" WIDTH="35" VPOS="2234" HPOS="2289" CONTENT=""/>
               </TextLine>
               <TextLine ID="r1l39"
                         BASELINE="2341"
                         HEIGHT="56"
                         WIDTH="1771"
                         VPOS="2285"
                         HPOS="553">
                  <String HEIGHT="56"
                          WIDTH="179"
                          VPOS="2285"
                          HPOS="537"
                          CONTENT="raliter"/>
                  <SP HEIGHT="56" WIDTH="16" VPOS="2285" HPOS="715"/>
                  <String HEIGHT="56"
                          WIDTH="195"
                          VPOS="2285"
                          HPOS="667"
                          CONTENT="crescunt"/>
                  <SP HEIGHT="56" WIDTH="16" VPOS="2285" HPOS="862"/>
                  <String HEIGHT="56" WIDTH="97" VPOS="2285" HPOS="813" CONTENT="in"/>
                  <SP HEIGHT="56" WIDTH="16" VPOS="2285" HPOS="910"/>
                  <String HEIGHT="56"
                          WIDTH="195"
                          VPOS="2285"
                          HPOS="862"
                          CONTENT="directum"/>
                  <SP HEIGHT="56" WIDTH="16" VPOS="2285" HPOS="1057"/>
                  <String HEIGHT="56"
                          WIDTH="211"
                          VPOS="2285"
                          HPOS="1008"
                          CONTENT="superius:"/>
                  <SP HEIGHT="56" WIDTH="16" VPOS="2285" HPOS="1219"/>
                  <String HEIGHT="56"
                          WIDTH="227"
                          VPOS="2285"
                          HPOS="1170"
                          CONTENT="incuruatio"/>
                  <SP HEIGHT="56" WIDTH="16" VPOS="2285" HPOS="1398"/>
                  <String HEIGHT="56"
                          WIDTH="146"
                          VPOS="2285"
                          HPOS="1349"
                          CONTENT="autem"/>
                  <SP HEIGHT="56" WIDTH="16" VPOS="2285" HPOS="1495"/>
                  <String HEIGHT="56"
                          WIDTH="114"
                          VPOS="2285"
                          HPOS="1447"
                          CONTENT="est"/>
                  <SP HEIGHT="56" WIDTH="16" VPOS="2285" HPOS="1560"/>
                  <String HEIGHT="56" WIDTH="97" VPOS="2285" HPOS="1512" CONTENT="ei"/>
                  <SP HEIGHT="56" WIDTH="16" VPOS="2285" HPOS="1609"/>
                  <String HEIGHT="56"
                          WIDTH="341"
                          VPOS="2285"
                          HPOS="1560"
                          CONTENT="praeternaturalis."/>
                  <SP HEIGHT="56" WIDTH="16" VPOS="2285" HPOS="1902"/>
                  <String HEIGHT="56" WIDTH="97" VPOS="2285" HPOS="1853" CONTENT="Et"/>
                  <SP HEIGHT="56" WIDTH="16" VPOS="2285" HPOS="1950"/>
                  <String HEIGHT="56"
                          WIDTH="114"
                          VPOS="2285"
                          HPOS="1902"
                          CONTENT="ita"/>
                  <SP HEIGHT="56" WIDTH="16" VPOS="2285" HPOS="2015"/>
                  <String HEIGHT="56"
                          WIDTH="244"
                          VPOS="2285"
                          HPOS="1967"
                          CONTENT="respiciendo"/>
                  <SP HEIGHT="56" WIDTH="16" VPOS="2285" HPOS="2210"/>
                  <String HEIGHT="56" WIDTH="97" VPOS="2285" HPOS="2162" CONTENT="ad"/>
                  <SP HEIGHT="56" WIDTH="16" VPOS="2285" HPOS="2259"/>
                  <String HEIGHT="56"
                          WIDTH="130"
                          VPOS="2285"
                          HPOS="2194"
                          CONTENT="essen"
                          SUBS_TYPE="HypPart1"
                          SUBS_CONTENT="essentiam"/>
                  <HYP CONTENT="-"/>
               </TextLine>
               <TextLine ID="r1l40"
                         BASELINE="2405"
                         HEIGHT="60"
                         WIDTH="1768"
                         VPOS="2345"
                         HPOS="552">
                  <String HEIGHT="60"
                          WIDTH="133"
                          VPOS="2345"
                          HPOS="535"
                          CONTENT="tiam"
                          SUBS_TYPE="HypPart2"
                          SUBS_CONTENT="essentiam"/>
                  <SP HEIGHT="60" WIDTH="17" VPOS="2345" HPOS="669"/>
                  <String HEIGHT="60"
                          WIDTH="234"
                          VPOS="2345"
                          HPOS="619"
                          CONTENT="voluntatis"/>
                  <SP HEIGHT="60" WIDTH="17" VPOS="2345" HPOS="852"/>
                  <String HEIGHT="60"
                          WIDTH="150"
                          VPOS="2345"
                          HPOS="802"
                          CONTENT="donum"/>
                  <SP HEIGHT="60" WIDTH="17" VPOS="2345" HPOS="952"/>
                  <String HEIGHT="60"
                          WIDTH="133"
                          VPOS="2345"
                          HPOS="902"
                          CONTENT="erat"/>
                  <SP HEIGHT="60" WIDTH="17" VPOS="2345" HPOS="1036"/>
                  <String HEIGHT="60" WIDTH="100" VPOS="2345" HPOS="986" CONTENT="ei"/>
                  <SP HEIGHT="60" WIDTH="17" VPOS="2345" HPOS="1086"/>
                  <String HEIGHT="60"
                          WIDTH="167"
                          VPOS="2345"
                          HPOS="1036"
                          CONTENT="factum"/>
                  <SP HEIGHT="60" WIDTH="17" VPOS="2345" HPOS="1202"/>
                  <String HEIGHT="60"
                          WIDTH="133"
                          VPOS="2345"
                          HPOS="1152"
                          CONTENT="quod"/>
                  <SP HEIGHT="60" WIDTH="17" VPOS="2345" HPOS="1286"/>
                  <String HEIGHT="60"
                          WIDTH="100"
                          VPOS="2345"
                          HPOS="1236"
                          CONTENT="in"/>
                  <SP HEIGHT="60" WIDTH="17" VPOS="2345" HPOS="1336"/>
                  <String HEIGHT="60"
                          WIDTH="133"
                          VPOS="2345"
                          HPOS="1286"
                          CONTENT="tali"/>
                  <SP HEIGHT="60" WIDTH="17" VPOS="2345" HPOS="1419"/>
                  <String HEIGHT="60"
                          WIDTH="250"
                          VPOS="2345"
                          HPOS="1369"
                          CONTENT="rectitudine"/>
                  <SP HEIGHT="60" WIDTH="17" VPOS="2345" HPOS="1619"/>
                  <String HEIGHT="60"
                          WIDTH="133"
                          VPOS="2345"
                          HPOS="1569"
                          CONTENT="erat"/>
                  <SP HEIGHT="60" WIDTH="17" VPOS="2345" HPOS="1703"/>
                  <String HEIGHT="60"
                          WIDTH="183"
                          VPOS="2345"
                          HPOS="1653"
                          CONTENT="creata."/>
                  <SP HEIGHT="60" WIDTH="17" VPOS="2345" HPOS="1836"/>
                  <String HEIGHT="60"
                          WIDTH="133"
                          VPOS="2345"
                          HPOS="1786"
                          CONTENT="vnde"/>
                  <SP HEIGHT="60" WIDTH="17" VPOS="2345" HPOS="1920"/>
                  <String HEIGHT="60"
                          WIDTH="217"
                          VPOS="2345"
                          HPOS="1870"
                          CONTENT="tenebatur"/>
                  <SP HEIGHT="60" WIDTH="17" VPOS="2345" HPOS="2086"/>
                  <String HEIGHT="60"
                          WIDTH="117"
                          VPOS="2345"
                          HPOS="2036"
                          CONTENT="eam"/>
                  <SP HEIGHT="60" WIDTH="17" VPOS="2345" HPOS="2153"/>
                  <String HEIGHT="60"
                          WIDTH="234"
                          VPOS="2345"
                          HPOS="2103"
                          CONTENT="custodire,"/>
                  <SP HEIGHT="60" WIDTH="17" VPOS="2345" HPOS="2337"/>
                  <String HEIGHT="60" WIDTH="50" VPOS="2345" HPOS="2270" CONTENT="&amp;"/>
               </TextLine>
               <TextLine ID="r1l41"
                         BASELINE="2458"
                         HEIGHT="68"
                         WIDTH="1774"
                         VPOS="2390"
                         HPOS="553">
                  <String HEIGHT="68"
                          WIDTH="129"
                          VPOS="2390"
                          HPOS="537"
                          CONTENT="eius"/>
                  <SP HEIGHT="68" WIDTH="16" VPOS="2390" HPOS="666"/>
                  <String HEIGHT="68"
                          WIDTH="177"
                          VPOS="2390"
                          HPOS="618"
                          CONTENT="amissio"/>
                  <SP HEIGHT="68" WIDTH="16" VPOS="2390" HPOS="795"/>
                  <String HEIGHT="68"
                          WIDTH="129"
                          VPOS="2390"
                          HPOS="747"
                          CONTENT="fuit"/>
                  <SP HEIGHT="68" WIDTH="16" VPOS="2390" HPOS="876"/>
                  <String HEIGHT="68" WIDTH="97" VPOS="2390" HPOS="827" CONTENT="ei"/>
                  <SP HEIGHT="68" WIDTH="16" VPOS="2390" HPOS="924"/>
                  <String HEIGHT="68"
                          WIDTH="210"
                          VPOS="2390"
                          HPOS="876"
                          CONTENT="peccatum."/>
                  <SP HEIGHT="68" WIDTH="16" VPOS="2390" HPOS="1085"/>
                  <String HEIGHT="68" WIDTH="97" VPOS="2390" HPOS="1037" CONTENT="Et"/>
                  <SP HEIGHT="68" WIDTH="16" VPOS="2390" HPOS="1134"/>
                  <String HEIGHT="68"
                          WIDTH="226"
                          VPOS="2390"
                          HPOS="1085"
                          CONTENT="conueniunt"/>
                  <SP HEIGHT="68" WIDTH="16" VPOS="2390" HPOS="1311"/>
                  <String HEIGHT="68"
                          WIDTH="210"
                          VPOS="2390"
                          HPOS="1263"
                          CONTENT="iustitiae"/>
                  <SP HEIGHT="68" WIDTH="16" VPOS="2390" HPOS="1472"/>
                  <String HEIGHT="68"
                          WIDTH="210"
                          VPOS="2390"
                          HPOS="1424"
                          CONTENT="originali"/>
                  <SP HEIGHT="68" WIDTH="16" VPOS="2390" HPOS="1634"/>
                  <String HEIGHT="68"
                          WIDTH="113"
                          VPOS="2390"
                          HPOS="1585"
                          CONTENT="sic"/>
                  <SP HEIGHT="68" WIDTH="16" VPOS="2390" HPOS="1698"/>
                  <String HEIGHT="68"
                          WIDTH="161"
                          VPOS="2390"
                          HPOS="1650"
                          CONTENT="dictae"/>
                  <SP HEIGHT="68" WIDTH="16" VPOS="2390" HPOS="1811"/>
                  <String HEIGHT="68"
                          WIDTH="145"
                          VPOS="2390"
                          HPOS="1763"
                          CONTENT="omnes"/>
                  <SP HEIGHT="68" WIDTH="16" VPOS="2390" HPOS="1908"/>
                  <String HEIGHT="68"
                          WIDTH="242"
                          VPOS="2390"
                          HPOS="1859"
                          CONTENT="conditiones"/>
                  <SP HEIGHT="68" WIDTH="16" VPOS="2390" HPOS="2101"/>
                  <String HEIGHT="68"
                          WIDTH="129"
                          VPOS="2390"
                          HPOS="2053"
                          CONTENT="quas"/>
                  <SP HEIGHT="68" WIDTH="16" VPOS="2390" HPOS="2182"/>
                  <String HEIGHT="68"
                          WIDTH="161"
                          VPOS="2390"
                          HPOS="2133"
                          CONTENT="sancti"/>
                  <SP HEIGHT="68" WIDTH="16" VPOS="2390" HPOS="2295"/>
                  <String HEIGHT="68" WIDTH="81" VPOS="2390" HPOS="2246" CONTENT="&amp;"/>
                  <SP HEIGHT="68" WIDTH="16" VPOS="2390" HPOS="2327"/>
                  <String HEIGHT="68" WIDTH="65" VPOS="2390" HPOS="2262" CONTENT="ma"/>
               </TextLine>
               <TextLine ID="r1l42"
                         BASELINE="2514"
                         HEIGHT="71"
                         WIDTH="1772"
                         VPOS="2443"
                         HPOS="554">
                  <String HEIGHT="71"
                          WIDTH="148"
                          VPOS="2443"
                          HPOS="539"
                          CONTENT="gistri"/>
                  <SP HEIGHT="71" WIDTH="15" VPOS="2443" HPOS="687"/>
                  <String HEIGHT="71"
                          WIDTH="192"
                          VPOS="2443"
                          HPOS="643"
                          CONTENT="iustitiae"/>
                  <SP HEIGHT="71" WIDTH="15" VPOS="2443" HPOS="835"/>
                  <String HEIGHT="71"
                          WIDTH="192"
                          VPOS="2443"
                          HPOS="790"
                          CONTENT="originali"/>
                  <SP HEIGHT="71" WIDTH="15" VPOS="2443" HPOS="982"/>
                  <String HEIGHT="71"
                          WIDTH="222"
                          VPOS="2443"
                          HPOS="938"
                          CONTENT="simpliciter"/>
                  <SP HEIGHT="71" WIDTH="15" VPOS="2443" HPOS="1159"/>
                  <String HEIGHT="71"
                          WIDTH="148"
                          VPOS="2443"
                          HPOS="1115"
                          CONTENT="dictae"/>
                  <SP HEIGHT="71" WIDTH="15" VPOS="2443" HPOS="1263"/>
                  <String HEIGHT="71"
                          WIDTH="222"
                          VPOS="2443"
                          HPOS="1219"
                          CONTENT="attribuunt:"/>
                  <SP HEIGHT="71" WIDTH="15" VPOS="2443" HPOS="1440"/>
                  <String HEIGHT="71"
                          WIDTH="162"
                          VPOS="2443"
                          HPOS="1396"
                          CONTENT="praeter"/>
                  <SP HEIGHT="71" WIDTH="15" VPOS="2443" HPOS="1558"/>
                  <String HEIGHT="71"
                          WIDTH="162"
                          VPOS="2443"
                          HPOS="1514"
                          CONTENT="vltimam"/>
                  <SP HEIGHT="71" WIDTH="15" VPOS="2443" HPOS="1676"/>
                  <String HEIGHT="71"
                          WIDTH="118"
                          VPOS="2443"
                          HPOS="1632"
                          CONTENT="quae"/>
                  <SP HEIGHT="71" WIDTH="15" VPOS="2443" HPOS="1750"/>
                  <String HEIGHT="71"
                          WIDTH="118"
                          VPOS="2443"
                          HPOS="1706"
                          CONTENT="est:"/>
                  <SP HEIGHT="71" WIDTH="15" VPOS="2443" HPOS="1824"/>
                  <String HEIGHT="71"
                          WIDTH="118"
                          VPOS="2443"
                          HPOS="1780"
                          CONTENT="quod"/>
                  <SP HEIGHT="71" WIDTH="15" VPOS="2443" HPOS="1898"/>
                  <String HEIGHT="71"
                          WIDTH="103"
                          VPOS="2443"
                          HPOS="1853"
                          CONTENT="per"/>
                  <SP HEIGHT="71" WIDTH="15" VPOS="2443" HPOS="1957"/>
                  <String HEIGHT="71"
                          WIDTH="133"
                          VPOS="2443"
                          HPOS="1913"
                          CONTENT="illam"/>
                  <SP HEIGHT="71" WIDTH="15" VPOS="2443" HPOS="2045"/>
                  <String HEIGHT="71"
                          WIDTH="118"
                          VPOS="2443"
                          HPOS="2001"
                          CONTENT="homo"/>
                  <SP HEIGHT="71" WIDTH="15" VPOS="2443" HPOS="2119"/>
                  <String HEIGHT="71"
                          WIDTH="118"
                          VPOS="2443"
                          HPOS="2075"
                          CONTENT="sine"/>
                  <SP HEIGHT="71" WIDTH="15" VPOS="2443" HPOS="2193"/>
                  <String HEIGHT="71"
                          WIDTH="118"
                          VPOS="2443"
                          HPOS="2149"
                          CONTENT="alia"/>
                  <SP HEIGHT="71" WIDTH="15" VPOS="2443" HPOS="2267"/>
                  <String HEIGHT="71"
                          WIDTH="118"
                          VPOS="2443"
                          HPOS="2208"
                          CONTENT="genera"/>
               </TextLine>
               <TextLine ID="r1l43"
                         BASELINE="2570"
                         HEIGHT="63"
                         WIDTH="1761"
                         VPOS="2507"
                         HPOS="560">
                  <String HEIGHT="63"
                          WIDTH="149"
                          VPOS="2507"
                          HPOS="545"
                          CONTENT="posset"/>
                  <SP HEIGHT="63" WIDTH="15" VPOS="2507" HPOS="694"/>
                  <String HEIGHT="63"
                          WIDTH="149"
                          VPOS="2507"
                          HPOS="650"
                          CONTENT="semper"/>
                  <SP HEIGHT="63" WIDTH="15" VPOS="2507" HPOS="799"/>
                  <String HEIGHT="63"
                          WIDTH="149"
                          VPOS="2507"
                          HPOS="754"
                          CONTENT="stare,"/>
                  <SP HEIGHT="63" WIDTH="15" VPOS="2507" HPOS="903"/>
                  <String HEIGHT="63" WIDTH="75" VPOS="2507" HPOS="858" CONTENT="&amp;"/>
                  <SP HEIGHT="63" WIDTH="15" VPOS="2507" HPOS="933"/>
                  <String HEIGHT="63"
                          WIDTH="164"
                          VPOS="2507"
                          HPOS="888"
                          CONTENT="numquam"/>
                  <SP HEIGHT="63" WIDTH="15" VPOS="2507" HPOS="1052"/>
                  <String HEIGHT="63"
                          WIDTH="179"
                          VPOS="2507"
                          HPOS="1008"
                          CONTENT="peccare."/>
                  <SP HEIGHT="63" WIDTH="15" VPOS="2507" HPOS="1187"/>
                  <String HEIGHT="63"
                          WIDTH="119"
                          VPOS="2507"
                          HPOS="1142"
                          CONTENT="Vnde"/>
                  <SP HEIGHT="63" WIDTH="15" VPOS="2507" HPOS="1261"/>
                  <String HEIGHT="63" WIDTH="90" VPOS="2507" HPOS="1217" CONTENT="si"/>
                  <SP HEIGHT="63" WIDTH="15" VPOS="2507" HPOS="1306"/>
                  <String HEIGHT="63"
                          WIDTH="209"
                          VPOS="2507"
                          HPOS="1261"
                          CONTENT="originalis"/>
                  <SP HEIGHT="63" WIDTH="15" VPOS="2507" HPOS="1470"/>
                  <String HEIGHT="63"
                          WIDTH="179"
                          VPOS="2507"
                          HPOS="1426"
                          CONTENT="iustitia"/>
                  <SP HEIGHT="63" WIDTH="15" VPOS="2507" HPOS="1605"/>
                  <String HEIGHT="63"
                          WIDTH="164"
                          VPOS="2507"
                          HPOS="1560"
                          CONTENT="nominat"/>
                  <SP HEIGHT="63" WIDTH="15" VPOS="2507" HPOS="1724"/>
                  <String HEIGHT="63" WIDTH="90" VPOS="2507" HPOS="1679" CONTENT="id"/>
                  <SP HEIGHT="63" WIDTH="15" VPOS="2507" HPOS="1769"/>
                  <String HEIGHT="63"
                          WIDTH="134"
                          VPOS="2507"
                          HPOS="1724"
                          CONTENT="cuius"/>
                  <SP HEIGHT="63" WIDTH="15" VPOS="2507" HPOS="1858"/>
                  <String HEIGHT="63"
                          WIDTH="104"
                          VPOS="2507"
                          HPOS="1814"
                          CONTENT="est"/>
                  <SP HEIGHT="63" WIDTH="15" VPOS="2507" HPOS="1918"/>
                  <String HEIGHT="63"
                          WIDTH="134"
                          VPOS="2507"
                          HPOS="1873"
                          CONTENT="talis"/>
                  <SP HEIGHT="63" WIDTH="15" VPOS="2507" HPOS="2008"/>
                  <String HEIGHT="63"
                          WIDTH="194"
                          VPOS="2507"
                          HPOS="1963"
                          CONTENT="conditio:"/>
                  <SP HEIGHT="63" WIDTH="15" VPOS="2507" HPOS="2157"/>
                  <String HEIGHT="63"
                          WIDTH="119"
                          VPOS="2507"
                          HPOS="2112"
                          CONTENT="dico"/>
                  <SP HEIGHT="63" WIDTH="15" VPOS="2507" HPOS="2231"/>
                  <String HEIGHT="63"
                          WIDTH="119"
                          VPOS="2507"
                          HPOS="2187"
                          CONTENT="quod"/>
                  <SP HEIGHT="63" WIDTH="15" VPOS="2507" HPOS="2306"/>
                  <String HEIGHT="63"
                          WIDTH="75"
                          VPOS="2507"
                          HPOS="2246"
                          CONTENT="ne"
                          SUBS_TYPE="HypPart1"
                          SUBS_CONTENT="necessario"/>
                  <HYP CONTENT="-"/>
               </TextLine>
               <TextLine ID="r1l44"
                         BASELINE="2621"
                         HEIGHT="71"
                         WIDTH="1776"
                         VPOS="2550"
                         HPOS="552">
                  <String HEIGHT="71"
                          WIDTH="185"
                          VPOS="2550"
                          HPOS="537"
                          CONTENT="cessario"
                          SUBS_TYPE="HypPart2"
                          SUBS_CONTENT="necessario"/>
                  <SP HEIGHT="71" WIDTH="15" VPOS="2550" HPOS="722"/>
                  <String HEIGHT="71"
                          WIDTH="139"
                          VPOS="2550"
                          HPOS="676"
                          CONTENT="donum"/>
                  <SP HEIGHT="71" WIDTH="15" VPOS="2550" HPOS="815"/>
                  <String HEIGHT="71"
                          WIDTH="201"
                          VPOS="2550"
                          HPOS="768"
                          CONTENT="includat:"/>
                  <SP HEIGHT="71" WIDTH="15" VPOS="2550" HPOS="969"/>
                  <String HEIGHT="71"
                          WIDTH="124"
                          VPOS="2550"
                          HPOS="923"
                          CONTENT="quia"/>
                  <SP HEIGHT="71" WIDTH="15" VPOS="2550" HPOS="1046"/>
                  <String HEIGHT="71" WIDTH="93" VPOS="2550" HPOS="1000" CONTENT="ad"/>
                  <SP HEIGHT="71" WIDTH="15" VPOS="2550" HPOS="1093"/>
                  <String HEIGHT="71"
                          WIDTH="108"
                          VPOS="2550"
                          HPOS="1046"
                          CONTENT="hoc"/>
                  <SP HEIGHT="71" WIDTH="15" VPOS="2550" HPOS="1154"/>
                  <String HEIGHT="71"
                          WIDTH="154"
                          VPOS="2550"
                          HPOS="1108"
                          CONTENT="natura"/>
                  <SP HEIGHT="71" WIDTH="15" VPOS="2550" HPOS="1262"/>
                  <String HEIGHT="71"
                          WIDTH="124"
                          VPOS="2550"
                          HPOS="1216"
                          CONTENT="nuda"/>
                  <SP HEIGHT="71" WIDTH="15" VPOS="2550" HPOS="1340"/>
                  <String HEIGHT="71"
                          WIDTH="108"
                          VPOS="2550"
                          HPOS="1293"
                          CONTENT="non"/>
                  <SP HEIGHT="71" WIDTH="15" VPOS="2550" HPOS="1401"/>
                  <String HEIGHT="71"
                          WIDTH="247"
                          VPOS="2550"
                          HPOS="1355"
                          CONTENT="sufficiebat,"/>
                  <SP HEIGHT="71" WIDTH="15" VPOS="2550" HPOS="1602"/>
                  <String HEIGHT="71" WIDTH="93" VPOS="2550" HPOS="1556" CONTENT="vt"/>
                  <SP HEIGHT="71" WIDTH="15" VPOS="2550" HPOS="1648"/>
                  <String HEIGHT="71"
                          WIDTH="154"
                          VPOS="2550"
                          HPOS="1602"
                          CONTENT="dictum"/>
                  <SP HEIGHT="71" WIDTH="15" VPOS="2550" HPOS="1757"/>
                  <String HEIGHT="71"
                          WIDTH="124"
                          VPOS="2550"
                          HPOS="1710"
                          CONTENT="est."/>
                  <SP HEIGHT="71" WIDTH="15" VPOS="2550" HPOS="1834"/>
                  <String HEIGHT="71" WIDTH="93" VPOS="2550" HPOS="1787" CONTENT="Et"/>
                  <SP HEIGHT="71" WIDTH="15" VPOS="2550" HPOS="1880"/>
                  <String HEIGHT="71"
                          WIDTH="124"
                          VPOS="2550"
                          HPOS="1834"
                          CONTENT="nota"/>
                  <SP HEIGHT="71" WIDTH="15" VPOS="2550" HPOS="1957"/>
                  <String HEIGHT="71"
                          WIDTH="124"
                          VPOS="2550"
                          HPOS="1911"
                          CONTENT="quod"/>
                  <SP HEIGHT="71" WIDTH="15" VPOS="2550" HPOS="2035"/>
                  <String HEIGHT="71"
                          WIDTH="108"
                          VPOS="2550"
                          HPOS="1988"
                          CONTENT="cum"/>
                  <SP HEIGHT="71" WIDTH="15" VPOS="2550" HPOS="2096"/>
                  <String HEIGHT="71"
                          WIDTH="216"
                          VPOS="2550"
                          HPOS="2050"
                          CONTENT="originalis"/>
                  <SP HEIGHT="71" WIDTH="15" VPOS="2550" HPOS="2266"/>
                  <String HEIGHT="71"
                          WIDTH="124"
                          VPOS="2550"
                          HPOS="2204"
                          CONTENT="iusti"
                          SUBS_TYPE="HypPart1"
                          SUBS_CONTENT="iustitia"/>
                  <HYP CONTENT="-"/>
               </TextLine>
               <TextLine ID="r1l45"
                         BASELINE="2674"
                         HEIGHT="67"
                         WIDTH="1780"
                         VPOS="2607"
                         HPOS="552">
                  <String HEIGHT="67"
                          WIDTH="109"
                          VPOS="2607"
                          HPOS="536"
                          CONTENT="tia"
                          SUBS_TYPE="HypPart2"
                          SUBS_CONTENT="iustitia"/>
                  <SP HEIGHT="67" WIDTH="16" VPOS="2607" HPOS="646"/>
                  <String HEIGHT="67"
                          WIDTH="141"
                          VPOS="2607"
                          HPOS="599"
                          CONTENT="donum"/>
                  <SP HEIGHT="67" WIDTH="16" VPOS="2607" HPOS="739"/>
                  <String HEIGHT="67"
                          WIDTH="203"
                          VPOS="2607"
                          HPOS="693"
                          CONTENT="includat,"/>
                  <SP HEIGHT="67" WIDTH="16" VPOS="2607" HPOS="896"/>
                  <String HEIGHT="67"
                          WIDTH="109"
                          VPOS="2607"
                          HPOS="849"
                          CONTENT="non"/>
                  <SP HEIGHT="67" WIDTH="16" VPOS="2607" HPOS="958"/>
                  <String HEIGHT="67"
                          WIDTH="172"
                          VPOS="2607"
                          HPOS="911"
                          CONTENT="dicitur"/>
                  <SP HEIGHT="67" WIDTH="16" VPOS="2607" HPOS="1083"/>
                  <String HEIGHT="67"
                          WIDTH="141"
                          VPOS="2607"
                          HPOS="1036"
                          CONTENT="ipsum"/>
                  <SP HEIGHT="67" WIDTH="16" VPOS="2607" HPOS="1177"/>
                  <String HEIGHT="67"
                          WIDTH="141"
                          VPOS="2607"
                          HPOS="1130"
                          CONTENT="donum"/>
                  <SP HEIGHT="67" WIDTH="16" VPOS="2607" HPOS="1270"/>
                  <String HEIGHT="67"
                          WIDTH="203"
                          VPOS="2607"
                          HPOS="1223"
                          CONTENT="praecisum"/>
                  <SP HEIGHT="67" WIDTH="16" VPOS="2607" HPOS="1426"/>
                  <String HEIGHT="67"
                          WIDTH="125"
                          VPOS="2607"
                          HPOS="1380"
                          CONTENT="ipsa"/>
                  <SP HEIGHT="67" WIDTH="16" VPOS="2607" HPOS="1504"/>
                  <String HEIGHT="67"
                          WIDTH="219"
                          VPOS="2607"
                          HPOS="1458"
                          CONTENT="originalis"/>
                  <SP HEIGHT="67" WIDTH="16" VPOS="2607" HPOS="1676"/>
                  <String HEIGHT="67"
                          WIDTH="203"
                          VPOS="2607"
                          HPOS="1629"
                          CONTENT="iustitia:"/>
                  <SP HEIGHT="67" WIDTH="16" VPOS="2607" HPOS="1832"/>
                  <String HEIGHT="67"
                          WIDTH="125"
                          VPOS="2607"
                          HPOS="1786"
                          CONTENT="quia"/>
                  <SP HEIGHT="67" WIDTH="16" VPOS="2607" HPOS="1910"/>
                  <String HEIGHT="67"
                          WIDTH="125"
                          VPOS="2607"
                          HPOS="1864"
                          CONTENT="sola"/>
                  <SP HEIGHT="67" WIDTH="16" VPOS="2607" HPOS="1988"/>
                  <String HEIGHT="67"
                          WIDTH="125"
                          VPOS="2607"
                          HPOS="1942"
                          CONTENT="eius"/>
                  <SP HEIGHT="67" WIDTH="16" VPOS="2607" HPOS="2067"/>
                  <String HEIGHT="67"
                          WIDTH="219"
                          VPOS="2607"
                          HPOS="2020"
                          CONTENT="priuatione"/>
                  <SP HEIGHT="67" WIDTH="16" VPOS="2607" HPOS="2238"/>
                  <String HEIGHT="67"
                          WIDTH="156"
                          VPOS="2607"
                          HPOS="2176"
                          CONTENT="secundum"/>
               </TextLine>
               <TextLine ID="r1l46"
                         BASELINE="2715"
                         HEIGHT="59"
                         WIDTH="1771"
                         VPOS="2656"
                         HPOS="555">
                  <String HEIGHT="59"
                          WIDTH="248"
                          VPOS="2656"
                          HPOS="538"
                          CONTENT="intellectum"/>
                  <SP HEIGHT="59" WIDTH="17" VPOS="2656" HPOS="787"/>
                  <String HEIGHT="59"
                          WIDTH="166"
                          VPOS="2656"
                          HPOS="737"
                          CONTENT="staret"/>
                  <SP HEIGHT="59" WIDTH="17" VPOS="2656" HPOS="903"/>
                  <String HEIGHT="59"
                          WIDTH="149"
                          VPOS="2656"
                          HPOS="853"
                          CONTENT="adhuc"/>
                  <SP HEIGHT="59" WIDTH="17" VPOS="2656" HPOS="1002"/>
                  <String HEIGHT="59" WIDTH="99" VPOS="2656" HPOS="952" CONTENT="in"/>
                  <SP HEIGHT="59" WIDTH="17" VPOS="2656" HPOS="1052"/>
                  <String HEIGHT="59"
                          WIDTH="248"
                          VPOS="2656"
                          HPOS="1002"
                          CONTENT="rectitudine"/>
                  <SP HEIGHT="59" WIDTH="17" VPOS="2656" HPOS="1250"/>
                  <String HEIGHT="59"
                          WIDTH="199"
                          VPOS="2656"
                          HPOS="1201"
                          CONTENT="naturali"/>
                  <SP HEIGHT="59" WIDTH="17" VPOS="2656" HPOS="1399"/>
                  <String HEIGHT="59"
                          WIDTH="149"
                          VPOS="2656"
                          HPOS="1349"
                          CONTENT="sicut"/>
                  <SP HEIGHT="59" WIDTH="17" VPOS="2656" HPOS="1498"/>
                  <String HEIGHT="59"
                          WIDTH="149"
                          VPOS="2656"
                          HPOS="1449"
                          CONTENT="alius"/>
                  <SP HEIGHT="59" WIDTH="17" VPOS="2656" HPOS="1598"/>
                  <String HEIGHT="59"
                          WIDTH="116"
                          VPOS="2656"
                          HPOS="1548"
                          CONTENT="qui"/>
                  <SP HEIGHT="59" WIDTH="17" VPOS="2656" HPOS="1664"/>
                  <String HEIGHT="59"
                          WIDTH="182"
                          VPOS="2656"
                          HPOS="1614"
                          CONTENT="nunquam"/>
                  <SP HEIGHT="59" WIDTH="17" VPOS="2656" HPOS="1796"/>
                  <String HEIGHT="59"
                          WIDTH="116"
                          VPOS="2656"
                          HPOS="1747"
                          CONTENT="eam"/>
                  <SP HEIGHT="59" WIDTH="17" VPOS="2656" HPOS="1863"/>
                  <String HEIGHT="59"
                          WIDTH="232"
                          VPOS="2656"
                          HPOS="1813"
                          CONTENT="habuisset:"/>
                  <SP HEIGHT="59" WIDTH="17" VPOS="2656" HPOS="2045"/>
                  <String HEIGHT="59"
                          WIDTH="116"
                          VPOS="2656"
                          HPOS="1995"
                          CONTENT="nec"/>
                  <SP HEIGHT="59" WIDTH="17" VPOS="2656" HPOS="2111"/>
                  <String HEIGHT="59"
                          WIDTH="166"
                          VPOS="2656"
                          HPOS="2061"
                          CONTENT="posset"/>
                  <SP HEIGHT="59" WIDTH="17" VPOS="2656" HPOS="2227"/>
                  <String HEIGHT="59"
                          WIDTH="132"
                          VPOS="2656"
                          HPOS="2177"
                          CONTENT="esse"/>
                  <SP HEIGHT="59" WIDTH="17" VPOS="2656" HPOS="2309"/>
                  <String HEIGHT="59"
                          WIDTH="83"
                          VPOS="2656"
                          HPOS="2243"
                          CONTENT="poe"/>
               </TextLine>
               <TextLine ID="r1l47"
                         BASELINE="2782"
                         HEIGHT="67"
                         WIDTH="1772"
                         VPOS="2715"
                         HPOS="550">
                  <String HEIGHT="67" WIDTH="86" VPOS="2715" HPOS="536" CONTENT="na"/>
                  <SP HEIGHT="67" WIDTH="14" VPOS="2715" HPOS="622"/>
                  <String HEIGHT="67" WIDTH="86" VPOS="2715" HPOS="579" CONTENT="ei"/>
                  <SP HEIGHT="67" WIDTH="14" VPOS="2715" HPOS="665"/>
                  <String HEIGHT="67"
                          WIDTH="144"
                          VPOS="2715"
                          HPOS="622"
                          CONTENT="debita"/>
                  <SP HEIGHT="67" WIDTH="14" VPOS="2715" HPOS="766"/>
                  <String HEIGHT="67" WIDTH="86" VPOS="2715" HPOS="723" CONTENT="ex"/>
                  <SP HEIGHT="67" WIDTH="14" VPOS="2715" HPOS="809"/>
                  <String HEIGHT="67"
                          WIDTH="144"
                          VPOS="2715"
                          HPOS="766"
                          CONTENT="illius"/>
                  <SP HEIGHT="67" WIDTH="14" VPOS="2715" HPOS="910"/>
                  <String HEIGHT="67"
                          WIDTH="187"
                          VPOS="2715"
                          HPOS="867"
                          CONTENT="iustitiae"/>
                  <SP HEIGHT="67" WIDTH="14" VPOS="2715" HPOS="1054"/>
                  <String HEIGHT="67"
                          WIDTH="187"
                          VPOS="2715"
                          HPOS="1011"
                          CONTENT="amissione"/>
                  <SP HEIGHT="67" WIDTH="14" VPOS="2715" HPOS="1198"/>
                  <String HEIGHT="67"
                          WIDTH="115"
                          VPOS="2715"
                          HPOS="1155"
                          CONTENT="quam"/>
                  <SP HEIGHT="67" WIDTH="14" VPOS="2715" HPOS="1270"/>
                  <String HEIGHT="67"
                          WIDTH="101"
                          VPOS="2715"
                          HPOS="1227"
                          CONTENT="non"/>
                  <SP HEIGHT="67" WIDTH="14" VPOS="2715" HPOS="1328"/>
                  <String HEIGHT="67"
                          WIDTH="187"
                          VPOS="2715"
                          HPOS="1285"
                          CONTENT="pateretur"/>
                  <SP HEIGHT="67" WIDTH="14" VPOS="2715" HPOS="1472"/>
                  <String HEIGHT="67"
                          WIDTH="115"
                          VPOS="2715"
                          HPOS="1429"
                          CONTENT="ille"/>
                  <SP HEIGHT="67" WIDTH="14" VPOS="2715" HPOS="1544"/>
                  <String HEIGHT="67"
                          WIDTH="101"
                          VPOS="2715"
                          HPOS="1501"
                          CONTENT="qui"/>
                  <SP HEIGHT="67" WIDTH="14" VPOS="2715" HPOS="1602"/>
                  <String HEIGHT="67"
                          WIDTH="101"
                          VPOS="2715"
                          HPOS="1558"
                          CONTENT="eam"/>
                  <SP HEIGHT="67" WIDTH="14" VPOS="2715" HPOS="1659"/>
                  <String HEIGHT="67"
                          WIDTH="158"
                          VPOS="2715"
                          HPOS="1616"
                          CONTENT="numquam"/>
                  <SP HEIGHT="67" WIDTH="14" VPOS="2715" HPOS="1775"/>
                  <String HEIGHT="67"
                          WIDTH="202"
                          VPOS="2715"
                          HPOS="1731"
                          CONTENT="habuisset:"/>
                  <SP HEIGHT="67" WIDTH="14" VPOS="2715" HPOS="1933"/>
                  <String HEIGHT="67"
                          WIDTH="173"
                          VPOS="2715"
                          HPOS="1890"
                          CONTENT="secundum"/>
                  <SP HEIGHT="67" WIDTH="14" VPOS="2715" HPOS="2063"/>
                  <String HEIGHT="67"
                          WIDTH="115"
                          VPOS="2715"
                          HPOS="2019"
                          CONTENT="quod"/>
                  <SP HEIGHT="67" WIDTH="14" VPOS="2715" HPOS="2135"/>
                  <String HEIGHT="67"
                          WIDTH="130"
                          VPOS="2715"
                          HPOS="2091"
                          CONTENT="infra"/>
                  <SP HEIGHT="67" WIDTH="14" VPOS="2715" HPOS="2221"/>
                  <String HEIGHT="67"
                          WIDTH="158"
                          VPOS="2715"
                          HPOS="2164"
                          CONTENT="videbitur"/>
               </TextLine>
               <TextLine ID="r1l48"
                         BASELINE="2834"
                         HEIGHT="72"
                         WIDTH="1776"
                         VPOS="2762"
                         HPOS="552">
                  <String HEIGHT="72" WIDTH="111" VPOS="2762" HPOS="534" CONTENT="in"/>
                  <SP HEIGHT="72" WIDTH="19" VPOS="2762" HPOS="645"/>
                  <String HEIGHT="72"
                          WIDTH="185"
                          VPOS="2762"
                          HPOS="589"
                          CONTENT="quadam"/>
                  <SP HEIGHT="72" WIDTH="19" VPOS="2762" HPOS="774"/>
                  <String HEIGHT="72"
                          WIDTH="278"
                          VPOS="2762"
                          HPOS="719"
                          CONTENT="quaestione."/>
                  <SP HEIGHT="72" WIDTH="19" VPOS="2762" HPOS="996"/>
                  <String HEIGHT="72"
                          WIDTH="167"
                          VPOS="2762"
                          HPOS="941"
                          CONTENT="Illud"/>
                  <SP HEIGHT="72" WIDTH="19" VPOS="2762" HPOS="1107"/>
                  <String HEIGHT="72"
                          WIDTH="167"
                          VPOS="2762"
                          HPOS="1052"
                          CONTENT="autem"/>
                  <SP HEIGHT="72" WIDTH="19" VPOS="2762" HPOS="1218"/>
                  <String HEIGHT="72"
                          WIDTH="130"
                          VPOS="2762"
                          HPOS="1163"
                          CONTENT="est"/>
                  <SP HEIGHT="72" WIDTH="19" VPOS="2762" HPOS="1292"/>
                  <String HEIGHT="72"
                          WIDTH="315"
                          VPOS="2762"
                          HPOS="1237"
                          CONTENT="inconueniens."/>
                  <SP HEIGHT="72" WIDTH="19" VPOS="2762" HPOS="1551"/>
                  <String HEIGHT="72"
                          WIDTH="130"
                          VPOS="2762"
                          HPOS="1496"
                          CONTENT="Sed"/>
                  <SP HEIGHT="72" WIDTH="19" VPOS="2762" HPOS="1625"/>
                  <String HEIGHT="72"
                          WIDTH="167"
                          VPOS="2762"
                          HPOS="1570"
                          CONTENT="donum"/>
                  <SP HEIGHT="72" WIDTH="19" VPOS="2762" HPOS="1736"/>
                  <String HEIGHT="72"
                          WIDTH="167"
                          VPOS="2762"
                          HPOS="1681"
                          CONTENT="ipsum"/>
                  <SP HEIGHT="72" WIDTH="19" VPOS="2762" HPOS="1847"/>
                  <String HEIGHT="72"
                          WIDTH="130"
                          VPOS="2762"
                          HPOS="1792"
                          CONTENT="vna"/>
                  <SP HEIGHT="72" WIDTH="19" VPOS="2762" HPOS="1921"/>
                  <String HEIGHT="72"
                          WIDTH="130"
                          VPOS="2762"
                          HPOS="1866"
                          CONTENT="cum"/>
                  <SP HEIGHT="72" WIDTH="19" VPOS="2762" HPOS="1995"/>
                  <String HEIGHT="72"
                          WIDTH="278"
                          VPOS="2762"
                          HPOS="1940"
                          CONTENT="rectitudine"/>
                  <SP HEIGHT="72" WIDTH="19" VPOS="2762" HPOS="2217"/>
                  <String HEIGHT="72"
                          WIDTH="204"
                          VPOS="2762"
                          HPOS="2162"
                          CONTENT="natura-"/>
                  <SP HEIGHT="72" WIDTH="19" VPOS="2762" HPOS="2365"/>
                  <String HEIGHT="72" WIDTH="37" VPOS="2762" HPOS="2291" CONTENT=""/>
               </TextLine>
               <TextLine ID="r1l49"
                         BASELINE="2880"
                         HEIGHT="60"
                         WIDTH="1773"
                         VPOS="2820"
                         HPOS="550">
                  <String HEIGHT="60" WIDTH="93" VPOS="2820" HPOS="534" CONTENT="li"/>
                  <SP HEIGHT="60" WIDTH="16" VPOS="2820" HPOS="628"/>
                  <String HEIGHT="60"
                          WIDTH="171"
                          VPOS="2820"
                          HPOS="581"
                          CONTENT="dicitur"/>
                  <SP HEIGHT="60" WIDTH="16" VPOS="2820" HPOS="752"/>
                  <String HEIGHT="60"
                          WIDTH="218"
                          VPOS="2820"
                          HPOS="706"
                          CONTENT="originalis"/>
                  <SP HEIGHT="60" WIDTH="16" VPOS="2820" HPOS="923"/>
                  <String HEIGHT="60"
                          WIDTH="202"
                          VPOS="2820"
                          HPOS="877"
                          CONTENT="iustitia:"/>
                  <SP HEIGHT="60" WIDTH="16" VPOS="2820" HPOS="1079"/>
                  <String HEIGHT="60"
                          WIDTH="109"
                          VPOS="2820"
                          HPOS="1032"
                          CONTENT="cui"/>
                  <SP HEIGHT="60" WIDTH="16" VPOS="2820" HPOS="1141"/>
                  <String HEIGHT="60"
                          WIDTH="202"
                          VPOS="2820"
                          HPOS="1094"
                          CONTENT="opponitur"/>
                  <SP HEIGHT="60" WIDTH="16" VPOS="2820" HPOS="1297"/>
                  <String HEIGHT="60"
                          WIDTH="233"
                          VPOS="2820"
                          HPOS="1250"
                          CONTENT="iniustitia:"/>
                  <SP HEIGHT="60" WIDTH="16" VPOS="2820" HPOS="1483"/>
                  <String HEIGHT="60"
                          WIDTH="124"
                          VPOS="2820"
                          HPOS="1437"
                          CONTENT="quae"/>
                  <SP HEIGHT="60" WIDTH="16" VPOS="2820" HPOS="1561"/>
                  <String HEIGHT="60"
                          WIDTH="202"
                          VPOS="2820"
                          HPOS="1514"
                          CONTENT="consistit"/>
                  <SP HEIGHT="60" WIDTH="16" VPOS="2820" HPOS="1716"/>
                  <String HEIGHT="60" WIDTH="93" VPOS="2820" HPOS="1670" CONTENT="in"/>
                  <SP HEIGHT="60" WIDTH="16" VPOS="2820" HPOS="1763"/>
                  <String HEIGHT="60"
                          WIDTH="187"
                          VPOS="2820"
                          HPOS="1716"
                          CONTENT="carentia"/>
                  <SP HEIGHT="60" WIDTH="16" VPOS="2820" HPOS="1903"/>
                  <String HEIGHT="60"
                          WIDTH="218"
                          VPOS="2820"
                          HPOS="1856"
                          CONTENT="vtriusque:"/>
                  <SP HEIGHT="60" WIDTH="16" VPOS="2820" HPOS="2074"/>
                  <String HEIGHT="60"
                          WIDTH="124"
                          VPOS="2820"
                          HPOS="2028"
                          CONTENT="quae"/>
                  <SP HEIGHT="60" WIDTH="16" VPOS="2820" HPOS="2152"/>
                  <String HEIGHT="60"
                          WIDTH="218"
                          VPOS="2820"
                          HPOS="2105"
                          CONTENT="necessario"/>
                  <SP HEIGHT="60" WIDTH="16" VPOS="2820" HPOS="2323"/>
                  <String HEIGHT="60" WIDTH="62" VPOS="2820" HPOS="2261" CONTENT="po"/>
               </TextLine>
               <TextLine ID="r1l50"
                         BASELINE="2944"
                         HEIGHT="65"
                         WIDTH="1773"
                         VPOS="2879"
                         HPOS="550">
                  <String HEIGHT="65"
                          WIDTH="118"
                          VPOS="2879"
                          HPOS="533"
                          CONTENT="nit"/>
                  <SP HEIGHT="65" WIDTH="17" VPOS="2879" HPOS="651"/>
                  <String HEIGHT="65" WIDTH="101" VPOS="2879" HPOS="601" CONTENT="in"/>
                  <SP HEIGHT="65" WIDTH="17" VPOS="2879" HPOS="702"/>
                  <String HEIGHT="65"
                          WIDTH="220"
                          VPOS="2879"
                          HPOS="651"
                          CONTENT="voluntate"/>
                  <SP HEIGHT="65" WIDTH="17" VPOS="2879" HPOS="871"/>
                  <String HEIGHT="65"
                          WIDTH="270"
                          VPOS="2879"
                          HPOS="820"
                          CONTENT="obligationem"/>
                  <SP HEIGHT="65" WIDTH="17" VPOS="2879" HPOS="1090"/>
                  <String HEIGHT="65"
                          WIDTH="236"
                          VPOS="2879"
                          HPOS="1040"
                          CONTENT="contrariam"/>
                  <SP HEIGHT="65" WIDTH="17" VPOS="2879" HPOS="1276"/>
                  <String HEIGHT="65"
                          WIDTH="203"
                          VPOS="2879"
                          HPOS="1225"
                          CONTENT="naturali"/>
                  <SP HEIGHT="65" WIDTH="17" VPOS="2879" HPOS="1428"/>
                  <String HEIGHT="65"
                          WIDTH="270"
                          VPOS="2879"
                          HPOS="1377"
                          CONTENT="rectitudini:"/>
                  <SP HEIGHT="65" WIDTH="17" VPOS="2879" HPOS="1648"/>
                  <String HEIGHT="65"
                          WIDTH="101"
                          VPOS="2879"
                          HPOS="1597"
                          CONTENT="vt"/>
                  <SP HEIGHT="65" WIDTH="17" VPOS="2879" HPOS="1698"/>
                  <String HEIGHT="65"
                          WIDTH="236"
                          VPOS="2879"
                          HPOS="1648"
                          CONTENT="originalis"/>
                  <SP HEIGHT="65" WIDTH="17" VPOS="2879" HPOS="1884"/>
                  <String HEIGHT="65"
                          WIDTH="236"
                          VPOS="2879"
                          HPOS="1833"
                          CONTENT="iniustitia"/>
                  <SP HEIGHT="65" WIDTH="17" VPOS="2879" HPOS="2070"/>
                  <String HEIGHT="65"
                          WIDTH="152"
                          VPOS="2879"
                          HPOS="2019"
                          CONTENT="dicat"/>
                  <SP HEIGHT="65" WIDTH="17" VPOS="2879" HPOS="2171"/>
                  <String HEIGHT="65"
                          WIDTH="236"
                          VPOS="2879"
                          HPOS="2120"
                          CONTENT="spoliatio-"/>
                  <SP HEIGHT="65" WIDTH="17" VPOS="2879" HPOS="2357"/>
                  <String HEIGHT="65" WIDTH="34" VPOS="2879" HPOS="2289" CONTENT=""/>
               </TextLine>
               <TextLine ID="r1l51"
                         BASELINE="2980"
                         HEIGHT="56"
                         WIDTH="1772"
                         VPOS="2924"
                         HPOS="551">
                  <String HEIGHT="56"
                          WIDTH="109"
                          VPOS="2924"
                          HPOS="535"
                          CONTENT="nem"/>
                  <SP HEIGHT="56" WIDTH="16" VPOS="2924" HPOS="644"/>
                  <String HEIGHT="56" WIDTH="93" VPOS="2924" HPOS="598" CONTENT="in"/>
                  <SP HEIGHT="56" WIDTH="16" VPOS="2924" HPOS="691"/>
                  <String HEIGHT="56"
                          WIDTH="218"
                          VPOS="2924"
                          HPOS="644"
                          CONTENT="gratuitis:"/>
                  <SP HEIGHT="56" WIDTH="16" VPOS="2924" HPOS="862"/>
                  <String HEIGHT="56" WIDTH="78" VPOS="2924" HPOS="815" CONTENT="&amp;"/>
                  <SP HEIGHT="56" WIDTH="16" VPOS="2924" HPOS="893"/>
                  <String HEIGHT="56"
                          WIDTH="264"
                          VPOS="2924"
                          HPOS="846"
                          CONTENT="vulnerationem"/>
                  <SP HEIGHT="56" WIDTH="16" VPOS="2924" HPOS="1111"/>
                  <String HEIGHT="56" WIDTH="93" VPOS="2924" HPOS="1064" CONTENT="in"/>
                  <SP HEIGHT="56" WIDTH="16" VPOS="2924" HPOS="1157"/>
                  <String HEIGHT="56"
                          WIDTH="249"
                          VPOS="2924"
                          HPOS="1111"
                          CONTENT="naturalibus."/>
                  <SP HEIGHT="56" WIDTH="16" VPOS="2924" HPOS="1359"/>
                  <String HEIGHT="56"
                          WIDTH="124"
                          VPOS="2924"
                          HPOS="1313"
                          CONTENT="Vnde"/>
                  <SP HEIGHT="56" WIDTH="16" VPOS="2924" HPOS="1437"/>
                  <String HEIGHT="56"
                          WIDTH="124"
                          VPOS="2924"
                          HPOS="1390"
                          CONTENT="quia"/>
                  <SP HEIGHT="56" WIDTH="16" VPOS="2924" HPOS="1515"/>
                  <String HEIGHT="56"
                          WIDTH="218"
                          VPOS="2924"
                          HPOS="1468"
                          CONTENT="originalis"/>
                  <SP HEIGHT="56" WIDTH="16" VPOS="2924" HPOS="1686"/>
                  <String HEIGHT="56"
                          WIDTH="187"
                          VPOS="2924"
                          HPOS="1639"
                          CONTENT="iustitia"/>
                  <SP HEIGHT="56" WIDTH="16" VPOS="2924" HPOS="1826"/>
                  <String HEIGHT="56"
                          WIDTH="187"
                          VPOS="2924"
                          HPOS="1779"
                          CONTENT="secundum"/>
                  <SP HEIGHT="56" WIDTH="16" VPOS="2924" HPOS="1965"/>
                  <String HEIGHT="56"
                          WIDTH="124"
                          VPOS="2924"
                          HPOS="1919"
                          CONTENT="quod"/>
                  <SP HEIGHT="56" WIDTH="16" VPOS="2924" HPOS="2043"/>
                  <String HEIGHT="56"
                          WIDTH="187"
                          VPOS="2924"
                          HPOS="1997"
                          CONTENT="includit"/>
                  <SP HEIGHT="56" WIDTH="16" VPOS="2924" HPOS="2183"/>
                  <String HEIGHT="56"
                          WIDTH="140"
                          VPOS="2924"
                          HPOS="2136"
                          CONTENT="donum"/>
                  <SP HEIGHT="56" WIDTH="16" VPOS="2924" HPOS="2276"/>
                  <String HEIGHT="56"
                          WIDTH="109"
                          VPOS="2924"
                          HPOS="2214"
                          CONTENT="neces"/>
               </TextLine>
               <TextLine ID="r1l52"
                         BASELINE="3051"
                         HEIGHT="73"
                         WIDTH="1779"
                         VPOS="2978"
                         HPOS="546">
                  <String HEIGHT="73"
                          WIDTH="162"
                          VPOS="2978"
                          HPOS="528"
                          CONTENT="sario"/>
                  <SP HEIGHT="73" WIDTH="18" VPOS="2978" HPOS="690"/>
                  <String HEIGHT="73"
                          WIDTH="162"
                          VPOS="2978"
                          HPOS="636"
                          CONTENT="simul"/>
                  <SP HEIGHT="73" WIDTH="18" VPOS="2978" HPOS="798"/>
                  <String HEIGHT="73" WIDTH="90" VPOS="2978" HPOS="744" CONTENT="&amp;"/>
                  <SP HEIGHT="73" WIDTH="18" VPOS="2978" HPOS="834"/>
                  <String HEIGHT="73"
                          WIDTH="216"
                          VPOS="2978"
                          HPOS="780"
                          CONTENT="includit"/>
                  <SP HEIGHT="73" WIDTH="18" VPOS="2978" HPOS="995"/>
                  <String HEIGHT="73"
                          WIDTH="288"
                          VPOS="2978"
                          HPOS="941"
                          CONTENT="rectitudinem"/>
                  <SP HEIGHT="73" WIDTH="18" VPOS="2978" HPOS="1229"/>
                  <String HEIGHT="73"
                          WIDTH="252"
                          VPOS="2978"
                          HPOS="1175"
                          CONTENT="naturalim:"/>
                  <SP HEIGHT="73" WIDTH="18" VPOS="2978" HPOS="1427"/>
                  <String HEIGHT="73"
                          WIDTH="216"
                          VPOS="2978"
                          HPOS="1373"
                          CONTENT="secundum"/>
                  <SP HEIGHT="73" WIDTH="18" VPOS="2978" HPOS="1588"/>
                  <String HEIGHT="73"
                          WIDTH="162"
                          VPOS="2978"
                          HPOS="1534"
                          CONTENT="autem"/>
                  <SP HEIGHT="73" WIDTH="18" VPOS="2978" HPOS="1696"/>
                  <String HEIGHT="73"
                          WIDTH="144"
                          VPOS="2978"
                          HPOS="1642"
                          CONTENT="quod"/>
                  <SP HEIGHT="73" WIDTH="18" VPOS="2978" HPOS="1786"/>
                  <String HEIGHT="73"
                          WIDTH="162"
                          VPOS="2978"
                          HPOS="1732"
                          CONTENT="ponit"/>
                  <SP HEIGHT="73" WIDTH="18" VPOS="2978" HPOS="1894"/>
                  <String HEIGHT="73"
                          WIDTH="252"
                          VPOS="2978"
                          HPOS="1840"
                          CONTENT="tantummodo"/>
                  <SP HEIGHT="73" WIDTH="18" VPOS="2978" HPOS="2091"/>
                  <String HEIGHT="73"
                          WIDTH="288"
                          VPOS="2978"
                          HPOS="2037"
                          CONTENT="rectitudinem"/>
                  <SP HEIGHT="73" WIDTH="18" VPOS="2978" HPOS="2325"/>
                  <String HEIGHT="73" WIDTH="72" VPOS="2978" HPOS="2253" CONTENT="na"/>
               </TextLine>
               <TextLine ID="r1l53"
                         BASELINE="3109"
                         HEIGHT="72"
                         WIDTH="1781"
                         VPOS="3037"
                         HPOS="542">
                  <String HEIGHT="72"
                          WIDTH="194"
                          VPOS="3037"
                          HPOS="524"
                          CONTENT="turalem"/>
                  <SP HEIGHT="72" WIDTH="18" VPOS="3037" HPOS="718"/>
                  <String HEIGHT="72"
                          WIDTH="123"
                          VPOS="3037"
                          HPOS="665"
                          CONTENT="non"/>
                  <SP HEIGHT="72" WIDTH="18" VPOS="3037" HPOS="789"/>
                  <String HEIGHT="72"
                          WIDTH="247"
                          VPOS="3037"
                          HPOS="736"
                          CONTENT="necessario"/>
                  <SP HEIGHT="72" WIDTH="18" VPOS="3037" HPOS="983"/>
                  <String HEIGHT="72"
                          WIDTH="212"
                          VPOS="3037"
                          HPOS="930"
                          CONTENT="includit"/>
                  <SP HEIGHT="72" WIDTH="18" VPOS="3037" HPOS="1142"/>
                  <String HEIGHT="72"
                          WIDTH="176"
                          VPOS="3037"
                          HPOS="1089"
                          CONTENT="donum:"/>
                  <SP HEIGHT="72" WIDTH="18" VPOS="3037" HPOS="1265"/>
                  <String HEIGHT="72"
                          WIDTH="247"
                          VPOS="3037"
                          HPOS="1212"
                          CONTENT="simplicior"/>
                  <SP HEIGHT="72" WIDTH="18" VPOS="3037" HPOS="1459"/>
                  <String HEIGHT="72"
                          WIDTH="141"
                          VPOS="3037"
                          HPOS="1406"
                          CONTENT="ergo"/>
                  <SP HEIGHT="72" WIDTH="18" VPOS="3037" HPOS="1547"/>
                  <String HEIGHT="72" WIDTH="88" VPOS="3037" HPOS="1494" CONTENT="&amp;"/>
                  <SP HEIGHT="72" WIDTH="18" VPOS="3037" HPOS="1582"/>
                  <String HEIGHT="72"
                          WIDTH="159"
                          VPOS="3037"
                          HPOS="1529"
                          CONTENT="prior"/>
                  <SP HEIGHT="72" WIDTH="18" VPOS="3037" HPOS="1688"/>
                  <String HEIGHT="72"
                          WIDTH="265"
                          VPOS="3037"
                          HPOS="1635"
                          CONTENT="naturaliter"/>
                  <SP HEIGHT="72" WIDTH="18" VPOS="3037" HPOS="1900"/>
                  <String HEIGHT="72"
                          WIDTH="123"
                          VPOS="3037"
                          HPOS="1847"
                          CONTENT="est"/>
                  <SP HEIGHT="72" WIDTH="18" VPOS="3037" HPOS="1970"/>
                  <String HEIGHT="72"
                          WIDTH="159"
                          VPOS="3037"
                          HPOS="1917"
                          CONTENT="ratio"/>
                  <SP HEIGHT="72" WIDTH="18" VPOS="3037" HPOS="2076"/>
                  <String HEIGHT="72"
                          WIDTH="247"
                          VPOS="3037"
                          HPOS="2023"
                          CONTENT="originalis"/>
                  <SP HEIGHT="72" WIDTH="18" VPOS="3037" HPOS="2270"/>
                  <String HEIGHT="72"
                          WIDTH="123"
                          VPOS="3037"
                          HPOS="2200"
                          CONTENT="iusti"/>
               </TextLine>
               <TextLine ID="r1l54"
                         BASELINE="3154"
                         HEIGHT="68"
                         WIDTH="1769"
                         VPOS="3086"
                         HPOS="554">
                  <String HEIGHT="68"
                          WIDTH="131"
                          VPOS="3086"
                          HPOS="538"
                          CONTENT="tiae"/>
                  <SP HEIGHT="68" WIDTH="16" VPOS="3086" HPOS="669"/>
                  <String HEIGHT="68" WIDTH="98" VPOS="3086" HPOS="620" CONTENT="vt"/>
                  <SP HEIGHT="68" WIDTH="16" VPOS="3086" HPOS="718"/>
                  <String HEIGHT="68"
                          WIDTH="147"
                          VPOS="3086"
                          HPOS="669"
                          CONTENT="ponit"/>
                  <SP HEIGHT="68" WIDTH="16" VPOS="3086" HPOS="816"/>
                  <String HEIGHT="68"
                          WIDTH="147"
                          VPOS="3086"
                          HPOS="767"
                          CONTENT="solam"/>
                  <SP HEIGHT="68" WIDTH="16" VPOS="3086" HPOS="914"/>
                  <String HEIGHT="68"
                          WIDTH="180"
                          VPOS="3086"
                          HPOS="865"
                          CONTENT="naturae"/>
                  <SP HEIGHT="68" WIDTH="16" VPOS="3086" HPOS="1045"/>
                  <String HEIGHT="68"
                          WIDTH="278"
                          VPOS="3086"
                          HPOS="996"
                          CONTENT="rectitudinem,"/>
                  <SP HEIGHT="68" WIDTH="16" VPOS="3086" HPOS="1275"/>
                  <String HEIGHT="68"
                          WIDTH="131"
                          VPOS="3086"
                          HPOS="1226"
                          CONTENT="quam"/>
                  <SP HEIGHT="68" WIDTH="16" VPOS="3086" HPOS="1357"/>
                  <String HEIGHT="68" WIDTH="98" VPOS="3086" HPOS="1307" CONTENT="vt"/>
                  <SP HEIGHT="68" WIDTH="16" VPOS="3086" HPOS="1406"/>
                  <String HEIGHT="68"
                          WIDTH="197"
                          VPOS="3086"
                          HPOS="1357"
                          CONTENT="includit"/>
                  <SP HEIGHT="68" WIDTH="16" VPOS="3086" HPOS="1553"/>
                  <String HEIGHT="68"
                          WIDTH="164"
                          VPOS="3086"
                          HPOS="1504"
                          CONTENT="donum."/>
                  <SP HEIGHT="68" WIDTH="16" VPOS="3086" HPOS="1668"/>
                  <String HEIGHT="68"
                          WIDTH="147"
                          VPOS="3086"
                          HPOS="1619"
                          CONTENT="Quare"/>
                  <SP HEIGHT="68" WIDTH="16" VPOS="3086" HPOS="1766"/>
                  <String HEIGHT="68"
                          WIDTH="115"
                          VPOS="3086"
                          HPOS="1717"
                          CONTENT="cum"/>
                  <SP HEIGHT="68" WIDTH="16" VPOS="3086" HPOS="1832"/>
                  <String HEIGHT="68"
                          WIDTH="131"
                          VPOS="3086"
                          HPOS="1782"
                          CONTENT="esse"/>
                  <SP HEIGHT="68" WIDTH="16" VPOS="3086" HPOS="1914"/>
                  <String HEIGHT="68"
                          WIDTH="213"
                          VPOS="3086"
                          HPOS="1864"
                          CONTENT="originale"/>
                  <SP HEIGHT="68" WIDTH="16" VPOS="3086" HPOS="2077"/>
                  <String HEIGHT="68"
                          WIDTH="197"
                          VPOS="3086"
                          HPOS="2028"
                          CONTENT="secundum"/>
                  <SP HEIGHT="68" WIDTH="16" VPOS="3086" HPOS="2225"/>
                  <String HEIGHT="68"
                          WIDTH="131"
                          VPOS="3086"
                          HPOS="2176"
                          CONTENT="quod"/>
                  <SP HEIGHT="68" WIDTH="16" VPOS="3086" HPOS="2307"/>
                  <String HEIGHT="68"
                          WIDTH="82"
                          VPOS="3086"
                          HPOS="2241"
                          CONTENT="ori"/>
               </TextLine>
               <TextLine ID="r1l55"
                         BASELINE="3236"
                         HEIGHT="91"
                         WIDTH="1783"
                         VPOS="3145"
                         HPOS="549">
                  <String HEIGHT="91"
                          WIDTH="171"
                          VPOS="3145"
                          HPOS="532"
                          CONTENT="ginale"/>
                  <SP HEIGHT="91" WIDTH="17" VPOS="3145" HPOS="703"/>
                  <String HEIGHT="91"
                          WIDTH="206"
                          VPOS="3145"
                          HPOS="652"
                          CONTENT="includat"/>
                  <SP HEIGHT="91" WIDTH="17" VPOS="3145" HPOS="858"/>
                  <String HEIGHT="91"
                          WIDTH="206"
                          VPOS="3145"
                          HPOS="806"
                          CONTENT="rationem"/>
                  <SP HEIGHT="91" WIDTH="17" VPOS="3145" HPOS="1012"/>
                  <String HEIGHT="91"
                          WIDTH="189"
                          VPOS="3145"
                          HPOS="960"
                          CONTENT="prioris"/>
                  <SP HEIGHT="91" WIDTH="17" VPOS="3145" HPOS="1149"/>
                  <String HEIGHT="91" WIDTH="86" VPOS="3145" HPOS="1098" CONTENT="&amp;"/>
                  <SP HEIGHT="91" WIDTH="17" VPOS="3145" HPOS="1183"/>
                  <String HEIGHT="91"
                          WIDTH="154"
                          VPOS="3145"
                          HPOS="1132"
                          CONTENT="primi"/>
                  <SP HEIGHT="91" WIDTH="17" VPOS="3145" HPOS="1286"/>
                  <String HEIGHT="91"
                          WIDTH="120"
                          VPOS="3145"
                          HPOS="1235"
                          CONTENT="seu"/>
                  <SP HEIGHT="91" WIDTH="17" VPOS="3145" HPOS="1355"/>
                  <String HEIGHT="91"
                          WIDTH="240"
                          VPOS="3145"
                          HPOS="1303"
                          CONTENT="principii:"/>
                  <SP HEIGHT="91" WIDTH="17" VPOS="3145" HPOS="1543"/>
                  <String HEIGHT="91"
                          WIDTH="257"
                          VPOS="3145"
                          HPOS="1492"
                          CONTENT="simpliciter"/>
                  <SP HEIGHT="91" WIDTH="17" VPOS="3145" HPOS="1749"/>
                  <String HEIGHT="91"
                          WIDTH="137"
                          VPOS="3145"
                          HPOS="1698"
                          CONTENT="ergo"/>
                  <SP HEIGHT="91" WIDTH="17" VPOS="3145" HPOS="1835"/>
                  <String HEIGHT="91" WIDTH="86" VPOS="3145" HPOS="1783" CONTENT="&amp;"/>
                  <SP HEIGHT="91" WIDTH="17" VPOS="3145" HPOS="1869"/>
                  <String HEIGHT="91"
                          WIDTH="206"
                          VPOS="3145"
                          HPOS="1818"
                          CONTENT="absolute"/>
                  <SP HEIGHT="91" WIDTH="17" VPOS="3145" HPOS="2023"/>
                  <String HEIGHT="91"
                          WIDTH="189"
                          VPOS="3145"
                          HPOS="1972"
                          CONTENT="quantum"/>
                  <SP HEIGHT="91" WIDTH="17" VPOS="3145" HPOS="2161"/>
                  <String HEIGHT="91"
                          WIDTH="120"
                          VPOS="3145"
                          HPOS="2109"
                          CONTENT="est"/>
                  <SP HEIGHT="91" WIDTH="17" VPOS="3145" HPOS="2229"/>
                  <String HEIGHT="91"
                          WIDTH="103"
                          VPOS="3145"
                          HPOS="2178"
                          CONTENT="ex"/>
                  <SP HEIGHT="91" WIDTH="17" VPOS="3145" HPOS="2281"/>
                  <String HEIGHT="91"
                          WIDTH="120"
                          VPOS="3145"
                          HPOS="2212"
                          CONTENT="impo"/>
               </TextLine>
            </TextBlock>
         </PrintSpace>
      </Page>
   </Layout>
</alto>
