2338 3627
425 281 107 93 lrca
492 281 147 93 tertium
599 281 161 93 arguitur
719 281 107 93 quod
786 281 174 93 coniugium
920 281 94 93 sit
973 281 120 93 supra
1054 281 228 93 virginitatem,
1241 281 147 93 quoniam
1348 281 120 93 illud
1428 281 94 93 est
1482 281 174 93 superius:
1616 281 147 93 propter
1723 281 120 93 quid.
1790 281 40 93 s

415 360 179 64 alterum
545 360 146 64 debet
642 360 195 64 postponi
789 360 81 64 &
821 360 195 64 dimitti,
967 360 98 64 vt
1016 360 146 64 patet
1114 360 98 64 in
1163 360 179 64 regulis
1293 360 244 64 religionum.
1488 360 130 64 illa
1569 360 130 64 enim
1634 360 195 64 perfectior

422 408 105 70 est
482 408 75 70 &
512 408 179 70 superior
646 408 165 70 propter
766 408 120 70 quam
841 408 239 70 suscipiendam
1035 408 150 70 altera
1140 408 224 70 dimittitur.
1319 408 105 70 sed
1379 408 165 70 propter
1499 408 194 70 coniugium
1634 408 194 70 dimittitur.

418 457 227 56 virginitas:
600 457 121 56 immo
676 457 136 56 virgo
767 457 106 56 per
827 457 197 56 ecclesiam
979 457 152 56 potest
1085 457 121 56 cogi
1161 457 91 56 vt
1206 457 182 56 subitret
1343 457 212 56 coniugium.
1510 457 121 56 ergo
1585 457 106 56 &c.
1646 457 91 56 IN
1692 457 152 56 contra
1783 457 45 56 i

417 512 101 63 rium
480 512 101 63 est:
543 512 101 63 quod
607 512 113 63 illud
682 512 88 63 est
733 512 126 63 supius
821 512 63 63 &
846 512 177 63 perfectius
985 512 101 63 quod
1048 512 88 63 est
1098 512 76 63 in
1136 512 164 63 consilio:
1262 512 101 63 quam
1325 512 101 63 quid
1388 512 88 63 est
1439 512 113 63 solum
1514 512 76 63 in
1552 512 202 63 permissione.
1704 512 113 63 virgini

423 563 99 69 tas
480 563 99 69 est
536 563 85 69 in
579 563 185 69 consilio:
721 563 185 69 coniugium
863 563 85 69 in
906 563 114 69 sola
977 563 227 69 permissione,
1161 563 85 69 vt
1204 563 128 69 patet
1289 563 99 69 per
1346 563 199 69 apostolum.
1502 563 114 69 ergo
1573 563 99 69 &c.
1630 563 170 69 DIcendum
1758 563 85 69 ad
1786 563 43 69 l

79 615 122 72 hoc:
155 615 122 72 quod
231 615 198 72 coniugium
384 615 76 72 &
415 615 137 72 habet
506 615 183 72 rationem
644 615 214 72 sacramenti
811 615 244 72 simpliciter,
1010 615 76 72 &
1040 615 137 72 habet
1132 615 92 72 in
1178 615 92 72 se
1224 615 183 72 secundum
1361 615 122 72 quod
1437 615 107 72 est
1498 615 229 72 sacramentum
1666 615 153 72 annexam.

74 665 178 69 rationem
207 665 193 69 virtutis,
356 665 178 69 secundum
489 665 118 69 quam
563 665 163 69 dicitur
681 665 163 69 virtus.
800 665 178 69 Rationem
933 665 207 69 sacramenti
1096 665 133 69 habet
1185 665 193 69 inquantum
1333 665 104 69 est
1392 665 148 69 signum
1496 665 193 69 sensibile
1629 665 193 69 expressiuum

82 719 135 66 mutui
172 719 195 66 consensus
322 719 180 66 animorum
457 719 210 66 personarum
623 719 225 66 legitimarum
803 719 90 66 ad
848 719 210 66 coniugium,
1013 719 195 66 efficiens
1163 719 120 66 quod
1238 719 165 66 figurat
1358 719 180 66 scilicet
1494 719 150 66 mutuam
1599 719 180 66 corporum
1719 719 105 66 obli-

75 779 194 59 gationem
221 779 97 59 ad
269 779 162 59 actum.
383 779 194 59 secundum
528 779 130 59 quod
609 779 146 59 dicit
706 779 227 59 apostolus.
885 779 113 59 Vir
949 779 113 59 non
1014 779 146 59 habet
1111 779 227 59 potestatem
1290 779 113 59 sui
1354 779 194 59 corporis
1500 779 113 59 sed
1565 779 178 59 mulier:
1694 779 113 59 nec
1743 779 81 59 mu-

80 832 117 67 lier
154 832 132 67 habet
241 832 205 67 potestatem
403 832 103 67 sui
461 832 190 67 corporis,
608 832 103 67 sed
666 832 117 67 vir.
739 832 205 67 VlRginitas
900 832 132 67 autem
988 832 103 67 non
1047 832 132 67 habet
1135 832 176 67 rationem
1267 832 205 67 sacramenti
1428 832 103 67 sed
1486 832 176 67 virtutis
1618 832 161 67 tantum.
1720 832 103 67 Ratio

80 881 142 59 autem
175 881 220 59 sacramenti
348 881 79 59 &
379 881 189 59 virtutis
521 881 94 59 in
568 881 110 59 vna
631 881 173 59 communi
757 881 173 59 ratione
883 881 110 59 non
946 881 252 59 vniuocantur:
1150 881 79 59 &
1182 881 142 59 solum
1276 881 142 59 talia
1371 881 126 59 sunt
1449 881 268 59 comparabilia.
1670 881 94 59 DE
1701 881 126 59 coniu-

86 939 106 62 gio
146 939 136 62 autem
237 939 181 62 secundum
373 939 121 62 quod
448 939 106 62 est
509 939 227 62 sacramentum
690 939 242 62 simpliciter,
886 939 76 62 &
917 939 242 62 virginitate:
1113 939 106 62 non
1173 939 151 62 potest
1279 939 151 62 habere
1385 939 136 62 locum
1476 939 211 62 comparatio
1627 939 196 62 quaestionis

82 988 244 64 propositae.
277 988 98 64 Si
326 988 130 64 ergo
408 988 147 64 locum
505 988 179 64 habeat:
636 988 114 64 hoc
701 988 114 64 non
766 988 163 64 potest
880 988 130 64 esse
961 988 130 64 nisi
1043 988 228 64 comparando
1222 988 212 64 coniugium
1385 988 179 64 ratione
1515 988 196 64 alicuius
1662 988 196 64 boniquid

86 1037 155 63 habet,
194 1037 93 63 ad
240 1037 263 63 virginitatem,
457 1037 124 63 quia
535 1037 93 63 in
581 1037 170 63 ratione
705 1037 124 63 boni
783 1037 263 63 comparationem
1000 1037 155 63 habere
1108 1037 186 63 possunt:
1248 1037 77 63 &
1279 1037 93 63 de
1325 1037 124 63 illa
1403 1037 170 63 quaerit
1527 1037 201 63 quaestio:
1682 1037 124 63 quid
1744 1037 77 63 eo-

82 1091 111 62 rum
146 1091 111 62 sit
209 1091 143 62 bonum
304 1091 285 62 praeminentius.
541 1091 127 62 Quod
621 1091 95 62 vt
668 1091 222 62 expressius
842 1091 206 62 videamus:
1001 1091 174 62 oportet
1127 1091 111 62 per
1191 1091 174 62 singula
1317 1091 127 62 bona
1396 1091 190 62 coniugii
1539 1091 238 62 discurrere:
1729 1091 127 62 quae

87 1138 118 71 sunt
161 1138 132 71 tria,
249 1138 147 71 sides,
352 1138 162 71 proles,
470 1138 74 71 &
499 1138 235 71 sacramentum.
690 1138 221 71 Sacramentum
867 1138 147 71 aliter
970 1138 162 71 sumitur
1088 1138 103 71 hic
1146 1138 118 71 quam
1220 1138 177 71 secundum
1352 1138 118 71 quod
1426 1138 162 71 dicitur
1544 1138 191 71 coniugium
1691 1138 118 71 vnum
1749 1138 74 71 sa-

81 1198 270 59 cramentorum.
301 1198 186 59 Vtroque
436 1198 152 59 tamen
537 1198 135 59 modo
622 1198 253 59 sacramentum
824 1198 203 59 dicitur:
976 1198 135 59 quia
1061 1198 118 59 est
1128 1198 169 59 sacrae
1247 1198 118 59 rei
1314 1198 186 59 signum:
1449 1198 118 59 sed
1517 1198 101 59 vt
1568 1198 118 59 est
1635 1198 135 59 vnum
1703 1198 118 59 sacra

79 1251 187 56 mentorum,
223 1251 101 56 est
280 1251 144 56 signum
381 1251 202 56 effectiuum
540 1251 144 56 sacrae
641 1251 101 56 rei
698 1251 115 56 quam
770 1251 173 56 figurat:
900 1251 187 56 inquantum
1044 1251 115 56 vero
1116 1251 101 56 est
1174 1251 130 56 bonum
1260 1251 187 56 coniugii,
1404 1251 101 56 est
1462 1251 144 56 signum
1563 1251 144 56 tantum
1664 1251 144 56 sacrae
1750 1251 72 56 rei

86 1302 160 62 cilicet
203 1302 248 62 coniunctionis
407 1302 160 62 Christi
524 1302 73 62 &
553 1302 204 62 ecclesiae.
713 1302 87 62 Si
757 1302 146 62 igitur
859 1302 189 62 coniugium
1005 1302 175 62 secundum
1136 1302 117 62 quod
1209 1302 102 62 est
1267 1302 131 62 bonum
1355 1302 219 62 sacramenti,
1529 1302 87 62 ad
1573 1302 233 62 virginitatem
1748 1302 73 62 con

84 1357 196 61 paretur:
231 1357 115 61 cum
296 1357 147 61 sicut
395 1357 147 61 bonum
493 1357 229 61 sacramenti
673 1357 98 61 in
722 1357 196 61 coniugio
869 1357 115 61 est
934 1357 164 61 signum
1049 1357 180 61 vnionis
1180 1357 278 61 inseparabilis
1409 1357 180 61 Christi
1540 1357 82 61 &
1573 1357 229 61 ecclesiae:
1736 1357 82 61 sic

87 1411 221 60 virginitas
261 1411 110 60 est
324 1411 237 60 sacramentum
513 1411 79 60 &
545 1411 158 60 signum
655 1411 205 60 puritatis
813 1411 221 60 vtriusque:
986 1411 158 60 quorum
1097 1411 173 60 puritas
1223 1411 142 60 bonum
1317 1411 142 60 maius
1412 1411 110 60 est
1475 1411 126 60 quam
1554 1411 142 60 eorum
1633 1411 189 60 coniunctio

89 1456 111 62 quae
158 1456 97 62 non
214 1456 125 62 esset
297 1456 111 62 bona
366 1456 69 62 &
394 1456 194 62 laudabilis
546 1456 111 62 nisi
616 1456 125 62 esset
699 1456 83 62 in
740 1456 180 62 puritate:
879 1456 83 62 si
920 1456 139 62 igitur
1017 1456 222 62 consideretur
1198 1456 180 62 coniugium
1336 1456 166 62 secundum
1461 1456 111 62 quod
1530 1456 125 62 habet
1613 1456 83 62 in
1655 1456 83 62 se
1682 1456 139 62 rationem

81 1503 114 63 boni
152 1503 214 63 sacramenti,
323 1503 100 63 hoc
380 1503 114 63 modo
452 1503 114 63 dico
523 1503 114 63 quod
594 1503 200 63 virginitas
751 1503 143 63 omnino
851 1503 200 63 praefertur
1008 1503 185 63 coniugio:
1151 1503 114 63 quia
1222 1503 100 63 per
1279 1503 128 63 ipsam
1365 1503 114 63 eius
1436 1503 114 63 quid
1507 1503 143 63 melius
1607 1503 100 63 est
1664 1503 71 63 &
1678 1503 143 63 dignius.

86 1553 100 61 sit
143 1553 199 61 figuratio.
299 1553 85 61 Si
342 1553 114 61 vero
413 1553 185 61 coniugium
555 1553 227 61 consideretur
740 1553 171 61 secundum
868 1553 114 61 quod
939 1553 128 61 habet
1024 1553 85 61 in
1067 1553 85 61 se
1109 1553 128 61 bonum
1195 1553 142 61 prolis
1294 1553 142 61 saltem
1394 1553 85 61 in
1436 1553 199 61 proposito,
1593 1553 114 61 etsi
1664 1553 100 61 non
1706 1553 114 61 semper

78 1616 95 60 in
126 1616 190 60 effectu:
268 1616 111 60 sic
331 1616 237 60 comparantur
521 1616 142 60 inter
616 1616 95 60 se
663 1616 205 60 coniugium
821 1616 79 60 &
853 1616 237 60 virginitas:
1042 1616 142 60 sicut
1137 1616 237 60 foecunditas
1327 1616 79 60 &
1359 1616 237 60 sterilitas.
1548 1616 111 60 Non
1612 1616 126 60 dico
1675 1616 142 60 sterili

81 1662 118 66 tas
148 1662 218 66 germinis,
316 1662 134 66 siue
400 1662 218 66 principii
568 1662 218 66 seminalis
736 1662 218 66 priuatio:
904 1662 168 66 qualem
1022 1662 168 66 habent
1139 1662 151 66 casti
1240 1662 252 66 naturaliter
1442 1662 101 66 vt
1492 1662 218 66 spadones:
1660 1662 118 66 vel
1710 1662 101 66 vio-

77 1712 175 71 lenter,
205 1712 96 71 vt
252 1712 207 71 castrati:
412 1712 112 71 sed
475 1712 127 71 dico
555 1712 223 71 sterilitas
730 1712 239 71 voluntariae
922 1712 303 71 cohabitationis.
1177 1712 143 71 Prima
1272 1712 127 71 enim
1352 1712 223 71 sterilitas
1527 1712 159 71 omnino
1639 1712 112 71 est
1687 1712 127 71 vitio-

80 1768 116 63 sa:
147 1768 116 63 nec
213 1768 149 63 habet
312 1768 99 63 ex
362 1768 99 63 se
412 1768 182 63 aliquam
544 1768 199 63 rationem
693 1768 149 63 boni,
793 1768 116 63 sed
859 1768 215 63 solummodo
1025 1768 249 63 priuationem
1224 1768 215 63 germinis:
1389 1768 133 63 quod
1472 1768 116 63 est
1538 1768 149 63 bonum
1621 1768 199 63 foecundita

83 1822 124 67 tis:
160 1822 108 67 quo
222 1822 108 67 non
284 1822 201 67 priuantur
438 1822 186 67 virgines
577 1822 186 67 secundum
716 1822 155 67 actum:
825 1822 108 67 sed
886 1822 139 67 solum
979 1822 186 67 secundum
1118 1822 201 67 effectum:
1273 1822 93 67 vt
1319 1822 186 67 secundum
1458 1822 108 67 hoc
1520 1822 232 67 comparentur
1690 1822 124 67 coniu-

85 1873 132 68 gium
167 1873 82 68 &
200 1873 247 68 virginitas,
398 1873 148 68 sicut
497 1873 247 68 foecunditas
694 1873 99 68 in
744 1873 181 68 effectu
876 1873 82 68 &
909 1873 115 68 non
974 1873 99 68 in
1024 1873 198 68 effectu.
1172 1873 132 68 QVID
1255 1873 148 68 horum
1354 1873 181 68 dignius
1485 1873 115 68 aut
1551 1873 165 68 melius
1667 1873 115 68 aut
1716 1873 99 68 per-

80 1929 183 56 fectius:
217 1929 107 56 hic
278 1929 152 56 reuera
385 1929 259 56 distinguendum
598 1929 122 56 est.
674 1929 168 56 quoniam
796 1929 229 56 foecunditas
979 1929 91 56 in
1025 1929 168 56 effectu
1146 1929 152 56 prolis
1253 1929 122 56 quae
1329 1929 107 56 est
1390 1929 91 56 in
1436 1929 198 56 coniugio:
1588 1929 91 56 et
1619 1929 198 56 foecunditas

82 1976 111 60 non
146 1976 95 60 in
193 1976 175 60 effectu
321 1976 127 60 quae
400 1976 111 60 est
464 1976 95 60 in
512 1976 255 60 virginitate:
718 1976 143 60 ambae
814 1976 95 60 vt
862 1976 127 60 sunt
941 1976 239 60 simpliciter
1132 1976 255 60 foecunditas:
1339 1976 175 60 possunt
1466 1976 239 60 considerari
1641 1976 175 60 triplici-

73 2033 134 69 ter:
157 2033 117 69 vel
224 2033 101 69 in
274 2033 201 69 respectu
425 2033 101 69 ad
475 2033 201 69 effectum
626 2033 101 69 vt
677 2033 101 69 ad
727 2033 168 69 prolis
844 2033 285 69 procreationem
1079 2033 117 69 vel
1146 2033 101 69 in
1196 2033 201 69 respectu
1347 2033 101 69 ad
1397 2033 218 69 subiectum
1565 2033 101 69 vt
1615 2033 101 69 ad
1648 2033 168 69 corporis

84 2080 261 74 integritatem:
299 2080 108 74 vel
360 2080 92 74 in
407 2080 246 74 comparatione
606 2080 92 74 ad
653 2080 185 74 effectum
791 2080 92 74 vt
837 2080 92 74 ad
883 2080 231 74 continentis
1068 2080 231 74 voluntatem.
1252 2080 92 74 Si
1298 2080 138 74 primo
1391 2080 138 74 modo,
1483 2080 108 74 cum
1544 2080 185 74 carentia
1667 2080 154 74 effectus

85 2136 158 67 prolis
196 2136 111 67 sit
259 2136 174 67 quantum
386 2136 111 67 est
449 2136 95 67 de
496 2136 95 67 se
544 2136 126 67 pura
623 2136 205 67 priuatio,
781 2136 126 67 boni
860 2136 142 67 talis
955 2136 190 67 carentia
1097 2136 142 67 nihil
1192 2136 126 67 boni
1271 2136 158 67 omnino
1381 2136 142 67 ponit
1476 2136 142 67 circa
1571 2136 269 67 virginitatem.
1777 2136 47 67 &

79 2194 121 60 ideo
154 2194 181 60 secundum
290 2194 106 60 hoc
351 2194 196 60 coniugium
502 2194 212 60 praefertur
668 2194 242 60 virginitati.
865 2194 106 60 Sed
925 2194 106 60 hoc
986 2194 106 60 est
1046 2194 196 60 praeferri
1197 2194 181 60 secundum
1333 2194 136 60 quid,
1424 2194 106 60 non
1484 2194 242 60 simpliciter:
1681 2194 121 60 quia
1741 2194 76 60 pro

77 2237 118 77 pter
151 2237 162 77 aliquae
269 2237 133 77 bonum
358 2237 207 77 praefertur
520 2237 221 77 virginitas:
697 2237 177 77 respectu
830 2237 133 77 cuius
919 2237 133 77 bonum
1007 2237 148 77 prolis
1110 2237 103 77 est
1170 2237 133 77 bonum
1258 2237 177 77 secundum
1391 2237 133 77 quid,
1480 2237 89 77 vt
1524 2237 103 77 iam
1583 2237 207 77 videbitur.
1730 2237 89 77 Quia

78 2298 129 62 tamen
164 2298 172 62 effectus
293 2298 115 62 ille
365 2298 158 62 aliquid
480 2298 230 62 perfectionis
667 2298 129 62 dicit
753 2298 129 62 circa
839 2298 244 62 foecunditatis
1040 2298 144 62 bonum,
1141 2298 115 62 ideo
1213 2298 129 62 aliis
1299 2298 144 62 eisdem
1399 2298 172 62 retentis
1529 2298 244 62 praeminentius
1715 2298 101 62 bonum

74 2350 109 59 est
137 2350 217 59 virginitas
307 2350 109 59 cum
370 2350 264 59 foecunditatis
587 2350 202 59 effectum:
742 2350 124 59 quam
820 2350 124 59 sine
898 2350 109 59 eo:
960 2350 155 59 qualis
1068 2350 124 59 fuit
1146 2350 93 59 in
1193 2350 171 59 virgine
1317 2350 155 59 Maria.
1426 2350 93 59 Si
1472 2350 124 59 vero
1550 2350 233 59 foecunditas
1721 2350 93 59 con-

74 2389 233 68 sideretur
253 2389 108 68 in
307 2389 215 68 respectu
469 2389 108 68 ad
523 2389 233 68 subiectum
702 2389 108 68 vt
756 2389 108 68 ad
810 2389 215 68 corporis
971 2389 305 68 integritatem:
1222 2389 126 68 hoc
1294 2389 144 68 modo
1384 2389 126 68 cum
1455 2389 251 68 integritas
1635 2389 179 68 corporis

73 2452 164 68 melior
187 2452 115 68 sit
253 2452 131 68 quam
335 2452 230 68 corruptio,
516 2452 164 68 melior
631 2452 115 68 est
696 2452 82 68 &
729 2452 279 68 praeminentior
959 2452 115 68 quo
1024 2452 98 68 ad
1074 2452 115 68 hoc
1139 2452 230 68 virginitas
1320 2452 148 68 cuius
1418 2452 246 68 foecunditas
1615 2452 115 68 est
1681 2452 115 68 cum
1730 2452 82 68 cor

79 2506 144 57 poris
175 2506 256 57 integritate:
383 2506 128 57 quam
463 2506 240 57 foecunditas
654 2506 128 57 illa
734 2506 128 57 quae
814 2506 112 57 non
878 2506 112 57 est
942 2506 128 57 sine
1022 2506 192 57 corporis
1166 2506 240 57 corruptione
1358 2506 96 57 in
1405 2506 208 57 coniugio.
1565 2506 80 57 &
1597 2506 192 57 secundum
1725 2506 80 57 hoc

74 2559 235 52 virginitas
259 2559 252 52 praeferenda
461 2559 118 52 est
528 2559 218 52 coniugio.
696 2559 118 52 Sed
763 2559 118 52 hoc
830 2559 118 52 est
898 2559 202 52 secundum
1049 2559 151 52 quid,
1150 2559 151 52 multo
1250 2559 134 52 enim
1334 2559 168 52 melius
1452 2559 118 52 est
1519 2559 151 52 aliis
1620 2559 168 52 eisdem
1721 2559 84 52 re-

76 2607 168 63 tentis
194 2607 252 63 foecunditas
395 2607 101 63 in
445 2607 185 63 effectu
579 2607 117 63 cum
647 2607 201 63 corporis
798 2607 268 63 corruptione:
1016 2607 134 63 quam
1099 2607 134 63 sola
1183 2607 201 63 corporis
1334 2607 235 63 integritas
1519 2607 168 63 absque
1636 2607 168 63 prole.
1737 2607 67 63 Am

73 2656 96 60 bo
121 2656 144 60 tamen
217 2656 128 60 esse
297 2656 144 60 simul
394 2656 160 60 melius
506 2656 160 60 esset:
618 2656 128 60 quam
698 2656 176 60 alterum
827 2656 112 60 per
891 2656 112 60 se:
955 2656 144 60 sicut
1051 2656 144 60 erant
1147 2656 96 60 in
1196 2656 160 60 Maria:
1308 2656 192 60 secundum
1452 2656 128 60 quod
1532 2656 96 60 de
1580 2656 128 60 ipsa
1661 2656 144 60 dicit
1741 2656 64 60 Au

68 2710 205 62 gustinus
221 2710 102 62 in
273 2710 188 62 sermone
409 2710 102 62 de
460 2710 239 62 natiuitate
648 2710 154 62 eius.
750 2710 136 62 Haec
836 2710 119 62 duo
904 2710 222 62 iucundius
1074 2710 188 62 amabat:
1211 2710 273 62 virginitatem
1433 2710 205 62 scilicet
1586 2710 85 62 &
1603 2710 205 62 foecundita

74 2764 126 54 tem.
153 2764 268 54 Virginitatem:
374 2764 126 54 quia
453 2764 126 54 hanc
531 2764 110 54 per
594 2764 142 54 omnia
689 2764 110 54 deo
752 2764 173 54 placere
878 2764 268 54 intelligebat.
1099 2764 284 54 Foecunditatem:
1335 2764 126 54 quia
1414 2764 126 54 sine
1493 2764 110 54 hac
1556 2764 205 54 maledicta
1698 2764 110 54 legis

72 2813 228 59 incurrere
248 2813 228 59 metuebat.
424 2813 158 59 vicit
529 2813 158 59 tamen
635 2813 141 59 amor
723 2813 228 59 seruandae
898 2813 299 59 virginitatis:
1144 2813 88 59 &
1179 2813 211 59 exclusit
1338 2813 193 59 timorem
1478 2813 264 59 incurrendae
1671 2813 141 59 maledi

73 2872 178 61 ctionis.
206 2872 89 61 Si
251 2872 118 61 vero
325 2872 222 61 foecunditas
503 2872 237 61 consideratur
695 2872 89 61 in
740 2872 178 61 respectu
873 2872 89 61 ad
917 2872 193 61 effectum:
1065 2872 104 61 hoc
1125 2872 118 61 modo
1199 2872 178 61 quaestio
1332 2872 133 61 habet
1421 2872 118 61 suam
1495 2872 267 61 difficultatem:
1702 2872 104 61 vtrum

61 2914 218 69 scilicet
225 2914 182 69 melius
352 2914 91 69 &
388 2914 309 69 praeminentius
643 2914 255 69 propositum
843 2914 255 69 voluntatis
1044 2914 127 69 sit
1116 2914 109 69 de
1171 2914 291 69 restringendo
1408 2914 237 69 appetitum
1590 2914 91 69 &
1608 2914 200 69 refraenan

65 2976 114 62 do
122 2976 114 62 ab
179 2976 152 62 actu
274 2976 133 62 quo
350 2976 285 62 foecunditas
578 2976 266 62 impugnatur
787 2976 114 62 ne
844 2976 152 62 ipsa
939 2976 228 62 germinet
1110 2976 114 62 in
1167 2976 209 62 prolem:
1319 2976 133 62 vel
1395 2976 114 62 de
1452 2976 209 62 laxando
1585 2976 228 62 appetitum.

53 3026 112 72 in
109 3026 168 72 actum
222 3026 187 72 talem,
353 3026 112 72 vt
409 3026 281 72 foecunditas
634 3026 150 72 ipsa
727 3026 225 72 germinet
896 3026 112 72 in
952 3026 206 72 prolem.
1102 3026 112 72 Et
1158 3026 243 72 intelligo
1345 3026 150 72 quod
1439 3026 225 72 vtrunque
1607 3026 168 72 horum
1701 3026 112 72 fiat
