2419 3736
146 292 172 105 omnes
261 292 192 105 partes
395 292 230 105 materiae
567 292 192 105 illius
702 292 172 105 prius
816 292 268 105 existentis
1027 292 134 105 sub
1104 292 134 105 vna
1181 292 96 105 &
1219 292 172 105 eadem
1334 292 172 105 forma
1449 292 211 105 seminis
1602 292 96 105 &
1640 292 230 105 secundum
1794 292 153 105 ratio-

153 384 125 66 nem
225 384 179 66 mixti:
350 384 143 66 acsi
440 384 161 66 forma
547 384 161 66 mixti
655 384 197 66 fuisset
798 384 179 66 educta
923 384 107 66 de
977 384 215 66 potentia
1138 384 233 66 materiae.
1317 384 161 66 Quare
1425 384 125 66 cum
1496 384 107 66 vt
1550 384 179 66 dictum
1675 384 143 66 est,
1765 384 161 66 anima
1854 384 90 66 non

149 435 249 59 infunditur
345 435 195 59 corpori
487 435 142 59 siue
576 435 213 59 materiae
736 435 142 59 nisi
824 435 160 59 prout
931 435 124 59 est
1002 435 267 59 dispositiua
1215 435 107 59 ad
1269 435 160 59 illam
1375 435 302 59 suscipiendam:
1624 435 107 59 in
1677 435 142 59 tali
1766 435 142 59 ergo
1837 435 107 59 mate

150 489 121 69 ria
219 489 104 69 ad
271 489 277 69 perficiendum
496 489 139 69 tale
583 489 208 69 monstrum
739 489 191 69 necesse
877 489 121 69 est
946 489 173 69 ponere
1068 489 208 69 secundum
1224 489 156 69 illos
1327 489 139 69 quod
1414 489 121 69 sic
1483 489 121 69 est
1553 489 121 69 vna
1622 489 156 69 anima
1709 489 242 69 intellectiua

154 549 81 62 &
186 549 114 62 ita
251 549 130 62 quod
333 549 114 62 non
398 549 114 62 sit
463 549 130 62 nisi
544 549 130 62 vnus
625 549 146 62 homo.
723 549 98 62 EX
772 549 114 62 quo
837 549 244 62 quamplurima
1032 549 293 62 inconuenientia
1275 549 228 62 sequuntur:
1454 549 195 62 scilicet
1601 549 130 62 quod
1682 549 130 62 vnus
1763 549 130 62 homo
1828 549 114 62 secun

158 597 112 67 dum
222 597 175 67 numerum
349 597 255 67 intelligeret
556 597 112 67 per
620 597 191 67 diuersas
764 597 239 67 phantasias:
955 597 80 67 &
987 597 112 67 hoc
1051 597 239 67 diuersimode
1242 597 191 67 secundum
1385 597 191 67 diuersas
1529 597 271 67 dispositiones
1752 597 223 67 diuersorum

154 647 189 61 capitum
291 647 138 61 quae
377 647 189 61 possent
515 647 138 61 pati
601 647 206 61 diuersas
756 647 224 61 passiones
928 647 120 61 aut
996 647 292 61 aegritudines:
1237 647 86 61 &
1271 647 138 61 vnum
1357 647 172 61 posset
1478 647 138 61 pati
1564 647 138 61 quod
1650 647 155 61 aliud
1753 647 120 61 non
1804 647 138 61 patere

148 706 122 66 tur:
224 706 138 66 sicut
316 706 199 66 contingit
469 706 92 66 in
515 706 184 66 diuersis
653 706 184 66 brachiis
790 706 138 66 vnius
882 706 184 66 hominis:
1020 706 77 66 &
1051 706 184 66 secundum
1188 706 107 66 hoc
1249 706 184 66 secundum
1387 706 122 66 vnam
1464 706 214 66 phantasiam
1632 706 153 66 posset
1739 706 168 66 errare:
1861 706 77 66 &
1877 706 61 66 se

152 757 147 60 cundum
255 757 132 60 aliam
343 757 103 60 non
401 757 161 60 errare:
519 757 73 60 &
548 757 176 60 secundum
680 757 117 60 vnam
753 757 117 60 esse
826 757 234 60 phreneticus,
1017 757 73 60 &
1046 757 176 60 secundum
1178 757 132 60 aliam
1266 757 117 60 non:
1339 757 73 60 &
1369 757 176 60 secundum
1500 757 117 60 vnam
1574 757 161 60 sapiens
1691 757 73 60 &
1720 757 176 60 secundum
1837 757 103 60 aliam

152 811 232 62 ignorans:
331 811 89 62 &
366 811 214 62 secundum
527 811 125 62 hoc
598 811 196 62 habitus
741 811 196 62 diuersi
884 811 89 62 &
919 811 232 62 contrarii
1098 811 161 62 simul
1205 811 89 62 &
1240 811 161 62 semel
1347 811 107 62 in
1401 811 161 62 eadem
1508 811 161 62 anima
1615 811 285 62 intellectiua
1829 811 107 62 nume

153 864 100 68 ro
203 864 316 68 aggenerarentur:
470 864 133 68 quod
553 864 116 68 non
619 864 116 68 est
686 864 133 68 plus
769 864 216 68 possibile
936 864 133 68 quam
1019 864 133 68 quod
1102 864 133 68 duae
1185 864 216 68 albedines
1352 864 166 68 numero
1468 864 250 68 differentes
1668 864 116 68 vel
1734 864 116 68 vna
1801 864 166 68 albedo

148 917 95 64 &
186 917 133 64 vna
262 917 209 64 nigredo
415 917 286 64 differentes
643 917 190 64 numero
776 917 190 64 essent
910 917 114 64 in
967 917 171 64 eadem
1081 917 171 64 parte
1195 917 248 64 corporis.
1386 917 248 64 SEquuntur
1576 917 171 64 etiam
1690 917 209 64 plurima
1824 917 114 64 alia

152 968 343 69 inconuenientia:
441 968 108 69 vt
495 968 144 69 quod
585 968 217 69 secundum
748 968 144 69 vnum
838 968 163 69 caput
947 968 181 69 posset
1073 968 199 69 dormire
1218 968 90 69 &
1254 968 235 69 somniare:
1434 968 90 69 &
1470 968 217 69 secundum
1633 968 163 69 aliud
1741 968 217 69 vigilare
1886 968 54 69 &

145 1023 267 73 ratiocinari:
362 1023 83 73 &
395 1023 133 73 sibi
479 1023 217 73 vigilanti
646 1023 200 73 recitare
796 1023 167 73 somnia
912 1023 117 73 sua
979 1023 133 73 quae
1062 1023 150 73 simul
1162 1023 183 73 videret
1296 1023 217 73 dormiens.
1462 1023 133 73 Quod
1546 1023 167 73 reuera
1663 1023 117 73 non
1729 1023 117 73 est
1796 1023 150 73 aliud
1879 1023 67 73 po

153 1078 134 66 nere
237 1078 134 66 nisi
321 1078 201 66 fingere.
471 1078 217 66 Praeterea
638 1078 134 66 quod
722 1078 117 66 non
789 1078 117 66 sit
856 1078 134 66 ita,
939 1078 151 66 patet
1040 1078 100 66 ex
1090 1078 268 66 experientia.
1307 1078 151 66 Visum
1408 1078 134 66 enim
1491 1078 117 66 est
1558 1078 217 66 quandoque
1726 1078 201 66 monstrum
1876 1078 100 66 ha

151 1129 143 62 bens
241 1129 125 62 duo
312 1129 179 62 capita
437 1129 89 62 &
473 1129 233 62 superiora
652 1129 233 62 separata:
831 1129 143 62 quod
920 1129 107 62 in
974 1129 233 62 quibusdam
1153 1129 161 62 aliis
1260 1129 215 62 partibus
1421 1129 143 62 erat
1511 1129 143 62 vnum
1600 1129 250 62 continuum,
1797 1129 89 62 &
1815 1129 125 62 proue

149 1188 136 64 ctae
234 1188 203 64 aetatis:
386 1188 102 64 vt
437 1188 237 64 loqueretur
623 1188 102 64 in
674 1188 119 64 vno
742 1188 169 64 capite
861 1188 85 64 &
895 1188 102 64 in
945 1188 152 64 alio,
1047 1188 119 64 ita
1115 1188 102 64 vt
1166 1188 152 64 quasi
1267 1188 203 64 diuersae
1420 1188 203 64 personae
1572 1188 288 64 altercarentur
1793 1188 152 64 frequen

145 1238 128 63 ter
218 1238 165 63 inter
328 1238 128 63 se:
401 1238 91 63 &
437 1238 183 63 quando
566 1238 128 63 vna
639 1238 183 63 voluit
767 1238 220 63 comedere
932 1238 146 63 alia
1023 1238 183 63 voluit
1151 1238 238 63 ieiunare:
1334 1238 91 63 &
1371 1238 183 63 quando
1499 1238 128 63 per
1572 1238 146 63 vnum
1664 1238 110 63 os
1718 1238 183 63 nimium
1828 1238 110 63 come

148 1292 163 57 debat
256 1292 127 57 per
329 1292 199 57 alterum
473 1292 108 57 os
527 1292 307 57 conquerebatur
780 1292 108 57 se
835 1292 217 57 grauari.
997 1292 145 57 ltem
1088 1292 181 57 quando
1214 1292 127 57 vna
1286 1292 181 57 voluit
1413 1292 181 57 orare:
1539 1292 181 57 altera
1666 1292 181 57 voluit
1774 1292 163 57 iocari.

152 1345 100 58 Et
202 1345 116 58 vna
269 1345 133 58 erat
352 1345 150 58 talis
452 1345 133 58 quod
535 1345 166 58 voluit
652 1345 216 58 luxuriari
818 1345 83 58 &
851 1345 133 58 esse
935 1345 233 58 dissoluta:
1118 1345 166 58 altera
1234 1345 133 58 vero
1317 1345 166 58 voluit
1434 1345 133 58 esse
1517 1345 233 58 religiosa:
1700 1345 83 58 &
1733 1345 116 58 vna
1783 1345 150 58 morieba

154 1398 129 55 tur
227 1398 165 55 longo
337 1398 202 55 tempore
484 1398 147 55 ante
576 1398 184 55 aliam:
705 1398 92 55 &
742 1398 165 55 erant
852 1398 257 55 coniunctae
1054 1398 129 55 vna
1128 1398 147 55 viua
1219 1398 92 55 &
1256 1398 184 55 altera
1385 1398 202 55 mortua,
1532 1398 147 55 quae
1624 1398 184 55 reuera
1752 1398 165 55 nullo
1844 1398 92 55 mo-

155 1453 109 64 do
209 1453 255 64 potuissent
410 1453 255 64 contigisse
610 1453 109 64 si
665 1453 200 64 fuisset
810 1453 127 64 vna
883 1453 218 64 persona,
1047 1453 91 64 &
1083 1453 164 64 vnica
1193 1453 146 64 sola
1284 1453 164 64 anima
1393 1453 291 64 informaretur
1629 1453 164 64 totum
1721 1453 218 64 modostrum.

187 1507 140 67 DIco
274 1507 175 67 igitur
396 1507 140 67 quod
484 1507 192 67 necesse
624 1507 122 67 est
694 1507 175 67 ponere
816 1507 140 67 tale
903 1507 210 67 monstrum
1061 1507 175 67 habere
1183 1507 140 67 duas
1271 1507 175 67 animas
1393 1507 262 67 rationales,
1603 1507 105 67 vt
1655 1507 140 67 vere
1743 1507 140 67 sint
1830 1507 140 67 duae

150 1568 209 62 personae
306 1568 209 62 &homines
462 1568 139 62 duo.
549 1568 122 62 Sed
619 1568 191 62 quomodo
758 1568 139 62 sunt
845 1568 139 62 vnum
932 1568 226 62 continuum
1106 1568 209 62 secundum
1262 1568 209 62 materiam
1419 1568 139 62 vnam
1505 1568 191 62 numero:
1645 1568 156 62 licet
1749 1568 122 62 per
1801 1568 139 62 partes

144 1611 239 62 extensam
323 1611 139 62 sub
403 1611 239 62 partibus
582 1611 259 62 continui:
781 1611 139 62 QVl
861 1611 139 62 non
940 1611 199 62 ponunt
1080 1611 139 62 cum
1160 1611 179 62 anima
1279 1611 319 62 intellectiua
1538 1611 199 62 formam
1677 1611 179 62 aliam
1777 1611 159 62 perfi-

152 1665 190 62 cientem
290 1665 225 62 materiam:
463 1665 121 62 non
532 1665 190 62 possent
671 1665 173 62 dicere
792 1665 156 62 aliud
895 1665 138 62 quam
982 1665 138 62 quod
1068 1665 121 62 non
1137 1665 121 62 est
1207 1665 190 62 materia
1345 1665 121 62 vna
1414 1665 208 62 continua
1570 1665 121 62 sed
1639 1665 225 62 separata:
1812 1665 86 62 &
1829 1665 104 62 ite-

153 1720 130 66 rum
228 1720 279 66 naturaliter
451 1720 297 66 consolidata:
692 1720 279 66 quemadmodum
915 1720 149 66 duae
1008 1720 204 66 arbores
1156 1720 111 66 ex
1212 1720 186 66 duabus
1342 1720 241 66 radicibus
1527 1720 260 66 crescentes
1713 1720 223 66 coniunctae

156 1767 322 71 consolidantur
422 1767 114 71 vt
478 1767 133 71 vna
554 1767 171 71 arbor
668 1767 247 71 videatur.
858 1767 171 71 sicut
972 1767 171 71 patet
1085 1767 171 71 etiam
1199 1767 114 71 in
1256 1767 190 71 insito
1389 1767 209 71 ramorum
1541 1767 266 71 diuersarum
1730 1767 209 71 specierum

157 1830 122 60 sub
226 1830 174 60 trunco
348 1830 174 60 omnino
470 1830 209 60 alterius
627 1830 209 60 speciei.
784 1830 122 60 Aut
854 1830 105 60 si
906 1830 157 60 talem
1010 1830 331 60 consolidationem
1289 1830 261 60 impossibile
1498 1830 122 60 est
1568 1830 174 60 ponere
1690 1830 192 60 propter
1812 1830 122 60 prae-

155 1878 162 67 dicta:
268 1878 178 67 quoniam
397 1878 178 67 materia
527 1878 129 67 illa
607 1878 97 67 in
656 1878 145 67 forma
753 1878 178 67 seminis
882 1878 194 67 existens
1028 1878 178 67 nunquam
1157 1878 129 67 fuit
1238 1878 210 67 separata:
1400 1878 81 67 &
1432 1878 97 67 in
1480 1878 145 67 eodem
1577 1878 194 67 instanti
1723 1878 113 67 quo
1788 1878 129 67 illa
1852 1878 81 67 cor

148 1934 225 62 rumpitur,
321 1934 156 62 anima
424 1934 225 62 rationali
597 1934 259 62 informatur:
805 1934 138 62 nisi
891 1934 138 62 quod
978 1934 173 62 eandem
1099 1934 208 62 materiam
1255 1934 173 62 numero
1376 1934 242 62 perficiant
1566 1934 208 62 diuersae
1721 1934 190 62 animae:
1843 1934 86 62 vna

153 1989 215 68 secundum
314 1989 143 68 vnam
404 1989 197 68 partem:
547 1989 143 68 alia
637 1989 215 68 secundum
798 1989 179 68 aliam.
923 1989 125 68 SED
995 1989 179 68 quaero
1120 1989 143 68 quid
1210 1989 143 68 erat
1299 1989 251 68 continuans
1496 1989 90 68 &
1532 1989 233 68 continens
1711 1989 179 68 partes
1836 1989 125 68 ma-

154 2039 172 67 teriae
274 2039 86 67 &
309 2039 207 67 continui
464 2039 103 67 in
516 2039 155 67 vnum.
619 2039 103 67 No
671 2039 172 67 altera
792 2039 207 67 illarum,
947 2039 121 67 vel
1016 2039 172 67 ambae:
1137 2039 138 67 quia
1223 2039 224 67 vtriusque
1395 2039 121 67 est
1464 2039 259 67 distinguere
1671 2039 86 67 &
1706 2039 207 67 diuidere
1844 2039 86 67 po-

156 2103 134 57 tius
240 2103 134 57 vnum
323 2103 100 57 ab
373 2103 184 57 altero:
507 2103 150 57 forma
607 2103 134 57 enim
691 2103 83 57 &
724 2103 150 57 actus
824 2103 184 57 diuidit
958 2103 200 57 secundum
1108 2103 267 57 Philosophum.
1325 2103 100 57 x,
1375 2103 284 57 metaphysicae.
1609 2103 100 57 Et
1659 2103 200 57 conuenit
1792 2103 134 57 quaere

159 2149 96 67 re
207 2149 96 67 ab
255 2149 113 67 eis
320 2149 80 67 &
352 2149 177 67 arguere
481 2149 161 67 contra
593 2149 129 67 eos:
674 2149 241 67 quemadmodum
867 2149 241 67 Philosophus
1060 2149 177 67 quaerit
1188 2149 96 67 ab
1236 2149 145 67 illis
1333 2149 113 67 qui
1397 2149 193 67 ponebant
1542 2149 129 67 quod
1622 2149 257 67 intelligere,
1815 2149 113 67 senti

151 2203 103 68 re,
210 2203 177 68 opinari,
343 2203 222 68 deliberare,
521 2203 192 68 appetere,
669 2203 74 68 &
698 2203 192 68 huiusmodi
846 2203 103 68 non
905 2203 177 68 inessent
1038 2203 118 68 toti
1112 2203 163 68 animae:
1230 2203 103 68 sed
1289 2203 133 68 aliis
1378 2203 74 68 &
1408 2203 133 68 aliis
1496 2203 89 68 vt
1541 2203 177 68 partibus
1674 2203 148 68 animae
1777 2203 103 68 hoc
1822 2203 103 68 faci-

156 2254 148 70 mus.
248 2254 111 70 Ex
303 2254 185 70 arguit
433 2254 185 70 contra
562 2254 166 70 ipsos
673 2254 185 70 dicens
802 2254 111 70 in
858 2254 148 70 fine
950 2254 166 70 primi
1061 2254 111 70 de
1116 2254 185 70 anima.
1245 2254 185 70 Dicunt
1375 2254 166 70 autem
1486 2254 185 70 quidam
1615 2254 259 70 partibilem
1800 2254 129 70 ipsam

158 2317 152 62 esse:
259 2317 84 62 &
293 2317 135 62 alio
377 2317 168 62 quidem
495 2317 269 62 intelligere:
714 2317 135 62 alio
798 2317 152 62 autem
899 2317 286 62 concupiscere.
1135 2317 135 62 Quid
1219 2317 168 62 igitur
1337 2317 202 62 continet
1488 2317 168 62 animam
1606 2317 101 62 si
1657 2317 236 62 partibilis
1825 2317 101 62 esse

159 2370 143 60 apta
248 2370 161 60 nata:
356 2370 125 60 non
427 2370 197 60 corpus:
570 2370 197 60 Videtur
713 2370 143 60 enim
802 2370 250 60 contrarium
999 2370 161 60 magis
1106 2370 161 60 anima
1213 2370 179 60 corpus
1338 2370 250 60 continere.
1535 2370 250 60 egrediente
1731 2370 143 60 enim
1803 2370 125 60 expi-

155 2412 120 69 rat
224 2412 86 69 &
258 2412 241 69 marcessit.
447 2412 103 69 Si
499 2412 172 69 igitur
619 2412 189 69 alterum
756 2412 189 69 aliquod
894 2412 137 69 vnam
980 2412 155 69 ipsam
1083 2412 172 69 facit:
1203 2412 155 69 illud
1306 2412 172 69 maxime
1427 2412 172 69 vtique
1547 2412 137 69 erit
1633 2412 172 69 anima.
1736 2412 189 69 Oportebit

153 2480 152 58 autem
254 2480 84 58 &
288 2480 152 58 illud
389 2480 219 58 quaerere:
558 2480 152 58 vtrum
659 2480 135 58 vnum
744 2480 118 58 aut
811 2480 203 58 multarum
963 2480 186 58 partium
1098 2480 135 58 sit.
1183 2480 203 58 Siquidem
1334 2480 135 58 vnum
1419 2480 135 58 est:
1503 2480 186 58 propter
1638 2480 135 58 quid
1723 2480 118 58 non
1790 2480 118 58 mox
1841 2480 84 58 est

153 2520 86 68 &
187 2520 171 68 animam
307 2520 137 68 esse
392 2520 154 68 vnam:
495 2520 103 68 Si
546 2520 137 68 vero
632 2520 257 68 diuisibile:
837 2520 171 68 iterum
957 2520 154 68 ratio
1060 2520 188 68 quaerit
1196 2520 137 68 quid
1282 2520 120 68 est
1350 2520 239 68 continens.
1539 2520 86 68 &
1573 2520 120 68 sic
1641 2520 205 68 procedet
1795 2520 103 68 in
1829 2520 103 68 infi

154 2575 160 67 nitum.
266 2575 208 67 Similiter
426 2575 96 67 in
474 2575 208 67 proposito
635 2575 176 67 quaero:
763 2575 96 67 si
811 2575 80 67 a
843 2575 96 67 se
891 2575 96 67 in
939 2575 112 67 hoc
1003 2575 192 67 modostro
1147 2575 128 67 sunt
1227 2575 208 67 partitae:
1387 2575 80 67 &
1419 2575 128 67 alio
1500 2575 224 67 intelligit
1676 2575 112 67 vna
1740 2575 128 67 pars
1804 2575 128 67 illius

160 2629 223 67 continui:
331 2629 137 67 alio
417 2629 154 67 alia:
519 2629 86 67 &
554 2629 223 67 similiter
725 2629 171 67 sentit
845 2629 86 67 &
879 2629 188 67 caetera
1016 2629 240 67 huiusmodi:
1204 2629 137 67 quid
1290 2629 171 67 igitur
1409 2629 205 67 continet
1564 2629 171 67 animam
1683 2629 137 67 vnam
1769 2629 120 67 cum
1820 2629 103 67 alia

159 2677 94 73 in
206 2677 125 73 tali
284 2677 203 73 continuo:
441 2677 109 73 cum
503 2677 94 73 ex
550 2677 94 73 se
597 2677 203 73 quaelibet
753 2677 172 73 illarum
879 2677 125 73 apta
957 2677 125 73 nata
1035 2677 109 73 sit
1097 2677 125 73 esse
1176 2677 172 73 partita
1301 2677 94 73 ab
1348 2677 141 73 alia:
1441 2677 109 73 non
1504 2677 125 73 enim
1582 2677 125 73 ipsa
1660 2677 219 73 substantia
1832 2677 125 73 mate

162 2737 142 68 riae
251 2737 124 68 aut
322 2737 177 68 corpus
446 2737 142 68 quid
534 2737 124 68 est
605 2737 230 68 quantitas
782 2737 230 68 continua.
959 2737 195 68 videtur
1101 2737 159 68 magis
1207 2737 248 68 contrarium
1402 2737 142 68 quod
1490 2737 159 68 anima
1597 2737 230 68 contineat
1774 2737 159 68 illa.
1862 2737 71 68 Si

157 2789 154 71 igitur
264 2789 170 71 alterum
388 2789 185 71 aliquid,
526 2789 139 71 illud
619 2789 154 71 potius
727 2789 123 71 erit
804 2789 154 71 anima.
912 2789 92 71 de
958 2789 108 71 qua
1020 2789 154 71 quaero
1128 2789 139 71 vtrum
1220 2789 108 71 vna
1282 2789 108 71 aut
1343 2789 200 71 diuersae.
1497 2789 92 71 Si
1544 2789 123 71 vna:
1621 2789 139 71 eadem
1713 2789 170 71 ratione
1837 2789 123 71 stan

156 2856 117 55 dum
223 2856 83 55 a
256 2856 217 55 principio
423 2856 100 55 in
474 2856 134 55 vno:
557 2856 184 55 dicendo
691 2856 200 55 scilicet
841 2856 134 55 quod
924 2856 117 55 non
991 2856 117 55 sit
1058 2856 117 55 ibi
1125 2856 134 55 nisi
1208 2856 167 55 vnica.
1325 2856 100 55 si
1375 2856 134 55 vero
1459 2856 184 55 plures:
1592 2856 134 55 tunc
1676 2856 100 55 vt
1726 2856 150 55 prius
1809 2856 117 55 proce

152 2899 165 66 detur
262 2899 110 66 in
317 2899 257 66 infinitum.
519 2899 128 66 Cum
592 2899 147 66 ergo
684 2899 275 66 impossibile
904 2899 128 66 sit
978 2899 110 66 in
1033 2899 239 66 infinitum
1216 2899 257 66 procedere:
1418 2899 275 66 impossibile
1638 2899 165 66 etiam
1748 2899 128 66 est
1804 2899 128 66 pone-

155 2951 98 70 re
204 2951 131 70 quod
286 2951 131 70 illa
368 2951 164 70 vnitas
483 2951 115 70 sit
548 2951 98 70 in
597 2951 180 70 materia
729 2951 82 70 &
761 2951 197 70 continuo
909 2951 98 70 ab
958 2951 148 70 illis
1057 2951 197 70 diuersis
1204 2951 213 70 animabus:
1368 2951 82 70 &
1401 2951 115 70 non
1467 2951 115 70 est
1532 2951 148 70 stare
1631 2951 98 70 in
1680 2951 164 70 vnica:
1795 2951 82 70 &
1811 2951 115 70 tamen

153 3008 197 64 necesse
296 3008 125 64 est
368 3008 179 64 ponere
493 3008 197 64 aliquid
637 3008 143 64 quod
726 3008 125 64 sit
798 3008 161 64 causa
905 3008 197 64 illius:
1049 3008 90 64 &
1084 3008 125 64 hoc
1156 3008 125 64 non
1228 3008 143 64 nisi
1317 3008 179 64 formam
1442 3008 215 64 aliquam:
1604 3008 125 64 non
1657 3008 269 64 accidentalem:

161 3057 134 67 quia
245 3057 134 67 quod
329 3057 117 67 sic
395 3057 201 67 continet
546 3057 167 67 partes
663 3057 201 67 materiae
814 3057 218 67 immediate
981 3057 117 67 est
1048 3057 151 67 actus
1148 3057 151 67 eius:
1249 3057 134 67 quod
1332 3057 117 67 non
1399 3057 117 67 est
1466 3057 134 67 nisi
1550 3057 151 67 forma
1650 3057 301 67 substantialis:

156 3109 81 69 &
188 3109 212 69 praeterea
351 3109 130 69 tunc
433 3109 130 69 illa
514 3109 147 69 forma
612 3109 147 69 esset
709 3109 98 69 in
758 3109 147 69 nullo
856 3109 147 69 sicut
954 3109 98 69 in
1003 3109 212 69 subiecto:
1166 3109 114 69 aut
1231 3109 147 69 esset
1328 3109 98 69 in
1377 3109 179 69 vtroque
1508 3109 228 69 supposito:
1687 3109 81 69 &
1719 3109 114 69 hoc
1768 3109 163 69 secundum

159 3169 204 81 diuersas
312 3169 170 81 partes
431 3169 153 81 suas:
533 3169 85 81 &
567 3169 119 81 sic
636 3169 170 81 formae
755 3169 289 81 substantiales
993 3169 170 81 potius
1112 3169 255 81 continerent
1316 3169 136 81 quam
1401 3169 238 81 econuerso:
1589 3169 187 81 oportet
1725 3169 136 81 ergo
1793 3169 136 81 ponere
