2397 3731
148 292 157 85 blico.
258 292 94 85 Ad
305 292 236 85 paupertatis
494 292 141 85 autem
588 292 251 85 obseruantiam
792 292 173 85 morando
918 292 94 85 in
965 292 173 85 saeculo
1091 292 157 85 multum
1201 292 173 85 indiget
1326 292 126 85 homo
1405 292 188 85 alterius
1546 292 236 85 adminiculo,
1735 292 79 85 a
1766 292 110 85 quo
1829 292 110 85 vel
1876 292 63 85 cu

150 362 111 77 ius
214 362 222 77 adminiculo
388 362 175 77 poterit
515 362 206 77 acquirere
674 362 222 77 necessaria
849 362 159 77 vitae:
960 362 111 77 ita
1023 362 127 77 quod
1103 362 111 77 vix
1166 362 159 77 potest
1277 362 206 77 custodiri
1436 362 95 77 in
1484 362 222 77 solitario.
1658 362 127 77 Vnde
1738 362 191 77 eremitae
1881 362 95 77 an

145 436 189 53 tiquitus
287 436 173 53 necesse
413 436 189 53 habebant
555 436 221 53 frequenter
728 436 173 53 propter
854 436 205 53 victualia
1012 436 79 53 &
1043 436 126 53 alia
1122 436 221 53 necessaria
1295 436 142 53 adire
1390 436 236 53 saecularium
1579 436 173 53 castra.
1705 436 205 53 Similiter
1846 436 95 53 obe-

155 476 214 65 dientiam
316 476 178 65 nuilus
440 476 178 65 potest
565 476 232 65 custodire
743 476 107 65 in
797 476 232 65 solitario
975 476 178 65 absque
1100 476 232 65 coniuncto
1278 476 125 65 cui
1349 476 178 65 debeat
1474 476 214 65 obedire.
1634 476 143 65 Quia
1723 476 125 65 non
1794 476 125 65 est
1848 476 89 65 obe

158 527 171 61 dientia
283 527 125 61 nisi
361 527 109 61 sit
423 527 109 61 qui
486 527 171 61 obediat
610 527 78 61 &
642 527 109 61 cui
704 527 187 61 obediat:
844 527 78 61 &
875 527 94 61 in
922 527 109 61 eis
984 527 218 61 quaecumque
1156 527 171 61 necesse
1280 527 109 61 est
1343 527 156 61 tenere
1452 527 234 61 conversando
1639 527 109 61 cum
1701 527 156 61 aliis,
1795 527 140 61 diffici

152 584 134 64 lius
236 584 202 64 vitantur
388 584 219 64 exteriora
556 584 219 64 pericula:
724 584 134 64 quam
808 584 101 64 in
858 584 101 64 eo
909 584 134 64 quid
993 584 168 64 potest
1110 584 168 64 tenere
1228 584 134 64 homo
1312 584 118 64 per
1379 584 118 64 se.
1447 584 101 64 AD
1497 584 168 64 illius
1615 584 151 64 autem
1699 584 235 64 obseruantiam

148 635 195 68 securius
294 635 162 68 potest
407 635 179 68 persona
537 635 211 68 commorans
700 635 97 68 in
748 635 179 68 saeculo
878 635 179 68 induci:
1008 635 130 68 quid
1089 635 146 68 magis
1186 635 130 68 sine
1268 635 195 68 periculo
1414 635 162 68 potest
1527 635 211 68 custodiri
1690 635 97 68 in
1738 635 195 68 saeculo.
1868 635 65 68 Ob

150 684 158 73 aliud
256 684 158 73 autem
361 684 123 73 non
431 684 123 73 est
501 684 228 73 illicitum
677 684 210 73 inducere
834 684 105 73 ad
887 684 210 73 alicuius
1045 684 140 73 voti
1132 684 281 73 obseruantiam
1360 684 193 73 manendo
1501 684 105 73 in
1553 684 210 73 saeculo,
1711 684 140 73 nisi
1781 684 158 73 propter

155 746 210 67 periculum
316 746 194 67 imminens
462 746 97 67 de
510 746 307 67 transgressione.
769 746 129 67 Vnde
850 746 129 67 dico
930 746 129 67 quod
1011 746 97 67 si
1060 746 178 67 persona
1189 746 210 67 inducenda
1350 746 97 67 ad
1399 746 145 67 votum
1496 746 226 67 castitatis
1674 746 113 67 sit
1738 746 145 67 talis
1835 746 129 67 quod

150 808 188 56 omnibus
287 808 273 56 consideratis
509 808 120 56 non
577 808 154 56 debet
680 808 137 56 esse
765 808 239 56 probabilis
953 808 154 56 timor
1056 808 103 56 de
1107 808 205 56 periculo
1261 808 342 56 transgressionis:
1551 808 137 56 quod
1637 808 188 56 licitum
1773 808 120 56 est
1842 808 120 56 in-

149 848 182 70 ducere
276 848 219 70 volentes
440 848 182 70 morari
568 848 109 70 in
622 848 200 70 saeculo
768 848 109 70 ad
823 848 164 70 votum
932 848 273 70 castitatis.
1151 848 109 70 Si
1205 848 164 70 autem
1315 848 237 70 probabile
1497 848 237 70 periculum
1661 848 273 70 transgressio-

146 902 129 73 nis
219 902 240 73 immineat,
404 902 129 73 vel
478 902 203 73 propter
625 902 222 73 aetatem,
792 902 129 73 vel
865 902 203 73 propter
1013 902 351 73 conuersationem,
1308 902 129 73 vel
1382 902 240 73 quacunque
1567 902 148 73 alia
1659 902 111 73 de
1715 902 185 73 causa:
1825 902 111 73 dico

149 965 154 56 quod
245 965 173 56 nullo
360 965 154 56 modo
456 965 173 56 licet
571 965 154 56 immo
667 965 192 56 multum
802 965 192 56 peccat
936 965 250 56 inducens:
1128 965 134 56 non
1205 965 173 56 solum
1320 965 230 56 inducens
1493 965 115 56 ad
1551 965 269 56 castitatem
1762 965 211 56 morando

148 1012 110 66 in
203 1012 220 66 saeculo:
368 1012 128 66 sed
441 1012 165 66 etiam
551 1012 220 66 inducens
717 1012 110 66 ad
772 1012 257 66 quodcunque
974 1012 165 66 votum
1084 1012 220 66 intrando
1249 1012 275 66 religionem.
1469 1012 202 66 Quantum
1616 1012 110 66 ad
1671 1012 165 66 votum
1763 1012 165 66 pauper-

146 1063 166 61 tatis
256 1063 259 61 distinguo:
460 1063 129 61 aut
534 1063 222 61 inductio
700 1063 129 61 est
774 1063 111 61 ad
829 1063 166 61 votum
940 1063 277 61 renunciandi
1162 1063 203 61 omnibus
1310 1063 148 61 quae
1402 1063 240 61 possidet.
1587 1063 277 61 Renunciandi
1809 1063 148 61 dico
1883 1063 55 61 &

151 1120 119 60 quo
219 1120 102 60 ad
270 1120 272 60 proprietatem
491 1120 85 60 &
525 1120 119 60 quo
593 1120 102 60 ad
644 1120 153 60 vsum.
746 1120 119 60 Vel
814 1120 119 60 quo
882 1120 102 60 ad
933 1120 272 60 proprietatem
1153 1120 221 60 reseruato
1323 1120 136 60 sibi
1408 1120 119 60 vsu
1476 1120 102 60 ad
1527 1120 170 60 vitam.
1646 1120 102 60 Si
1697 1120 187 60 secundo
1833 1120 136 60 modo

151 1169 218 74 scilicet
314 1169 109 74 vt
369 1169 181 74 vouens
496 1169 290 74 proprietatem
731 1169 181 74 omnium
858 1169 200 74 bonorum
1004 1169 181 74 suorum
1131 1169 127 74 det
1203 1169 254 74 pauperibus
1403 1169 91 74 &
1439 1169 145 74 piis
1530 1169 163 74 locis
1639 1169 236 74 donatione
1802 1169 127 74 inter

153 1232 180 64 viuos:
279 1232 90 64 &
315 1232 162 64 solum
423 1232 216 64 reseruet
585 1232 144 64 sibi
674 1232 144 64 vsum
764 1232 108 64 ad
818 1232 180 64 vitam:
944 1232 144 64 dico
1034 1232 144 64 quod
1124 1232 144 64 pium
1214 1232 126 64 est
1286 1232 90 64 &
1322 1232 216 64 licitum.
1484 1232 108 64 Si
1537 1232 162 64 primo
1645 1232 162 64 modo:
1753 1232 144 64 tunc
1825 1232 108 64 sub-

154 1284 272 62 distinguo:
367 1284 156 62 quia
465 1284 136 62 cum
542 1284 194 62 vouens
678 1284 233 62 indigeat
853 1284 117 62 vt
912 1284 233 62 postquam
1087 1284 194 62 fuerit
1223 1284 214 62 omnibus
1378 1284 175 62 bonis
1495 1284 311 62 temporalibus
1728 1284 214 62 denudatus

145 1336 147 64 sibi
237 1336 276 64 prouideatur
458 1336 111 64 de
513 1336 276 64 necessariis
734 1336 111 64 ad
790 1336 147 64 suam
882 1336 350 64 sustentationem:
1176 1336 129 64 aut
1250 1336 147 64 ergo
1342 1336 203 64 denudat
1490 1336 111 64 se
1545 1336 203 64 omnibus
1692 1336 166 64 bonis
1803 1336 129 64 per
1858 1336 74 64 vo

156 1387 126 62 tum
228 1387 198 62 morando
372 1387 108 62 in
426 1387 216 62 saeculo,
588 1387 252 62 intendendo
786 1387 216 62 quaerere
948 1387 144 62 sibi
1038 1387 252 62 necessaria
1235 1387 270 62 mendicando:
1451 1387 126 62 aut
1523 1387 198 62 aliquam
1667 1387 180 62 operam
1775 1387 162 62 exercen

156 1442 126 61 do:
228 1442 126 61 aut
300 1442 108 61 ab
354 1442 234 61 aliquibus
534 1442 180 61 amicis
660 1442 270 61 prouisionem
876 1442 270 61 expectando.
1093 1442 108 61 Et
1147 1442 108 61 in
1201 1442 216 61 quolibet
1363 1442 198 61 istorum
1507 1442 198 61 casuum.
1651 1442 162 61 dico:
1759 1442 108 61 si
1813 1442 162 61 maio-

146 1502 118 53 rem
213 1502 303 53 sollicitudinem
466 1502 202 53 oporteat
617 1502 151 53 ipsum
718 1502 219 53 sustinere
887 1502 101 53 in
937 1502 118 53 sic
1004 1502 135 53 sibi
1089 1502 236 53 necessaria
1274 1502 236 53 quaerendo:
1459 1502 135 53 quam
1543 1502 101 53 in
1593 1502 185 53 propria
1728 1502 101 53 ad
1762 1502 168 53 necessa-

150 1548 136 65 rium
235 1548 169 65 victum
353 1548 254 65 reseruando:
557 1548 136 65 quod
641 1548 152 65 nullo
743 1548 136 65 modo
828 1548 169 65 licet.
946 1548 152 65 Aliis
1048 1548 136 65 enim
1133 1548 169 65 eisdem
1251 1548 203 65 retentis
1404 1548 119 65 vbi
1472 1548 119 65 est
1539 1548 152 65 maior
1641 1548 254 65 sollicitudo
1827 1548 102 65 cir-

151 1597 110 66 ca
206 1597 276 66 temporalium
427 1597 92 66 &
464 1597 313 66 necessariorum
721 1597 331 66 acquisitionem:
997 1597 92 66 &
1034 1597 129 66 per
1108 1597 258 66 consequens
1310 1597 258 66 distractio
1513 1597 92 66 a
1549 1597 295 66 spiritualium
1770 1597 166 66 vacatio

147 1651 118 73 ne:
215 1651 84 73 &
248 1651 118 73 sic
316 1651 186 73 bonorum
451 1651 169 73 operum
569 1651 84 73 &
603 1651 169 73 meriti
721 1651 236 73 diminutio:
907 1651 101 73 ad
958 1651 135 73 quam
1042 1651 152 73 nullo
1143 1651 135 73 modo
1228 1651 186 73 licitum
1363 1651 118 73 est
1430 1651 203 73 quemquam
1582 1651 220 73 inducere:
1751 1651 152 73 licet
1836 1651 101 73 ipsi

146 1704 183 67 liceat
274 1704 201 67 propria
420 1704 237 67 voluntate
602 1704 183 67 statum
730 1704 183 67 meriti
858 1704 201 67 minoris
1004 1704 219 67 eligere.
1168 1704 110 67 Si
1223 1704 146 67 vero
1314 1704 128 67 non
1387 1704 219 67 oporteat
1552 1704 164 67 ipsum
1661 1704 237 67 sustinere
1844 1704 128 67 ma-

146 1765 158 64 iorem
252 1765 316 64 sollicitudinem
515 1765 105 64 in
567 1765 245 64 acquirendo
760 1765 140 64 sibi
848 1765 263 64 necessaria,
1058 1765 123 64 aut
1128 1765 158 64 forte
1234 1765 210 64 minorem,
1391 1765 140 64 dico
1479 1765 140 64 quod
1567 1765 158 64 adhuc
1672 1765 123 64 non
1742 1765 175 64 licet,
1865 1765 105 64 in

146 1815 228 59 tendendo
317 1815 228 59 quaerere
487 1815 152 59 sibi
582 1815 266 59 necessaria
791 1815 285 59 mendicando:
1019 1815 152 59 nisi
1113 1815 171 59 iuxta
1227 1815 360 59 determinationem
1531 1815 209 59 habitam
1682 1815 114 59 in
1739 1815 152 59 alio
1815 1815 114 59 Quo-

156 1874 147 57 libet
254 1874 98 57 in
302 1874 179 57 quaest.
433 1874 98 57 an
482 1874 163 57 liceat
596 1874 147 57 omnia
694 1874 114 57 sua
759 1874 212 57 dimittere
922 1874 228 57 intentione
1101 1874 228 57 mendicandi
1281 1874 98 57 in
1330 1874 196 57 saeculo.
1476 1874 98 57 In
1525 1874 179 57 secundo
1656 1874 130 57 vero
1737 1874 130 57 casu
1819 1874 82 57 &
1835 1874 98 57 ter-

157 1923 127 67 tio
229 1923 145 67 bene
320 1923 181 67 licet:
447 1923 145 67 nisi
537 1923 236 67 probabile
719 1923 127 67 sit
791 1923 181 67 quoquo
918 1923 145 67 modo
1009 1923 145 67 quod
1099 1923 236 67 periculum
1281 1923 199 67 aliquod
1426 1923 163 67 aliud
1534 1923 109 67 ex
1589 1923 127 67 hoc
1661 1923 163 67 magis
1752 1923 181 67 immineat

160 1980 217 57 vouenti:
322 1980 126 57 aut
395 1980 199 57 occasio
539 1980 181 57 aliqua
665 1980 199 57 amplius
810 1980 289 57 delinquendi,
1044 1980 144 57 quam
1135 1980 235 57 immineret
1315 1980 144 57 bona
1406 1980 126 57 sua
1478 1980 271 57 reseruando.
1694 1980 108 57 In
1748 1980 144 57 tali
1821 1980 108 57 enim

151 2038 146 60 casu
242 2038 164 60 nullo
351 2038 146 60 modo
442 2038 200 60 licitum
588 2038 164 60 esset
697 2038 237 60 inducere.
879 2038 200 60 QVantum
1025 2038 164 60 autem
1134 2038 109 60 ad
1189 2038 164 60 votum
1298 2038 273 60 obedientiae
1516 2038 164 60 dico:
1625 2038 146 60 quod
1717 2038 255 60 quaecumque

155 2095 193 58 persona
296 2095 158 58 aliam
401 2095 158 58 habet
506 2095 123 58 sub
576 2095 245 58 obedientia
769 2095 123 58 sua
839 2095 88 58 &
874 2095 158 58 cura,
979 2095 228 58 inquantum
1154 2095 245 58 huiusmodi,
1347 2095 210 58 superior
1505 2095 140 58 suus
1592 2095 88 58 &
1627 2095 228 58 praelatus
1802 2095 105 58 in
1837 2095 88 58 hoc

154 2139 202 59 existit.
306 2139 135 59 Nunc
390 2139 152 59 autem
491 2139 135 59 quod
576 2139 186 59 quisque
711 2139 253 59 praelaturam
913 2139 236 59 quamcunque
1099 2139 135 59 sibi
1183 2139 186 59 assumat
1318 2139 186 59 propria
1453 2139 270 59 auctoritate:
1672 2139 118 59 cum
1739 2139 169 59 nullam
1841 2139 84 59 or-

158 2191 212 55 dinariam
317 2191 177 55 omnino
441 2191 195 55 habeat:
583 2191 159 55 nullo
689 2191 141 55 modo
777 2191 177 55 licet:
901 2191 159 55 iuxta
1007 2191 159 55 illud
1113 2191 212 55 Apostoli
1273 2191 106 55 ad
1326 2191 141 55 Heb.
1414 2191 141 55 Nemo
1503 2191 195 55 assumat
1644 2191 141 55 sibi
1732 2191 195 55 honorem
1856 2191 71 55 ni

151 2243 100 59 si
201 2243 116 59 qui
268 2243 182 59 vocatus
400 2243 166 59 fuerit
516 2243 83 59 a
549 2243 133 59 Deo.
632 2243 116 59 hoc
699 2243 116 59 est
765 2243 182 59 dictum:
898 2243 133 59 quod
981 2243 166 59 aliter
1097 2243 182 59 honorem
1229 2243 249 59 praelaturae
1428 2243 133 59 sibi
1511 2243 149 59 nullo
1611 2243 133 59 modo
1694 2243 199 59 assumere
1843 2243 116 59 de-

161 2297 121 66 bet
230 2297 155 66 etiam
333 2297 104 66 si
385 2297 104 66 ad
437 2297 121 66 hoc
506 2297 173 66 moueri
627 2297 207 66 videatur
782 2297 104 66 ex
834 2297 242 66 charitate.
1024 2297 190 66 Vocatio
1162 2297 155 66 autem
1265 2297 138 66 ista
1352 2297 155 66 debet
1455 2297 155 66 fieri
1559 2297 121 66 per
1628 2297 242 66 ecclesiam:
1817 2297 86 66 &
1835 2297 86 66 se-

153 2352 176 66 cundum
276 2352 140 66 quod
364 2352 211 66 ecclesia
522 2352 246 66 ordinauit:
715 2352 140 66 immo
803 2352 211 66 Christus
961 2352 105 66 in
1014 2352 228 66 ecclesia,
1189 2352 105 66 vt
1242 2352 193 66 amplius
1383 2352 228 66 videbitur
1558 2352 105 66 in
1611 2352 176 66 quarta
1716 2352 211 66 quaestione

150 2404 231 64 sequente:
328 2404 231 64 videlicet
505 2404 142 64 quod
594 2404 160 64 prima
701 2404 249 64 auctoritas
896 2404 160 64 super
1003 2404 160 64 totam
1109 2404 231 64 ecclesiam
1287 2404 266 64 consisteret
1500 2404 107 64 in
1553 2404 124 64 vno
1624 2404 213 64 praelato
1784 2404 89 64 &
1802 2404 124 64 supe-

159 2457 173 71 riore
274 2457 115 71 vt
331 2457 115 71 in
389 2457 173 71 summo
504 2457 268 71 pontifice:
715 2457 96 71 &
753 2457 115 71 ab
811 2457 153 71 illo
907 2457 230 71 secundum
1079 2457 153 71 eius
1175 2457 326 71 dispositionem
1444 2457 230 71 gradatim
1616 2457 288 71 descenderet
1827 2457 96 71 per

156 2515 138 62 omnes
248 2515 277 62 ecclesiasticos
478 2515 169 62 ordines
601 2515 92 62 ad
647 2515 215 62 inferiores
816 2515 215 62 praelatos.
986 2515 108 62 lta
1047 2515 123 62 quod
1124 2515 200 62 illicitum
1278 2515 108 62 sit
1339 2515 231 62 praelaturam
1523 2515 138 62 super
1616 2515 215 62 quamcunque
1769 2515 154 62 personam

158 2566 228 68 accipere
329 2566 152 68 nisi
424 2566 209 68 vocetur
576 2566 114 68 ad
633 2566 152 68 eam,
728 2566 228 68 secundum
899 2566 209 68 aliquem
1051 2566 171 68 modum
1164 2566 266 68 vocationis
1373 2566 152 68 siue
1468 2566 266 68 electionis
1677 2566 266 68 dispositum
1867 2566 57 68 &

158 2617 244 64 ordinatum
346 2617 113 64 ad
402 2617 131 64 hoc
478 2617 131 64 per
553 2617 244 64 ecclesiam
741 2617 94 64 &
778 2617 131 64 per
853 2617 301 64 auctoritatem
1097 2617 169 64 summi
1210 2617 282 64 pontificis.
1436 2617 113 64 DE
1492 2617 263 64 recipiente
1699 2617 150 64 ergo
1774 2617 150 64 perso-

159 2672 129 72 nam
232 2672 184 72 tanlem
361 2672 110 72 ad
416 2672 184 72 dictam
545 2672 294 72 obedientiam:
784 2672 239 72 videlicet
968 2672 147 72 quod
1060 2672 184 72 voueat
1189 2672 110 72 in
1244 2672 147 72 manu
1336 2672 129 72 sua
1410 2672 313 72 continentiam:
1667 2672 92 72 &
1704 2672 202 72 omnibus
1833 2672 92 72 re-

157 2723 223 59 nunciet,
324 2723 204 59 ponendo
473 2723 167 59 omnia
584 2723 148 59 bona
677 2723 130 59 sua
751 2723 111 59 in
806 2723 148 59 manu
899 2723 148 59 eius
992 2723 93 59 &
1029 2723 315 59 dispositione,
1289 2723 241 59 promittat
1474 2723 167 59 etiam
1585 2723 111 59 ei
1641 2723 185 59 plenam
1752 2723 167 59 obedien

163 2780 120 64 tiam
238 2780 90 64 in
283 2780 180 64 omnibus:
418 2780 210 64 distinguo.
584 2780 120 64 quia
659 2780 105 64 aut
719 2780 135 64 alias
809 2780 105 64 per
869 2780 195 64 ecclesiae
1019 2780 240 64 ordinationem
1215 2780 75 64 &
1245 2780 210 64 vocationem
1410 2780 195 64 praelatus
1560 2780 90 64 ei
1605 2780 225 64 constitutus
1786 2780 120 64 est:
1846 2780 75 64 aut

162 2834 136 60 non.
247 2834 102 60 Si
298 2834 153 60 primo
401 2834 153 60 modo,
503 2834 205 60 scilicet
656 2834 102 60 vt
708 2834 119 60 sit
776 2834 136 60 eius
861 2834 222 60 sacerdos,
1031 2834 205 60 curatus,
1185 2834 119 60 aut
1253 2834 239 60 episcopus:
1441 2834 119 60 aut
1509 2834 119 60 cui
1577 2834 222 60 episcopus
1730 2834 188 60 generalem

166 2889 138 64 curam
258 2889 153 64 illius
365 2889 138 64 forte
457 2889 230 64 specialiter
641 2889 199 64 conmisit,
795 2889 123 64 puto
871 2889 123 64 quod
948 2889 92 64 in
994 2889 123 64 isto
1071 2889 123 64 casu
1148 2889 123 64 bene
1224 2889 153 64 liceat
1332 2889 123 64 ipsi
1408 2889 184 64 praelato
1546 2889 107 64 vel
1608 2889 153 64 cuique
1715 2889 123 64 alii
1777 2889 153 64 inducere

166 2940 232 66 quancumque
349 2940 149 66 aliam
449 2940 199 66 personam
598 2940 166 66 omnino
714 2940 216 66 absolutam
880 2940 100 66 ad
930 2940 199 66 vouendum
1079 2940 249 66 obedientiam
1279 2940 116 66 suo
1345 2940 199 66 praelato
1494 2940 216 66 praedicto
1660 2940 149 66 modo:
1760 2940 116 66 dum
1810 2940 116 66 tamen

163 2993 190 57 nuiium
296 2993 247 57 periculum
487 2993 209 57 amplius
639 2993 285 57 delinquendi
867 2993 114 57 ex
924 2993 133 57 hoc
1000 2993 266 57 immineret.
1210 2993 114 57 si
1267 2993 152 57 enim
1362 2993 266 57 immineret:
1571 2993 171 57 nullo
1686 2993 152 57 modo
1762 2993 171 57 liceret

165 3048 207 61 secundum
320 3048 138 61 quod
407 3048 121 61 iam
476 3048 173 61 dictum
597 3048 121 61 est
666 3048 104 61 de
718 3048 138 61 voto
804 3048 276 61 virginitatis
1029 3048 86 61 &
1063 3048 276 61 paupertatis.
1288 3048 138 61 Dico
1374 3048 173 61 omnino
1495 3048 242 61 absolutam:
1685 3048 138 61 quia
1772 3048 104 61 si
1806 3048 121 61 esset

164 3104 172 66 alteri
284 3104 206 66 obligata
438 3104 120 66 vel
507 3104 240 66 matrimonio
696 3104 120 66 vel
764 3104 189 66 aliter:
902 3104 172 66 omnino
1022 3104 120 66 non
1090 3104 206 66 liceret.
1245 3104 103 66 Si
1296 3104 189 66 secundo
1433 3104 154 66 modo,
1536 3104 137 66 dico
1622 3104 137 66 quod
1708 3104 137 66 etsi
1777 3104 154 66 liceret

165 3155 190 82 vouenti
303 3155 121 82 sic
372 3155 104 82 se
424 3155 208 82 obligare
580 3155 104 82 si
632 3155 190 82 vellet:
770 3155 173 82 nullo.
891 3155 156 82 tamen
995 3155 138 82 modo
1081 3155 156 82 licet
1185 3155 242 82 quemcunque
1375 3155 173 82 talium
1497 3155 208 82 personam
1652 3155 242 82 quamcunque
1843 3155 121 82 au-
