2420 3761
470 323 167 94 adesse
587 323 133 94 vult
670 323 150 94 sicut
770 323 150 94 sibi,
870 323 117 94 nec
937 323 100 94 ab
987 323 133 94 illo
1070 323 217 94 separari,
1236 323 150 94 sicut
1336 323 117 94 nec
1403 323 83 94 a
1436 323 183 94 seipso:
1570 323 200 94 secundum
1719 323 266 94 proportionem
1936 323 150 94 tamen
2036 323 83 94 &
2069 323 167 94 gradus
2186 323 117 94 do-

480 402 143 86 norum
575 402 143 86 atque
671 402 222 86 meritorum,
845 402 159 86 qualis
956 402 254 86 communicatio
1162 402 111 86 non
1226 402 127 86 pont
1305 402 127 86 esse
1384 402 95 86 in
1432 402 159 86 aliquo
1543 402 127 86 bono
1622 402 127 86 alie
1702 402 190 86 scilicet
1845 402 175 86 creato.
1972 402 143 86 Bonum
2067 402 127 86 enim
2130 402 143 86 creatum

488 470 115 68 vnum
559 470 72 68 &
588 470 129 68 idem,
674 470 115 68 etsi
745 470 243 68 pluriumpossit
946 470 115 68 esse
1017 470 172 68 communis
1146 470 215 68 haereditas:
1318 470 100 68 non
1375 470 129 68 tamen
1461 470 143 68 potest
1561 470 115 68 esse
1633 470 100 68 vna
1690 470 172 68 communis
1819 470 186 68 vtilitas,
1962 470 115 68 quia
2034 470 115 68 quid
2105 470 157 68 ponitur
2220 470 86 68 in

486 526 129 66 vsum
567 526 145 66 vnius
663 526 226 66 frequenter
841 526 113 66 non
905 526 145 66 simul
1002 526 161 66 potest
1115 526 129 66 poni
1196 526 97 66 in
1244 526 129 66 vsum
1325 526 210 66 alterius:
1486 526 113 66 sed
1551 526 145 66 talis
1648 526 129 66 boni
1728 526 145 66 conio
1825 526 210 66 sublimior
1987 526 81 66 &
2019 526 226 66 perfectior
2180 526 97 66 fuis

482 583 107 71 set
543 583 91 71 in
588 583 137 71 statu
680 583 229 71 innocentiae
863 583 122 71 quam
939 583 122 71 post
1015 583 152 71 lapsum
1122 583 152 71 possit
1229 583 122 71 esse
1305 583 91 71 in
1351 583 137 71 statu
1442 583 152 71 gerae.
1549 583 168 71 quoniam
1671 583 91 71 in
1717 583 137 71 statu
1808 583 229 71 innocentiae
1991 583 168 71 bonorum
2098 583 183 71 omniumtem.

482 636 185 78 poralium
620 636 170 78 fuisset
744 636 154 78 omnium
852 636 108 78 vna
913 636 185 78 communis
1052 636 247 78 haereditaria
1252 636 231 78 proprietas.
1437 636 123 78 Quia
1515 636 139 78 tamen
1607 636 123 78 quod
1684 636 93 78 in
1730 636 123 78 vsum
1807 636 185 78 secessit
1946 636 154 78 vnius,
2054 636 108 78 non
2116 636 139 78 simul
2193 636 77 78 po-

471 690 123 75 tuit
548 690 154 75 cedere
655 690 154 75 semper
763 690 92 75 in
809 690 123 75 vsum
886 690 231 75 cuiuscumque
1070 690 200 75 alterius:
1224 690 169 75 idcirco
1347 690 169 75 fuisset
1470 690 200 75 distincta
1624 690 246 75 possessionis
1824 690 200 75 vtilitas:
1978 690 92 75 vt
2024 690 169 75 singuli
2147 690 92 75 ad
2178 690 92 75 hoc:

470 751 121 71 apti
545 751 181 71 singulos
681 751 136 71 agros
772 751 227 71 coluissent,
953 751 76 71 &
983 751 166 71 fructus
1104 751 91 71 ex
1149 751 136 71 illis
1240 751 257 71 collegissent,
1452 751 76 71 &
1482 751 91 71 ad
1527 751 121 71 vsum
1603 751 121 71 suum
1678 751 257 71 custodissent,
1889 751 106 71 ita
1950 751 136 71 tamen
2040 751 121 71 quod
2101 751 166 71 sialius:.

473 805 113 62 vsu
538 805 146 62 eorum
635 805 259 62 indiguisset,
845 805 178 62 quantum
975 805 97 62 ei
1024 805 130 62 opus
1105 805 178 62 fuisset
1234 805 162 62 libere
1348 805 194 62 assumere
1493 805 211 62 potuisset
1655 805 162 62 absque
1769 805 130 62 omni
1850 805 259 62 commutatione
2060 805 81 62 &
2077 805 194 62 redditione

471 860 159 60 eiusdem
586 860 101 60 vel
644 860 86 60 in
687 860 144 60 valore
788 860 216 60 cuiuscumque
961 860 173 60 alterius
1090 860 115 60 rei.
1162 860 101 60 Hoc
1220 860 115 60 enim
1292 860 173 60 quilibet
1422 860 115 60 homo
1494 860 101 60 pro
1551 860 130 60 statu
1638 860 115 60 illo
1710 860 173 60 secundum
1840 860 144 60 rectam
1941 860 173 60 rationem
2070 860 115 60 sibi
2142 860 130 60 fieri
2214 860 58 60 vo

464 896 203 91 luisset:
616 896 85 91 &
650 896 102 91 in
701 896 119 91 hoc
769 896 322 91 contradictionem
1040 896 186 91 aliquam
1175 896 135 91 sibi
1260 896 152 91 fieri
1362 896 237 91 noluisset.
1548 896 102 91 In
1599 896 152 91 statu
1700 896 135 91 vero
1785 896 186 91 gratiae
1920 896 135 91 post
2005 896 169 91 lapsum
2124 896 119 91 non
2174 896 102 91 fuis

471 974 112 69 set
535 974 224 69 expediens,
711 974 96 69 vt
759 974 176 69 bonorum
886 974 160 69 omnium
998 974 240 69 temporalium
1190 974 176 69 fuisset
1318 974 112 69 vna
1382 974 192 69 communis
1525 974 256 69 haereditaria
1733 974 208 69 possessio
1893 974 80 69 &
1925 974 176 69 comonis
2052 974 128 69 vsus
2116 974 160 69 fructuum

473 1034 151 69 libere
578 1034 75 69 &
609 1034 151 69 absque
714 1034 121 69 omni
789 1034 256 69 commutatione.
1000 1034 90 69 Em
1046 1034 121 69 quod
1121 1034 151 69 probat
1226 1034 226 69 philosophus
1407 1034 90 69 in
1452 1034 211 69 Politicis.
1618 1034 121 69 quod
1693 1034 151 69 melior
1799 1034 105 69 est
1859 1034 211 69 dispositio
2025 1034 196 69 ciuitatis
2176 1034 121 69 quod

480 1084 130 74 bona
561 1084 130 74 sint
642 1084 260 74 proprietaria
853 1084 130 74 quam
935 1084 130 74 quod
1016 1084 162 74 essent
1130 1084 211 74 communia,
1292 1084 81 74 &
1325 1084 146 74 alias
1422 1084 97 74 in
1471 1084 162 74 quadam
1585 1084 227 74 quaestione
1763 1084 97 74 de
1812 1084 195 74 Quolibet
1958 1084 114 74 hoc
2023 1084 130 74 idem
2105 1084 195 74 declara-

482 1139 184 64 uimus.
611 1139 111 64 In
666 1139 148 64 isto
758 1139 148 64 ergo
851 1139 166 64 statu
961 1139 148 64 grae
1053 1139 221 64 expedit,
1219 1139 111 64 vt
1275 1139 148 64 sint
1367 1139 203 64 quantum
1515 1139 111 64 ad
1570 1139 184 64 statum
1699 1139 221 64 communem
1847 1139 424 64 ciuitatumhaereditates

484 1195 289 70 proprietariae
722 1195 85 70 &
756 1195 272 70 possessiones
976 1195 221 70 fructuum.
1146 1195 119 70 ita
1214 1195 153 70 tamen
1316 1195 136 70 quod
1401 1195 102 70 si
1452 1195 153 70 alius
1554 1195 102 70 ex
1605 1195 119 70 eis
1673 1195 170 70 aliquo
1792 1195 221 70 indigeret
1961 1195 102 70 ad
2012 1195 153 70 vsum:
2114 1195 187 70 quantum

486 1253 103 62 ei
537 1253 137 62 opus
623 1253 154 62 esset
725 1253 171 62 libere
845 1253 222 62 possessor
1016 1253 222 62 concedere
1186 1253 188 62 deberet
1323 1253 171 62 absque
1443 1253 137 62 omni
1528 1253 273 62 commutatione
1750 1253 85 62 &
1785 1253 239 62 redditione
1973 1253 120 62 rei
2041 1253 188 62 eiusdem
2178 1253 85 62 &
2195 1253 68 62 cu

484 1304 197 66 iuscumque
635 1304 182 66 alterius
772 1304 91 66 si
817 1304 167 66 vellet:
938 1304 121 66 quod
1014 1304 136 66 esset
1105 1304 152 66 pietas
1211 1304 76 66 &
1242 1304 258 66 misericordia:
1454 1304 106 66 vel
1514 1304 91 66 si
1560 1304 106 66 hoc
1620 1304 167 66 nollet:
1742 1304 106 66 cum
1802 1304 182 66 pactione
1939 1304 227 66 restituendi
2120 1304 106 66 rem
2181 1304 91 66 in
2211 1304 61 66 fu

484 1359 131 73 turo
566 1359 164 73 eandem
681 1359 99 73 in
730 1359 99 73 se
779 1359 115 73 vel
845 1359 99 73 in
894 1359 263 73 aequiualenti
1108 1359 115 73 pro
1174 1359 214 73 voluntate
1338 1359 279 73 restituentis,
1568 1359 115 73 vel
1634 1359 164 73 statim
1749 1359 115 73 per
1815 1359 279 73 conmutationem
2045 1359 115 73 pro
2094 1359 181 73 voluntate

479 1414 245 67 vtriusque.
672 1414 123 67 Hoc
742 1414 140 67 enim
830 1414 210 67 secundum
988 1414 210 67 iudicium
1146 1414 175 67 rectae
1269 1414 210 67 rationis
1426 1414 210 67 quilibet
1584 1414 140 67 homo
1672 1414 158 67 velle
1777 1414 140 67 sibi
1865 1414 158 67 fieri
1970 1414 175 67 debuit
2093 1414 210 67 secundum

484 1473 178 53 cursum
609 1473 231 53 communem:
786 1473 89 53 &
822 1473 142 53 ideo
911 1473 124 53 hoc
982 1473 142 53 idem
1071 1473 178 53 debuit
1195 1473 178 53 alteri
1319 1473 195 53 facere,
1461 1473 89 53 &
1497 1473 142 53 sibi
1586 1473 178 53 vellet
1710 1473 124 53 non
1781 1473 231 53 denegari:
1959 1473 195 53 propter
2101 1473 142 53 quod
2172 1473 89 53 nec

479 1526 208 71 denegare
634 1526 173 71 alteri
756 1526 190 71 debuit.
894 1526 225 71 Intellige
1067 1526 121 71 dum
1136 1526 156 71 tamen
1240 1526 121 71 pro
1309 1526 190 71 tempore
1448 1526 87 71 &
1482 1526 138 71 loco
1569 1526 104 71 ad
1621 1526 260 71 necessarium
1828 1526 138 71 vsum
1915 1526 104 71 eo
1967 1526 121 71 non
2036 1526 208 71 indiguit
2174 1526 87 71 vel

477 1583 153 58 tantum
584 1583 107 58 vel
645 1583 153 58 magis.
752 1583 92 58 Et
798 1583 107 58 est
859 1583 107 58 hic
921 1583 168 58 stricta
1043 1583 199 58 iustitia:
1196 1583 92 58 vt
1242 1583 184 58 scilicet
1380 1583 138 58 inter
1472 1583 138 58 datum
1564 1583 77 58 &
1594 1583 184 58 receptum
1732 1583 107 58 sit
1793 1583 138 58 summa
1885 1583 214 58 aequalitas
2054 1583 92 58 in
2100 1583 107 58 omi
2146 1583 122 58 commu-

475 1629 216 80 tatione,
637 1629 144 80 siue
726 1629 126 80 per
798 1629 341 80 accommodationem
1086 1629 108 80 in
1140 1629 162 80 nihil
1247 1629 251 80 recipiendo
1445 1629 162 80 vltra
1553 1629 305 80 accommodatum,
1804 1629 126 80 aut
1876 1629 108 80 in
1930 1629 126 80 se,
2002 1629 126 80 aut
2073 1629 108 80 in
2127 1629 126 80 suo
2181 1629 90 80 va-

473 1692 151 64 lore:
574 1692 134 64 siue
658 1692 117 64 per
725 1692 285 64 commutationem
960 1692 218 64 emptionis
1127 1692 84 64 &
1161 1692 268 64 venditionis,
1379 1692 117 64 aut
1446 1692 252 64 cuiuscunque
1647 1692 201 64 alterius
1798 1692 185 64 generis
1933 1692 252 64 contractus,
2134 1692 101 64 vt
2167 1692 101 64 omni

479 1754 103 60 no
530 1754 120 60 sit
599 1754 241 60 aequalitas
789 1754 138 60 dati
875 1754 86 60 &
909 1754 207 60 recepti:
1064 1754 86 60 &
1098 1754 120 60 sic
1167 1754 224 60 impleatur
1339 1754 155 60 illud
1443 1754 241 60 euangelii.
1632 1754 172 60 Mutuum
1753 1754 138 60 date
1839 1754 155 60 nihil
1942 1754 138 60 inde
2028 1754 241 60 sperantes.
2200 1754 69 60 Et

483 1806 160 71 dicit
590 1806 267 71 notabiliter
804 1806 160 71 nihil
911 1806 160 71 inde.
1018 1806 178 71 Potest
1142 1806 143 71 enim
1232 1806 196 71 sperare
1374 1806 196 71 aliquid
1517 1806 196 71 amplius
1659 1806 107 71 ex
1713 1806 267 71 gratitudine
1926 1806 89 71 &
1962 1806 267 71 curialitate
2176 1806 89 71 &
2194 1806 71 71 mu

485 1861 117 70 tua
552 1861 235 70 charitate:
737 1861 117 70 qua
804 1861 252 70 naturaliter
1005 1861 218 70 obligatur
1173 1861 218 70 recipiens
1341 1861 134 70 illi
1425 1861 84 70 a
1459 1861 117 70 quo
1526 1861 201 70 recepit,
1677 1861 151 70 licet
1777 1861 117 70 non
1844 1861 101 70 ex
1895 1861 117 70 hoc
1962 1861 134 70 quod
2046 1861 218 70 mutuauit:
2197 1861 67 70 vt

474 1924 129 68 pro
547 1924 148 68 ipso
640 1924 166 68 mutuo
751 1924 203 68 aliquid
899 1924 203 68 speret:
1047 1924 166 68 quasi
1158 1924 203 68 quantum
1306 1924 111 68 ad
1361 1924 148 68 suam
1453 1924 277 68 intentionem
1675 1924 111 68 in
1731 1924 222 68 mutuando
1897 1924 351 68 pactumfecisset:
2175 1924 92 68 ita

475 1970 137 75 quod
561 1970 120 75 non
629 1970 223 75 mutuasset
801 1970 137 75 nisi
886 1970 189 75 amplius
1024 1970 189 75 aliquid
1161 1970 206 75 recipere
1315 1970 223 75 sperasset
1486 1970 103 75 ob
1538 1970 223 75 mutuatum:
1709 1970 120 75 ita
1778 1970 137 75 quod
1864 1970 103 75 in
1915 1970 206 75 quolibet
2069 1970 171 75 genere
2172 1970 86 75 con

475 2027 274 73 mutationis,
694 2027 128 73 aut
767 2027 164 73 mutui
876 2027 109 73 ex
931 2027 146 73 dato
1022 2027 201 73 amplius
1168 2027 237 73 speratur.
1351 2027 91 73 &
1387 2027 182 73 maxime
1515 2027 109 73 si
1570 2027 274 73 accipiatur,
1789 2027 237 73 cupiditas
1971 2027 128 73 est
2044 2027 91 73 &
2062 2027 201 73 peccatum.

474 2084 231 69 iniustitiae
658 2084 154 69 contra
766 2084 215 69 aequitatem
935 2084 200 69 naturalis
1089 2084 215 69 iustitiae:
1258 2084 108 69 qua
1320 2084 169 69 quisque
1443 2084 169 69 tenetur
1566 2084 154 69 alteri
1673 2084 169 69 facere,
1797 2084 123 69 quid
1873 2084 185 69 secundum
2012 2084 185 69 iudicium
2135 2084 123 69 rectae

478 2134 186 70 rationis
618 2134 124 70 sibi
696 2134 124 70 vult
773 2134 155 70 fieri:
882 2134 78 70 &
913 2134 155 70 alteri
1021 2134 109 70 non
1083 2134 155 70 facere
1192 2134 124 70 quid
1269 2134 124 70 sibi
1347 2134 109 70 non
1409 2134 124 70 vult
1487 2134 155 70 fieri.
1595 2134 93 70 DE
1642 2134 124 70 ista
1719 2134 140 70 autem
1812 2134 202 70 mutatione
1967 2134 155 70 humana
2076 2134 140 70 rerum
2153 2134 109 70 tempo

474 2197 191 65 ralium
607 2197 153 65 quae
703 2197 191 65 cadunt
836 2197 114 65 in
893 2197 153 65 vsum
989 2197 210 65 hominum
1141 2197 133 65 pro
1217 2197 210 65 tempore
1370 2197 210 65 gratiae
1522 2197 153 65 quod
1618 2197 153 65 nunc
1713 2197 210 65 currit:
1866 2197 229 65 sciendum
2037 2197 153 65 quod
2113 2197 153 65 secun-

480 2257 142 58 dum
561 2257 305 58 philosophum
805 2257 204 58 quinto
948 2257 285 58 ethicorum:
1172 2257 102 58 &
1212 2257 183 58 primo
1335 2257 285 58 Politicae,
1559 2257 224 58 quaedam
1721 2257 142 58 est
1803 2257 285 58 commutatio
2027 2257 244 58 secundum
2190 2257 81 58 na

486 2300 177 73 turam,
610 2300 194 73 quaedam
751 2300 212 73 secundum
910 2300 230 73 rationem.
1087 2300 177 73 Quarum
1210 2300 159 73 prima
1316 2300 124 73 est
1387 2300 194 73 ipsarum
1528 2300 159 73 rerum
1634 2300 159 73 inter
1740 2300 124 73 se.
1811 2300 212 73 secundum
1970 2300 141 73 quod
2058 2300 194 73 homines
2199 2300 106 73 ha

476 2351 152 73 bent
571 2351 133 73 eis
647 2351 171 73 opus,
760 2351 95 73 &
798 2351 133 73 non
874 2351 114 73 ad
931 2351 227 73 amplius,
1101 2351 227 73 secundum
1272 2351 152 73 quod
1367 2351 208 73 homines
1518 2351 171 73 vinum
1632 2351 95 73 &
1670 2351 227 73 triticum
1840 2351 189 73 dantes
1973 2351 152 73 sunt
2068 2351 95 73 &
2086 2351 171 73 accipi-

477 2419 187 69 entes,
608 2419 94 69 &
646 2419 206 69 aliorum
796 2419 187 69 talium
927 2419 300 69 vnumquodque.
1170 2419 112 69 Et
1226 2419 131 69 non
1301 2419 131 69 est
1376 2419 150 69 haec
1470 2419 262 69 commutatio
1676 2419 262 69 campsoria,
1882 2419 169 69 neque
1994 2419 150 69 pars
2069 2419 187 69 pecunia-

477 2471 182 71 tiuae.
604 2471 127 71 Sed
677 2471 145 71 quia
768 2471 236 71 hominibus
950 2471 255 71 alonginquo
1150 2471 255 71 adducuntur
1350 2471 200 71 saepius
1495 2471 109 71 ea
1550 2471 182 71 quibus
1677 2471 236 71 indigent,
1859 2471 109 71 et
1913 2471 164 71 nimis
2023 2471 255 71 sumptuosum
2204 2471 55 71 &

477 2523 244 76 laboriosum
668 2523 122 76 est
738 2523 191 76 mittere
877 2523 122 76 res
946 2523 139 76 suas
1033 2523 139 76 quas
1120 2523 191 76 habent:
1260 2523 226 76 similiter
1434 2523 139 76 quia
1521 2523 122 76 res
1590 2523 244 76 frequenter
1782 2523 104 76 ex
1834 2523 104 76 se
1886 2523 122 76 non
1956 2523 191 76 veniunt
2095 2523 104 76 ad
2147 2523 157 76 aequa

483 2573 188 78 litatem
620 2573 103 78 in
671 2573 291 78 commutatione,
911 2573 137 78 quia
997 2573 188 78 amplius
1134 2573 154 78 valet
1236 2573 171 78 dolium
1356 2573 137 78 vini
1442 2573 137 78 quam
1528 2573 171 78 rasura
1647 2573 171 78 bladi:
1767 2573 86 78 &
1802 2573 120 78 non
1870 2573 154 78 debet
1973 2573 171 78 fieri,
2093 2573 103 78 vt
2127 2573 137 78 dictum

471 2633 142 74 est,
560 2633 249 74 commutatio
755 2633 142 74 nisi
844 2633 124 74 per
915 2633 302 74 aequalitatem:
1164 2633 142 74 ideo
1252 2633 107 74 ex
1306 2633 266 74 necessitate
1519 2633 249 74 numismatis
1714 2633 213 74 inuentus
1874 2633 124 74 est
1945 2633 160 74 vsus:
2051 2633 142 74 quod
2122 2633 142 74 factum

477 2679 119 82 est
545 2679 102 82 ex
596 2679 170 82 aliqua
715 2679 187 82 materia
851 2679 221 82 praetiosa
1021 2679 85 82 &
1055 2679 153 82 vtili
1157 2679 119 82 cum
1225 2679 170 82 debita
1344 2679 238 82 quantitate
1531 2679 119 82 seu
1599 2679 204 82 pondere:
1752 2679 102 82 in
1803 2679 153 82 cuius
1905 2679 170 82 signum
2024 2679 119 82 est
2075 2679 187 82 character

476 2735 229 76 impressus.
656 2735 115 76 per
721 2735 131 76 quem
803 2735 115 76 sit
868 2735 180 76 secunda
999 2735 180 76 species
1130 2735 295 76 commutationis:
1376 2735 131 76 quae
1457 2735 180 76 dicitur
1588 2735 196 76 secundum
1735 2735 213 76 rationem.
1899 2735 98 76 Et
1948 2735 147 76 habet
2046 2735 131 76 duas
2112 2735 147 76 species

483 2790 175 81 quarum
605 2790 122 81 vna
675 2790 122 81 est
745 2790 262 81 necessaria:
954 2790 140 81 quae
1041 2790 192 81 vocatur
1181 2790 262 81 pecuniatiua
1391 2790 262 81 oeconomica:
1600 2790 245 81 commutando
1792 2790 210 81 scilicet
1950 2790 122 81 res
2019 2790 140 81 quae
2107 2790 140 81 sunt
2194 2790 105 81 ad

478 2858 136 65 vsum
563 2858 255 65 necessariae
767 2858 119 65 pro
835 2858 187 65 nummis.
971 2858 136 65 Alia
1056 2858 136 65 vero
1141 2858 221 65 lucratiua
1311 2858 136 65 quae
1395 2858 187 65 vocatur
1531 2858 221 65 campsoria
1701 2858 238 65 commutande
1888 2858 204 65 scilicet
2041 2858 187 65 numisma
2177 2858 119 65 pro

475 2906 238 76 numismate:
662 2906 136 76 quae
747 2906 119 76 est
815 2906 238 76 elementum:
1003 2906 119 76 hoc
1071 2906 119 76 est
1139 2906 238 76 principium
1326 2906 85 76 &
1360 2906 153 76 finis
1462 2906 289 76 commutationis
1700 2906 170 76 talis,
1820 2906 136 76 quae
1905 2906 102 76 vt
1956 2906 153 76 dicit
2041 2906 221 76 philosophus

476 2962 167 74 iuste
588 2962 259 74 vituperata
791 2962 148 74 est.
884 2962 111 74 AD
940 2962 167 74 cuius
1051 2962 278 74 intellectum
1273 2962 241 74 sciendum:
1458 2962 148 74 quod
1551 2962 111 74 in
1607 2962 167 74 rebus
1718 2962 296 74 naturalibus,
1959 2962 148 74 quae
2051 2962 111 74 in
2088 2962 167 74 commuta

471 3023 138 67 tiua
557 3023 207 67 naturali
712 3023 155 67 inter
815 3023 103 67 se
867 3023 172 67 debent
987 3023 241 67 commutari,
1177 3023 120 67 duo
1245 3023 120 67 est
1314 3023 275 67 considerare,
1538 3023 207 67 scilicet
1693 3023 120 67 rei
1762 3023 275 67 substantiam,
1986 3023 103 67 et
2037 3023 138 67 eius
2106 3023 155 67 valorem

480 3060 139 82 non
559 3060 119 82 in
619 3060 178 82 gradu
738 3060 99 82 &
777 3060 198 82 natura
916 3060 158 82 rei,
1015 3060 139 82 sed
1094 3060 119 82 ad
1153 3060 158 82 vsum
1252 3060 238 82 hominum.
1430 3060 297 82 Quemadmodum
1668 3060 178 82 licet
1787 3060 119 82 in
1846 3060 198 82 natura
1985 3060 99 82 &
2005 3060 257 82 essentiarei

479 3116 138 79 plus
565 3116 155 79 valet
669 3116 207 79 morbidus
824 3116 155 79 equus
928 3116 138 79 quam
1014 3116 207 79 robustus
1170 3116 190 79 asinus:
1308 3116 104 79 ad
1360 3116 138 79 vsum
1446 3116 155 79 tamen
1550 3116 138 79 plus
1636 3116 155 79 valet
1740 3116 207 79 robustus
1895 3116 173 79 asinus
2016 3116 138 79 quam
2085 3116 173 79 morbidus

485 3184 160 62 equus.
597 3184 112 62 Cum
661 3184 160 62 igitur
773 3184 96 62 in
821 3184 256 62 conmutatione
1030 3184 128 62 vult
1110 3184 176 62 aliquis
1238 3184 128 62 dare
1318 3184 112 62 vel
1382 3184 192 62 accipere
1526 3184 112 62 rem
1590 3184 112 62 pro
1654 3184 112 62 re,
1718 3184 112 62 vel
1782 3184 112 62 pro
1847 3184 192 62 pecunia:
1991 3184 112 62 non
2055 3184 160 62 tantum
2151 3184 112 62 debet

485 3228 172 62 inspici
610 3228 94 62 ad
657 3228 140 62 rerum
750 3228 109 62 vel
813 3228 109 62 rei
875 3228 249 62 substantiam,
1078 3228 125 62 quam
1156 3228 94 62 ad
1203 3228 187 62 valorem.
1343 3228 156 62 Aliter
1452 3228 125 62 enim
1530 3228 187 62 aequitas
1670 3228 109 62 non
1733 3228 265 62 obseruaretur,
1951 3228 94 62 vt
1998 3228 94 62 si
2045 3228 125 62 tres
2123 3228 125 62 oues
2185 3228 78 62 con

476 3284 149 92 mutari
581 3284 179 92 deberent
715 3284 105 92 cum
775 3284 149 92 tribus
879 3284 194 92 gallinis,
1029 3284 179 92 praetium
1163 3284 194 92 vtriusque
1313 3284 134 92 debet
1402 3284 239 92 considerari.
1597 3284 120 92 Plus
1671 3284 120 92 enim
1746 3284 149 92 valent
1851 3284 105 92 hae
1910 3284 120 92 quam
1985 3284 149 92 illae,
2090 3284 75 92 &
2120 3284 105 92 non
2164 3284 105 92 esset
