2473 3693
508 281 213 79 Samueli.
668 281 124 79 Non
739 281 249 79 abiecerunt
934 281 124 79 te,
1005 281 124 79 sed
1076 281 124 79 me,
1147 281 107 79 ne
1201 281 178 79 regnem
1325 281 160 79 super
1431 281 142 79 eos.
1520 281 249 79 Disponente
1715 281 160 79 tamen
1822 281 195 79 aeterna
1964 281 284 79 prouidentia,
2195 281 142 79 quae

513 344 145 70 mala
604 344 182 70 nostra
731 344 91 70 &
767 344 109 70 ea
821 344 145 70 quae
912 344 218 70 concedit
1076 344 127 70 pro
1148 344 218 70 peccatis
1312 344 200 70 nostris
1457 344 109 70 in
1511 344 163 70 bonum
1620 344 254 70 conuertit,
1820 344 127 70 hoc
1893 344 182 70 factum
2020 344 127 70 est
2092 344 109 70 in
2129 344 163 70 praesa-

521 414 142 58 gium
610 414 142 58 eius
699 414 142 58 quod
787 414 195 58 futurum
929 414 142 58 erat
1018 414 124 58 deo
1089 414 231 58 ordinante
1267 414 106 58 in
1320 414 142 58 noua
1409 414 160 58 lege:
1515 414 106 58 et
1568 414 106 58 vt
1622 414 248 58 sacerdotes
1817 414 213 58 expediti
1977 414 89 58 a
2012 414 213 58 iudiciis
2154 414 142 58 tempo-

516 463 204 55 ralium,
665 463 297 55 assuescerent
906 463 241 55 imminente
1092 463 204 55 tempore
1241 463 223 55 aduentus
1408 463 204 55 Christi
1556 463 186 55 vacare
1686 463 334 55 spiritualibus,
1965 463 130 55 qui
2039 463 204 55 veniens
2188 463 130 55 rex
2243 463 56 55 &

519 502 227 73 sacerdos
689 502 170 73 simul
803 502 227 73 secundum
974 502 208 73 ordinem
1125 502 322 73 Melchisedech,
1390 502 133 73 qui
1466 502 170 73 simul
1579 502 151 73 erat
1674 502 133 73 rex
1750 502 95 73 &
1788 502 227 73 sacerdos
1958 502 133 73 dei
2015 502 284 73 altissimissa-

516 562 190 66 cerdotium
662 562 117 66 quod
736 562 102 66 per
794 562 175 66 accidens
925 562 88 66 sm
969 562 190 66 praedicta
1115 562 161 66 seruile
1232 562 146 66 factum
1334 562 117 66 erat
1408 562 88 66 in
1451 562 117 66 lege
1524 562 175 66 Mosaica,
1656 562 88 66 in
1700 562 117 66 quae
1773 562 205 66 sacerdotes
1933 562 175 66 subiecti
2065 562 131 66 erant
2138 562 146 66 regibus,

527 612 90 66 ad
572 612 211 66 libertatem
738 612 211 66 sacerdotii
903 612 135 66 legis
994 612 166 66 naturae
1114 612 181 66 reduxit:
1249 612 90 66 in
1295 612 120 66 quae
1370 612 90 66 in
1415 612 135 66 eadem
1505 612 166 66 persona
1626 612 166 66 vtraque
1746 612 181 66 dignitas
1882 612 135 66 iuxta
1972 612 151 66 cursum
2077 612 135 66 legis
2168 612 166 66 naturae

521 671 154 64 debuit
628 671 200 64 residere:
782 671 107 64 qui
843 671 107 64 rex
905 671 77 64 &
935 671 184 64 sacerdos
1073 671 154 64 debuit
1181 671 123 64 esse
1258 671 215 64 ordinarius
1427 671 123 64 suae
1503 671 169 64 gentis.
1626 671 77 64 &
1657 671 107 64 hoc
1718 671 246 64 principalius
1918 671 169 64 ratione
2041 671 123 64 quae
2118 671 184 64 sacerdos
2241 671 61 64 su

529 717 115 75 per
594 717 246 75 spiritualia
791 717 296 75 principaliter:
1038 717 131 75 quam
1120 717 181 75 ratione
1251 717 115 75 qua
1317 717 115 75 rex
1382 717 148 75 super
1481 717 230 75 temporalia
1662 717 296 75 principaliter.
1908 717 131 75 Vnde
1990 717 115 75 &si
2056 717 197 75 fuissent
2187 717 115 75 reges

524 771 137 70 alii
609 771 103 70 ab
661 771 274 70 institutione
883 771 120 70 qui
951 771 120 70 non
1020 771 171 70 essent
1139 771 256 70 sacerdotes,
1345 771 120 70 sub
1413 771 171 70 quibus
1533 771 171 70 essent
1652 771 239 70 sacerdotes
1840 771 120 70 non
1909 771 239 70 ordinarii,
2097 771 120 70 sed
2148 771 154 70 institu

526 826 118 72 ti,
594 826 135 72 illi
678 826 186 72 subesse
813 826 219 72 debuerunt
982 826 135 72 illi
1066 826 118 72 qui
1134 826 152 72 simul
1235 826 118 72 rex
1302 826 152 72 esset
1404 826 84 72 &
1437 826 203 72 sacerdos
1589 826 253 72 ordinarius:
1792 826 84 72 &
1826 826 118 72 hoc
1893 826 118 72 non
1961 826 118 72 tam
2028 826 186 72 ratione
2163 826 169 72 quarex

526 895 157 53 erat,
630 895 122 53 sed
700 895 191 53 ratione
839 895 122 53 qua
908 895 139 53 erat
995 895 226 53 sacerdos.
1169 895 139 53 Vnde
1256 895 122 53 cum
1326 895 209 53 diuersae
1482 895 261 53 Hierarchiae
1691 895 278 53 particulares
1917 895 296 53 distinguuntur
2161 895 104 53 in
2196 895 104 53 hie-

517 932 193 68 rarchia
658 932 210 68 generali
815 932 228 68 ecclesiae
991 932 263 68 militantis,
1201 932 158 68 illae
1306 932 298 68 distinguuntur
1551 932 210 68 secundum
1709 932 245 68 pontificum
1902 932 315 68 distinctionem,
2165 932 175 68 quorum

517 987 130 60 ordo
598 987 162 60 primus
712 987 114 60 est
777 987 97 60 in
825 987 211 60 ecclesia,
988 987 114 60 ita
1053 987 130 60 quod
1134 987 195 60 singulae
1280 987 244 60 hierarchiae
1475 987 97 60 in
1524 987 195 60 proprios
1670 987 227 60 pontifices
1848 987 260 60 terminantur:
2059 987 162 60 quibus
2173 987 97 60 de
2206 987 97 60 iure

522 1042 197 64 communi
666 1042 197 64 subsunt
809 1042 197 64 singuli
953 1042 108 64 in
1007 1042 126 64 sua
1078 1042 251 64 hierarchia
1276 1042 233 64 contenti:
1455 1042 90 64 &
1491 1042 269 64 mediantibus
1707 1042 162 64 ipsis
1814 1042 162 64 omnes
1922 1042 108 64 in
1976 1042 126 64 vna
2030 1042 269 64 vniuersaliter

529 1094 239 61 hierarchia
717 1094 188 61 subsunt
853 1094 154 61 summo
955 1094 188 61 ipsorum
1092 1094 239 61 pontifici.
1280 1094 154 61 iuxta
1382 1094 154 61 illud
1484 1094 136 61 quod
1569 1094 154 61 dicit
1672 1094 205 61 Dionysi.
1825 1094 136 61 cap.
1911 1094 85 61 v
1945 1094 102 61 de
1996 1094 290 61 ecclesiastica
2218 1094 85 61 hie

522 1141 232 78 rarchia.
696 1141 213 78 Diuinus
850 1141 271 78 pontificum
1063 1141 155 78 ordo
1160 1141 193 78 primus
1295 1141 193 78 quidem
1430 1141 135 78 est
1507 1141 251 78 diuinarum
1701 1141 309 78 ordinationum
1952 1141 348 78 sublimissimus,
2223 1141 77 78 vt

530 1198 92 61 &
566 1198 258 61 nouissimus
769 1198 166 61 idem.
879 1198 184 61 Etenim
1008 1198 110 61 in
1063 1198 166 61 ipsum
1174 1198 258 61 perficitur
1376 1198 92 61 &
1413 1198 239 61 completur
1597 1198 166 61 omnis
1707 1198 202 61 nostrae
1854 1198 276 61 hierarchiae
2057 1198 239 61 dispositio.

530 1250 193 73 Etenim
665 1250 174 73 sicut
780 1250 231 73 communem
954 1250 289 73 hierarchiam
1185 1250 212 73 videmus
1340 1250 116 73 in
1398 1250 174 73 lesum
1513 1250 309 73 consummatam,
1764 1250 135 73 sic
1841 1250 289 73 vnamquamque
2073 1250 116 73 in
2111 1250 193 73 proprium

529 1308 196 66 diuinum
672 1308 267 66 sacerdotem.
885 1308 142 66 lpsa
974 1308 160 66 autem
1081 1308 249 66 hierarchia
1277 1308 196 66 ordinis
1419 1308 178 66 virtus
1544 1308 107 66 in
1597 1308 196 66 omnibus
1739 1308 196 66 locatur
1882 1308 178 66 sacris
1988 1308 303 66 vniuersitatibus

529 1361 87 65 &
563 1361 121 65 per
633 1361 156 65 omnes
736 1361 190 65 diuinos
875 1361 190 65 ordines
1013 1361 208 65 operatur
1169 1361 208 65 propriae
1325 1361 260 65 hierarchiae
1532 1361 208 65 mysteria
1688 1361 121 65 Sed
1757 1361 138 65 post
1844 1361 190 65 Christi
1982 1361 208 65 aduentum
2138 1361 121 65 cum
2190 1361 104 65 ten-

516 1427 130 58 pus
591 1427 149 58 erat
684 1427 205 58 vacandi
833 1427 335 58 spiritualibus,
1112 1427 93 58 &
1149 1427 205 58 homines
1298 1427 261 58 vocarentur
1503 1427 93 58 a
1540 1427 223 58 nuptiis,
1707 1427 298 58 dsspensatiue
1949 1427 93 58 a
1987 1427 130 58 deo
2061 1427 205 58 regimen
2210 1427 93 58 &
2229 1427 74 58 au

518 1467 200 68 ctoritas
669 1467 250 68 temporalium
869 1467 83 68 &
902 1467 250 68 iurisdictio
1103 1467 150 68 omnis
1203 1467 150 68 circa
1303 1467 150 68 illa,
1403 1467 83 68 &
1437 1467 200 68 executio
1587 1467 134 68 eius
1670 1467 200 68 commissa
1821 1467 117 68 est
1888 1467 250 68 imperatori,
2088 1467 217 68 remanente
2238 1467 67 68 so

516 1522 152 71 lummo
617 1522 152 71 prima
718 1522 270 71 auctoritate,
938 1522 101 71 vt
988 1522 169 71 dictum
1106 1522 135 71 est,
1190 1522 135 71 apud
1275 1522 253 71 sacerdotes,
1477 1522 185 71 tanquam
1612 1522 135 71 apud
1696 1522 152 71 illos
1797 1522 169 71 quorum
1915 1522 152 71 debet
2016 1522 135 71 esse
2101 1522 202 71 nobilior
2236 1522 67 71 ex

521 1581 262 64 ercitatio:
727 1581 112 64 et
784 1581 131 64 qui
858 1581 150 64 sunt
952 1581 112 64 in
1008 1581 169 64 gradu
1121 1581 244 64 superiori
1308 1581 94 64 &
1346 1581 206 64 maiori,
1495 1581 244 64 agentibus
1683 1581 206 64 regibus
1833 1581 94 64 &
1870 1581 281 64 principibus
2076 1581 225 64 temporalia

527 1629 201 68 negotia:
678 1629 117 68 qui
745 1629 185 68 tanquam
880 1629 185 68 minores
1014 1629 84 68 &
1047 1629 235 68 inferiores
1232 1629 201 68 occupati
1383 1629 134 68 sunt
1467 1629 151 68 circa
1568 1629 235 68 inferiora,
1752 1629 151 68 sicut
1853 1629 168 68 famuli
1970 1629 101 68 in
2021 1629 201 68 remedium
2155 1629 151 68 domino-

523 1684 116 66 rum
590 1684 183 66 suorum.
723 1684 150 66 iuxta
823 1684 150 66 illud
923 1684 133 66 quod
1006 1684 100 66 di
1056 1684 183 66 distin.
1189 1684 150 66 xvii.
1288 1684 150 66 Honor
1388 1684 83 66 &
1422 1684 233 66 sublimitas
1604 1684 249 66 episcopalis
1804 1684 166 66 nullis
1920 1684 166 66 potest
2020 1684 283 66 cooperationibus

530 1738 228 65 adaequari.
709 1738 98 65 Si
758 1738 147 65 regum
856 1738 179 65 fulgori
986 1738 196 65 compares
1133 1738 82 65 &
1166 1738 228 65 principum,
1345 1738 147 65 longe
1443 1738 196 65 inferius
1590 1738 130 65 erit
1671 1738 130 65 quam
1753 1738 98 65 si
1802 1738 163 65 plumbi
1916 1738 196 65 metallum
2062 1738 98 65 ad
2111 1738 130 65 auri
2177 1738 130 65 fulgo-

528 1792 119 66 rem
596 1792 221 66 comperes.
766 1792 136 66 Vnde
852 1792 238 66 Apostolus.
1039 1792 102 66 i.
1090 1792 102 66 ad
1141 1792 204 66 Corinth.
1294 1792 119 66 vi.
1362 1792 187 66 loquens
1499 1792 102 66 de
1550 1792 187 66 iudicio
1686 1792 153 66 circa
1788 1792 255 66 temporalia,
1992 1792 170 66 dicit.
2112 1792 102 66 Si
2146 1792 153 66 saecula

528 1855 112 56 ria
592 1855 176 56 iudicia
720 1855 240 56 habueritis,
911 1855 288 56 contemptibiles
1151 1855 112 56 qui
1215 1855 128 56 sunt
1295 1855 96 56 in
1343 1855 192 56 ecclesia
1486 1855 144 56 illos
1582 1855 240 56 constituite
1774 1855 96 56 ad
1822 1855 240 56 iudicandum.
2013 1855 144 56 Glos.
2109 1855 176 56 ibidem.
2221 1855 80 56 Ma-

529 1902 147 66 iores
626 1902 277 66 spiritualibus
854 1902 212 66 intendere
1017 1902 179 66 debent.
1148 1902 130 66 Quod
1229 1902 195 66 exponens
1376 1902 228 66 Gregorius.
1555 1902 130 66 xix.
1636 1902 147 66 mora.
1734 1902 163 66 dicit.
1848 1902 130 66 Acsi
1929 1902 163 66 aparte
2043 1902 163 66 dicat:
2157 1902 114 66 qui
2206 1902 98 66 mino

530 1950 121 61 ris
599 1950 172 61 meriti
719 1950 138 61 sunt
806 1950 103 61 in
857 1950 224 61 ecclesia,
1030 1950 86 61 &
1082 1950 172 61 nullis
1202 1950 207 61 magnorum
1358 1950 241 61 virtutibus
1547 1950 207 61 pollent:
1702 1950 138 61 ipsi
1789 1950 103 61 de
1840 1950 207 61 terrenis
1996 1950 207 61 negotiis
2134 1950 172 61 iudicent

527 2001 209 64 quatenus
684 2001 122 64 per
753 2001 140 64 quos
841 2001 157 64 magna
945 2001 227 64 nequeunt,
1120 2001 140 64 bona
1207 2001 174 64 minora
1329 2001 331 64 suppleanturQuos
1608 2001 87 64 &
1643 2001 314 64 contemptibiles
1905 2001 209 64 nominat:
2062 2001 87 64 &
2097 2001 157 64 tamen
2184 2001 122 64 sapie

537 2062 118 66 tes
605 2062 169 66 vocat,
723 2062 118 66 cum
791 2062 169 66 dicit.
909 2062 118 66 Sic
976 2062 118 66 non
1044 2062 118 66 est
1112 2062 186 66 sapiens
1247 2062 152 66 inter
1348 2062 118 66 vos
1416 2062 203 66 quisquam
1568 2062 118 66 qui
1635 2062 169 66 possit
1753 2062 203 66 iudicare
1906 2062 152 66 inter
2007 2062 186 66 fratrem
2142 2062 84 66 &
2159 2062 152 66 fratrem

534 2111 134 67 suum.
623 2111 104 67 Qua
683 2111 89 67 ex
728 2111 89 67 re
772 2111 119 67 quid
847 2111 164 67 aliquae
966 2111 223 67 colligitur,
1145 2111 119 67 nisi
1219 2111 119 67 quod
1293 2111 89 67 hi
1338 2111 179 67 terrenas
1472 2111 149 67 causas
1576 2111 194 67 examinent
1725 2111 104 67 qui
1785 2111 208 67 exteriorum
1949 2111 134 67 rerum
2038 2111 208 67 sapientiam
2187 2111 119 67 perce-

530 2163 198 71 perunt:
674 2163 126 71 Qui
746 2163 162 71 autem
853 2163 305 71 spiritualibus
1105 2163 162 71 donis
1213 2163 180 71 ditati
1339 2163 162 71 sunt,
1446 2163 216 71 profecto
1608 2163 126 71 non
1680 2163 180 71 debent
1806 2163 216 71 terrenis
1968 2163 216 71 negotiis
2111 2163 198 71 implicari

533 2228 108 62 vt
587 2228 127 62 dum
659 2228 127 62 non
732 2228 217 62 coguntur
895 2228 235 62 inferiora
1075 2228 145 62 bona
1166 2228 253 62 disponere,
1365 2228 253 62 exercitati
1564 2228 199 62 valeant
1708 2228 289 62 superioribus
1943 2228 163 62 bonis
2052 2228 235 62 deseruire
2215 2228 90 62 &c.

537 2275 128 64 Vnde
617 2275 80 64 &
649 2275 128 64 tale
729 2275 208 64 consilium
890 2275 144 64 dedit
986 2275 241 64 philosophus
1178 2275 96 64 in
1227 2275 144 64 primo
1323 2275 208 64 Politicae
1483 2275 337 64 patribusfamilias,
1772 2275 96 64 vt
1820 2275 192 64 scilicet
1964 2275 289 64 procuratoribus
2189 2275 112 64 domus

523 2325 216 63 negotia
681 2325 295 63 committant,
916 2325 118 63 ne
975 2325 118 63 in
1034 2325 138 63 hoc
1113 2325 255 63 laborando
1309 2325 98 63 a
1348 2325 275 63 melioribus
1565 2325 314 63 retrahantur.
1820 2325 314 63 Quibuscunque
2075 2325 216 63 (inquit
2213 2325 98 63 po-

535 2380 181 66 testas
661 2380 126 66 est
734 2380 144 66 quod
824 2380 126 66 non
896 2380 144 66 ipsi
986 2380 163 66 malum
1095 2380 253 66 patiantur,
1294 2380 253 66 procurator
1492 2380 199 66 accipit
1637 2380 144 66 hunc
1727 2380 217 66 honorem.
1890 2380 144 66 lpsi
1980 2380 163 66 autem
2088 2380 126 66 aut
2142 2380 163 66 ciuili-

530 2438 123 68 ter
601 2438 193 68 viuunt,
741 2438 123 68 aut
811 2438 333 68 philosophantur.
1091 2438 140 68 Vnde
1178 2438 140 68 quod
1266 2438 298 68 ecclesiastici
1511 2438 263 68 temporalium
1721 2438 175 68 habent
1843 2438 333 68 iurisdictionem,
2123 2438 158 68 forte
2228 2438 123 68 non

531 2491 192 64 multum
665 2491 230 64 expedit,
838 2491 96 64 &
876 2491 153 64 erat
972 2491 173 64 forte
1087 2491 211 64 venenum
1241 2491 153 64 quod
1337 2491 211 64 legitur
1490 2491 249 64 cecidisse
1682 2491 115 64 in
1739 2491 230 64 ecclesia
1912 2491 134 64 dei
1989 2491 211 64 tempore
2123 2491 192 64 Constan-

525 2540 164 65 tini,
634 2540 127 65 qui
707 2540 309 65 iurisdictione
961 2540 127 65 sua
1034 2540 200 65 dotauit
1179 2540 254 65 ecclesiam.
1379 2540 127 65 sed
1452 2540 127 65 non
1524 2540 182 65 assero
1652 2540 91 65 i
1688 2540 273 65 Descendendo
1906 2540 182 65 igitur
2033 2540 109 65 ad
2070 2540 236 65 quaestionem

529 2595 213 63 dicimus,
689 2595 142 63 quod
778 2595 124 63 cum
849 2595 195 63 quisque
991 2595 267 63 Christianus
1204 2595 107 63 ex
1258 2595 267 63 perfectione
1471 2595 267 63 Christianae
1684 2595 249 63 religionis
1880 2595 160 63 tenet
1986 2595 142 63 quod
2075 2595 178 63 patrem
2199 2595 89 63 &
2217 2595 89 63 ma-

525 2658 163 59 trem
626 2658 244 59 honorare
809 2658 264 59 teneatur,
1013 2658 142 59 non
1094 2658 183 59 solum
1216 2658 305 59 reuerentiam
1461 2658 285 59 exhibendo,
1684 2658 142 59 sed
1766 2658 183 59 etiam
1888 2658 183 59 omnia
2010 2658 285 59 necessaria
2213 2658 102 59 mi-

532 2711 252 58 nistrando,
730 2711 108 58 et
784 2711 108 58 si
838 2711 198 58 necesse
981 2711 126 58 sit
1053 2711 126 58 pro
1125 2711 162 58 eorum
1233 2711 180 58 salute
1359 2711 162 58 omnia
1466 2711 252 58 temporalia
1664 2711 252 58 exponendo,
1862 2711 108 58 et
1916 2711 108 58 si
1970 2711 108 58 in
2023 2711 126 58 hoc
2095 2711 180 58 patrem
2221 2711 90 58 &
2239 2711 72 58 ma

525 2754 154 69 trem
621 2754 230 69 carnales
794 2754 173 69 debet
909 2754 250 69 honorare,
1101 2754 173 69 multo
1216 2754 211 69 fortius
1369 2754 96 69 &
1408 2754 307 69 spirituales,
1657 2754 230 69 scilicet
1830 2754 230 69 Christum
2003 2754 96 69 &
2041 2754 269 69 ecclesiam.
2233 2754 77 69 Si

534 2812 187 62 quando
665 2812 149 62 ergo
758 2812 261 62 necessitas
964 2812 261 62 periculosa
1169 2812 224 62 incumbit
1337 2812 261 62 ecclesiae,
1543 2812 112 62 vt
1599 2812 131 62 pro
1673 2812 187 62 salute
1804 2812 149 62 eius
1897 2812 224 62 indigeat
2065 2812 205 62 bonorum
2196 2812 112 62 tem-

516 2855 218 80 poralium
679 2855 218 80 cuiusque
843 2855 363 80 administratione,
1152 2855 182 80 peccat
1279 2855 109 80 si
1334 2855 109 80 ab
1388 2855 218 80 ecclesia
1552 2855 254 80 requisitus
1752 2855 109 80 ea
1806 2855 254 80 ministrare
2006 2855 236 80 noluerit,
2188 2855 127 80 nec
2242 2855 73 80 ei

525 2927 252 59 assistere,
723 2927 162 59 sicut
831 2927 216 59 tenetur.
993 2927 216 59 TRatione
1155 2927 144 59 ergo
1245 2927 198 59 delicti
1389 2927 162 59 atque
1496 2927 216 59 peccati,
1658 2927 108 59 ad
1712 2927 162 59 minus
1820 2927 198 59 tempore
1964 2927 306 59 necessitatis,
2216 2927 126 59 di-

529 2969 110 63 co
584 2969 147 63 quod
675 2969 147 63 papa
767 2969 183 63 potest
895 2969 147 63 dare
987 2969 110 63 ad
1042 2969 275 63 defensionem
1262 2969 92 63 &
1298 2969 330 63 sustentationem
1573 2969 238 63 ecclesiae
1756 2969 202 63 decimas
1903 2969 275 63 accipiendas
2123 2969 92 63 a
2141 2969 165 63 laicis,

537 3026 95 55 &
575 3026 133 55 eis
651 3026 247 55 indicere,
841 3026 114 55 et
898 3026 114 55 si
955 3026 152 55 opus
1051 3026 209 55 fuerit,
1203 3026 114 55 ad
1260 3026 171 55 ipsas
1374 3026 266 55 tribuendas
1583 3026 285 55 compellere.
1811 3026 228 55 Secundum
1983 3026 152 55 haec
2078 3026 190 55 igitur
2192 3026 114 55 con-

533 3075 202 59 cedenda
679 3075 147 59 sunt
771 3075 128 59 duo
844 3075 202 59 obiecta
991 3075 110 59 ad
1046 3075 183 59 primam
1174 3075 202 59 partem.
1321 3075 128 59 Non
1394 3075 147 59 enim
1485 3075 183 59 potest
1614 3075 165 59 depon
1724 3075 128 59 ere
1797 3075 147 59 papa
1889 3075 238 59 principes
2072 3075 147 59 nisi
2145 3075 165 59 ratione

535 3128 186 79 delicti,
675 3128 109 79 aut
737 3128 310 79 insufficientiae.
1001 3128 124 79 Quod
1078 3128 124 79 bene
1156 3128 217 79 exprimitur
1326 3128 93 79 in
1373 3128 124 79 illo
1451 3128 186 79 capitulo
1590 3128 155 79 Alius.
1699 3128 109 79 vbi
1761 3128 186 79 dicitur.
1900 3128 124 79 Roca
1978 3128 186 79 pontifex
2117 3128 202 79 Tacharias
2257 3128 62 79 re
