2460 3693
496 275 179 94 statim
621 275 268 94 restituere:
835 275 125 94 dum
907 275 161 94 tamen
1014 275 196 94 quantum
1157 275 125 94 est
1228 275 107 94 ex
1282 275 107 94 se
1335 275 196 94 paratus
1478 275 125 94 sit
1550 275 179 94 omnino
1675 275 107 94 ad
1728 275 304 94 restituendum:
1978 275 143 94 puta
2068 275 107 94 si
2121 275 143 94 ille
2193 275 89 94 cui

502 346 248 74 restitutio
697 346 124 74 est
768 346 230 74 facienda,
945 346 195 74 ignorat
1087 346 213 74 debitum,
1246 346 89 74 &
1282 346 124 74 non
1352 346 142 74 sine
1441 346 213 74 scandalo
1600 346 124 74 aut
1671 346 266 74 dehonestate
1884 346 177 74 aliqua
2008 346 177 74 posset
2132 346 142 74 ille
2202 346 89 74 per

501 402 99 66 se
551 402 83 66 &
584 402 166 66 statim
700 402 133 66 sine
783 402 133 66 alia
866 402 215 66 occasione
1032 402 166 66 facere
1148 402 298 66 restitutionem:
1396 402 116 66 aut
1462 402 99 66 si
1512 402 149 66 forte
1612 402 166 66 sciret
1728 402 133 66 quod
1810 402 116 66 pro
1877 402 215 66 dilatione
2042 402 166 66 habita
2158 402 116 66 pro
2208 402 83 66 tem

506 457 153 71 pore
602 457 115 71 vt
659 457 153 71 nunc
755 457 191 71 nimium
888 457 325 71 exasperaretur
1156 457 153 71 erga
1252 457 325 71 restituentem.
1520 457 115 71 In
1577 457 172 71 primo
1692 457 153 71 enim
1788 457 153 71 casu
1883 457 172 71 licet
1998 457 249 71 expectare
2170 457 115 71 com-

503 530 162 46 modum
611 530 180 46 tempus
737 530 126 46 quo
810 530 126 46 per
882 530 162 46 alium
990 530 180 46 possit
1116 530 198 46 occulte
1261 530 271 46 restituere,
1477 530 126 46 aut
1549 530 126 46 per
1621 530 198 46 seipsum
1766 530 162 46 nacta
1874 530 271 46 sufficienti
2091 530 235 46 occasione

512 567 109 62 qua
575 567 155 62 possit
683 567 217 62 restituere
854 567 109 62 sic
916 567 93 62 vt
963 567 109 62 non
1025 567 233 62 percipiatur
1211 567 93 62 in
1258 567 124 62 mora
1336 567 171 62 fuisse.
1460 567 93 62 In
1506 567 171 62 secundo
1631 567 140 62 etiam
1724 567 124 62 casu
1802 567 140 62 licet
1895 567 202 62 expectare
2050 567 202 62 tempropus
2205 567 109 62 quo

508 615 160 67 illum
615 615 160 67 magis
722 615 196 67 pacatum
864 615 178 67 possit
989 615 231 67 inuenire.
1167 615 107 67 Si
1220 615 160 67 tamen
1327 615 214 67 detinens
1487 615 125 67 quo
1558 615 107 67 ad
1612 615 214 67 vtrumque
1772 615 160 67 casum
1879 615 107 67 in
1932 615 160 67 culpa
2039 615 125 67 sit
2110 615 107 67 ex
2146 615 142 67 nimia.

504 677 243 61 detentione,
698 677 146 61 forte
795 677 211 61 tenebitur
957 677 130 61 illi
1038 677 97 61 ad
1087 677 130 61 suum
1168 677 227 61 interesse:
1346 677 97 61 ad
1395 677 130 61 quod
1476 677 146 61 omnis
1573 677 211 61 violentus
1735 677 194 61 detentor
1881 677 113 61 rei
1946 677 178 61 alienae
2075 677 178 61 tenetur
2189 677 97 61 cum.

508 723 124 69 hoc
579 723 142 69 quod
668 723 195 69 tenetur
810 723 106 69 ad
863 723 319 69 restitutionem.
1129 723 106 69 Si
1182 723 195 69 secundo
1324 723 160 69 modo:
1430 723 124 69 aut
1501 723 142 69 ille
1590 723 124 69 qui
1661 723 160 69 debet
1767 723 248 69 restituere
1962 723 177 69 multum
2086 723 195 69 indiget
2210 723 71 69 eo

513 787 140 61 quod
600 787 279 61 restituendum
827 787 122 61 est
897 787 122 61 pro
967 787 140 61 toto
1054 787 122 61 vel
1124 787 122 61 pro
1194 787 175 61 parte:
1316 787 122 61 aut
1386 787 122 61 non
1456 787 175 61 multum
1578 787 192 61 indiget
1718 787 122 61 eo:
1788 787 157 61 neque
1892 787 105 61 vt
1945 787 175 61 totum:
2067 787 157 61 neque
2172 787 105 61 vt
2207 787 87 61 par

506 829 127 65 tem
579 829 236 65 detineat.
760 829 145 65 Isto
851 829 200 65 secundo
997 829 145 65 modo
1088 829 200 65 tenetur
1233 829 182 65 statim
1361 829 255 65 restituere
1561 829 109 65 ex
1615 829 200 65 virtute
1761 829 236 65 praecepti
1942 829 236 65 negatiui:
2124 829 127 65 cui
2179 829 109 65 nul-

506 881 106 77 la
559 881 282 77 rationabilis
789 881 300 77 circunstantia
1036 881 194 77 obstat.
1177 881 106 77 Si
1230 881 159 77 primo
1335 881 159 77 modo,
1441 881 123 77 aut
1512 881 141 77 ergo
1600 881 141 77 ille
1688 881 123 77 cui
1759 881 194 77 tenetur
1900 881 265 77 restituere,
2094 881 194 77 similiter

507 937 167 68 multum
624 937 183 68 indiget
757 937 133 68 illo
841 937 133 68 sibi
924 937 267 68 restituendo:
1140 937 117 68 aut
1207 937 233 68 aequaliter
1390 937 133 68 illi
1474 937 117 68 qui
1540 937 183 68 tenetur
1674 937 250 68 restituere:
1873 937 117 68 aut
1940 937 167 68 prope:
2057 937 117 68 aut
2123 937 133 68 ille
2207 937 117 68 non

507 995 177 62 multum
631 995 213 62 indiget.
791 995 106 62 Si
844 995 160 62 primo
951 995 160 62 modo,
1057 995 142 62 dico
1146 995 142 62 quod
1234 995 177 62 statim
1359 995 195 62 tenetur
1501 995 266 62 restituere:
1713 995 142 62 quia
1802 995 177 62 nemini
1926 995 160 62 licet
2033 995 177 62 facere
2139 995 142 62 profe-

515 1044 142 66 ctum
604 1044 142 66 suum
693 1044 106 66 de
746 1044 106 66 re
799 1044 177 66 aliena
923 1044 124 66 cum
994 1044 195 66 iactura
1136 1044 177 66 illius
1260 1044 160 66 cuius
1366 1044 124 66 est
1437 1044 142 66 ipso
1526 1044 195 66 inuito.
1668 1044 106 66 Si
1721 1044 195 66 secundo
1863 1044 160 66 modo:
1969 1044 124 66 aut
2040 1044 142 66 ergo
2111 1044 177 66 detinens

512 1098 163 68 tantum
626 1098 179 68 indiget
756 1098 98 68 re
804 1098 260 68 restituenda.
1016 1098 179 68 Indiget
1146 1098 130 68 dico
1227 1098 114 68 pro
1292 1098 130 68 toto
1373 1098 114 68 vel
1438 1098 114 68 pro
1503 1098 163 68 parte.
1617 1098 130 68 quod
1698 1098 98 68 si
1747 1098 130 68 ille
1828 1098 114 68 cui
1893 1098 114 68 est
1958 1098 260 68 restituendum
2153 1098 130 68 sciret

515 1160 147 57 eius
606 1160 275 57 indigentiam
826 1160 92 57 &
863 1160 311 57 necessitatem,
1119 1160 220 57 secundum
1284 1160 220 57 iudicium
1449 1160 183 57 rectae
1577 1160 220 57 rationis
1742 1160 92 57 &
1778 1160 165 57 motum
1888 1160 238 57 fraternae
2053 1160 238 57 dilectionis

514 1203 126 65 non
586 1203 198 65 deberet
730 1203 108 65 ei
783 1203 216 65 claudere
945 1203 198 65 viscera
1089 1203 162 65 eius:
1196 1203 126 65 sed
1268 1203 198 65 compati
1412 1203 90 65 &
1448 1203 233 65 misereri,
1628 1203 108 65 et
1681 1203 216 65 differre
1843 1203 198 65 debitum
1987 1203 126 65 vel
2059 1203 126 65 pro
2130 1203 144 65 toto
2202 1203 90 65 vel

517 1262 115 67 pro
582 1262 164 67 parte:
697 1262 131 67 tunc
779 1262 131 67 puto
861 1262 131 67 quod
943 1262 115 67 non
1009 1262 180 67 tenetur
1140 1262 164 67 statim
1255 1262 148 67 totum
1353 1262 246 67 restituere:
1550 1262 115 67 sed
1616 1262 115 67 pro
1681 1262 148 67 toto,
1780 1262 115 67 vel
1845 1262 115 67 pro
1911 1262 148 67 parte
2009 1262 197 67 secundum
2140 1262 148 67 statum.

522 1309 243 64 indigentiae
716 1309 130 64 suae
797 1309 275 64 restitutionem
1024 1309 211 64 differre.
1186 1309 113 64 Sed
1251 1309 113 64 hoc
1315 1309 113 64 non
1380 1309 178 64 propria
1510 1309 259 64 auctoritate:
1720 1309 113 64 sed
1785 1309 178 64 iudicis
1915 1309 292 64 ecclesiastici,
2157 1309 113 64 vel
2222 1309 97 64 in

512 1361 141 73 foro
600 1361 264 73 contentioso
811 1361 105 73 si
864 1361 123 73 res
934 1361 229 73 deducatur
1110 1361 105 73 ad
1163 1361 229 73 iudicium,
1339 1361 123 73 vel
1409 1361 105 73 in
1462 1361 141 73 foro
1550 1361 281 73 conscientiae
1778 1361 105 73 vt
1831 1361 158 73 petat
1936 1361 158 73 super
2042 1361 123 73 hoc
2112 1361 88 73 a
2130 1361 158 73 confes-

515 1428 136 59 sore
600 1428 238 59 consilium.
787 1428 102 59 Et
838 1428 136 59 puto
923 1428 136 59 quod
1009 1428 153 59 sicut
1111 1428 102 59 in
1162 1428 136 59 foro
1247 1428 255 59 contentioso
1451 1428 153 59 iudex
1553 1428 238 59 officialis
1740 1428 153 59 debet
1842 1428 221 59 prouidere
2013 1428 136 59 illi
2098 1428 119 59 qui
2149 1428 136 59 omnino

523 1476 190 63 paratus
661 1476 121 63 est
730 1476 104 63 ad
782 1476 277 63 restituendum
1008 1476 208 63 debitum,
1163 1476 104 63 ne
1215 1476 156 63 egeat
1319 1476 190 63 extrema
1458 1476 277 63 necessitate:
1683 1476 121 63 non
1752 1476 208 63 cuilibet
1908 1476 260 63 aequaliter:
2116 1476 121 63 sed
2168 1476 121 63 iuxta

515 1524 181 70 statum
642 1524 90 70 &
678 1524 271 70 conditionem
895 1524 217 70 personae
1058 1524 199 70 omnibus
1202 1524 326 70 circunspectis:
1474 1524 127 70 sic
1546 1524 109 70 in
1600 1524 145 70 foro
1691 1524 289 70 conscientiae
1926 1524 163 70 iudex
2035 1524 235 70 confessor
2198 1524 90 70 vel

513 1579 265 68 consiliarius
728 1579 165 68 potest
844 1579 232 68 permittere
1026 1579 99 68 vt
1076 1579 281 68 restitutionem
1307 1579 198 68 differat
1456 1579 116 68 non
1522 1579 265 68 praecipiendo
1737 1579 132 68 quod
1820 1579 165 68 statim
1936 1579 232 68 restituat:
2118 1579 116 68 vel
2184 1579 132 68 quod

509 1628 186 73 amplius
645 1628 119 73 est
712 1628 237 73 insinuando
899 1628 136 73 quod
983 1628 102 73 in
1034 1628 136 73 tali
1119 1628 152 73 statu
1221 1628 119 73 non
1288 1628 186 73 tenetur
1424 1628 254 73 restituere:
1627 1628 119 73 sed
1695 1628 136 73 quod
1780 1628 186 73 paratus
1915 1628 169 73 debeat
2034 1628 136 73 esse
2119 1628 152 73 animo
2220 1628 102 73 ad

514 1685 317 71 restituendum:
775 1685 112 71 si
831 1685 205 71 mutetur
981 1685 131 71 sua
1055 1685 224 71 conditio
1223 1685 112 71 vt
1279 1685 205 71 amplius
1428 1685 205 71 valeat,
1577 1685 131 71 vel
1652 1685 112 71 ne
1708 1685 186 71 tantum
1838 1685 242 71 indigeat:
2025 1685 131 71 aut
2100 1685 131 71 sic
2155 1685 131 71 mute-

514 1742 118 62 tur
582 1742 203 62 conditio
734 1742 169 62 illius
852 1742 118 62 cui
919 1742 118 62 est
987 1742 287 62 restituendum,
1223 1742 101 62 vt
1274 1742 203 62 scilicet
1426 1742 186 62 amplius
1561 1742 220 62 indigeat.
1730 1742 118 62 Sed
1797 1742 152 62 illud
1899 1742 203 62 expresse
2051 1742 220 62 insinuare
2203 1742 84 62 non

519 1793 162 65 esset
627 1793 216 65 securum:
789 1793 108 65 ne
844 1793 198 65 audacia
988 1793 90 65 &
1024 1793 270 65 confidentia
1240 1793 162 65 nimia
1348 1793 198 65 daretur
1493 1793 216 65 debitori
1655 1793 108 65 de
1709 1793 234 65 detinendo
1889 1793 288 65 restituenda.
2124 1793 126 65 Aut
2178 1793 108 65 deti

510 1856 133 57 nens
593 1856 116 57 non
660 1856 166 57 tantum
776 1856 183 57 indiget
909 1856 133 57 siue
992 1856 116 57 pro
1059 1856 133 57 toto
1142 1856 133 57 siue
1225 1856 116 57 pro
1292 1856 150 57 parte
1391 1856 266 57 restituendo:
1607 1856 133 57 quin
1691 1856 133 57 etsi
1774 1856 133 57 ille
1857 1856 116 57 cui
1923 1856 116 57 est
1990 1856 266 57 restituendum
2189 1856 100 57 sci-

514 1907 124 60 ret
585 1907 141 60 eius
673 1907 283 60 necessitatem
903 1907 88 60 &
938 1907 265 60 indigentiam
1150 1907 124 60 non
1221 1907 230 60 teneretur
1398 1907 212 60 differre
1557 1907 194 60 debitum
1698 1907 194 60 diutius
1839 1907 212 60 secundum
1998 1907 212 60 iudicium
2140 1907 141 60 rectae

520 1962 203 57 rationis
673 1962 85 57 &
707 1962 153 57 motum
808 1962 220 57 fraternae
978 1962 203 57 pietatis
1130 1962 136 57 siue
1215 1962 119 57 pro
1283 1962 136 57 toto
1368 1962 136 57 siue
1452 1962 119 57 pro
1520 1962 170 57 parte.
1639 1962 136 57 Dico
1724 1962 136 57 quod
1808 1962 102 57 in
1859 1962 136 57 isto
1944 1962 136 57 casu
2029 1962 170 57 statim
2130 1962 153 57 tenetur

517 2007 236 64 restituere
702 2007 118 64 aut
770 2007 152 64 totum
871 2007 118 64 aut
938 2007 168 64 partem
1056 2007 202 64 secundum
1207 2007 236 64 exigentiam
1393 2007 135 64 suae
1477 2007 269 64 indigentiae:
1696 2007 84 64 &
1729 2007 118 64 non
1797 2007 168 64 potest
1915 2007 202 64 vlterius
2066 2007 219 64 differre.
2218 2007 67 64 SE

516 2058 162 66 cundum
629 2058 162 66 dictas
743 2058 162 66 igitur
857 2058 276 66 distinctiones
1084 2058 146 66 patet
1181 2058 130 66 quid
1262 2058 195 66 oporteat
1409 2058 97 66 ad
1457 2058 146 66 istam
1555 2058 243 66 quaestionem
1749 2058 243 66 respondere.
1944 2058 97 66 Et
1993 2058 146 66 patet
2090 2058 97 66 ex
2139 2058 114 66 eis
2204 2058 114 66 quo

513 2112 133 74 modo
596 2112 100 74 in
646 2112 182 74 quatuor
779 2112 182 74 casibus
911 2112 116 74 non
978 2112 182 74 oportet
1110 2112 166 74 statim
1227 2112 249 74 restituere,
1426 2112 116 74 sed
1492 2112 166 74 potest
1608 2112 232 74 restitutio
1790 2112 216 74 differri.
1956 2112 100 74 In
2006 2112 149 74 aliis
2106 2112 133 74 vero
2188 2112 133 74 quae

515 2179 140 57 tuor
603 2179 193 57 oportet
744 2179 176 57 statim
867 2179 263 57 restituere,
1077 2179 88 57 &
1112 2179 123 57 non
1183 2179 176 57 potest
1306 2179 246 57 restitutio
1499 2179 228 57 differri,
1674 2179 88 57 &
1710 2179 211 57 quomodo,
1868 2179 88 57 &
1903 2179 158 57 quare
2008 2179 140 57 hoc.
2096 2179 176 57 Siquid
2201 2179 88 57 ve-

525 2222 94 64 ro
572 2222 171 64 membrum
697 2222 171 64 omissum
822 2222 125 64 sit,
900 2222 109 64 aut
962 2222 171 64 aliquod
1087 2222 156 64 restat
1196 2222 327 64 subdistinguendum:
1476 2222 171 64 apponat
1601 2222 125 64 ille
1679 2222 109 64 cui
1741 2222 203 64 occurrit:
1897 2222 125 64 mihi
1975 2222 140 64 autem
2069 2222 94 64 ad
2100 2222 187 64 phiaosenus

528 2278 125 68 non
600 2278 233 68 occurrit.
779 2278 125 68 PER
850 2278 143 68 haec
940 2278 179 68 patent
1065 2278 215 68 obiecta.
1226 2278 125 68 CVM
1298 2278 143 68 ergo
1387 2278 215 68 arguitur
1548 2278 125 68 per
1620 2278 268 68 Augustinum:
1835 2278 125 68 Non
1906 2278 251 68 dimittitur
2085 2278 197 68 peccatum,

524 2329 123 69 nisi
600 2329 230 69 restituatur
784 2329 184 69 ablatum:
923 2329 184 69 Dicendum
1061 2329 123 69 quod
1137 2329 138 69 verum
1229 2329 107 69 est
1291 2329 245 69 regulariter.
1490 2329 92 69 Et
1536 2329 107 69 hoc
1598 2329 107 69 non
1659 2329 107 69 tam
1720 2329 169 69 propter
1843 2329 153 69 factum
1950 2329 123 69 siue
2027 2329 138 69 facti
2104 2329 184 69 omissionem

533 2383 130 71 quam
614 2383 178 71 propter
744 2383 162 71 animum
857 2383 114 71 non
922 2383 178 71 paratum
1052 2383 178 71 quantum
1182 2383 114 71 est
1247 2383 97 71 de
1295 2383 97 71 se
1344 2383 97 71 ad
1393 2383 276 71 restituendum.
1620 2383 97 71 In
1668 2383 178 71 casibus
1798 2383 146 71 tamen
1896 2383 97 71 in
1944 2383 162 71 quibus
2042 2383 243 71 restitutionem

526 2441 115 62 non
591 2441 180 62 differt
722 2441 213 62 voluntas,
886 2441 115 62 sed
952 2441 246 62 necessitas,
1148 2441 131 62 bene
1230 2441 229 62 dimittitur
1410 2441 197 62 peccatum
1558 2441 180 62 propter
1689 2441 147 62 bonam
1787 2441 82 62 &
1820 2441 180 62 paratam
1951 2441 229 62 voluntatem
2131 2441 98 62 ad
2164 2441 131 62 resti-

523 2490 179 64 tuendum
653 2490 179 64 quantum
783 2490 114 64 est
848 2490 97 64 de
896 2490 114 64 se:
961 2490 130 64 nisi
1042 2490 179 64 obesset
1172 2490 227 64 necessitas
1351 2490 179 64 propter
1481 2490 130 64 quam
1562 2490 162 64 nondum
1676 2490 244 64 restituitur
1871 2490 195 64 ablatum,
2017 2490 97 64 vt
2066 2490 146 64 patet
2163 2490 97 64 in
2212 2490 114 64 qua

524 2542 128 60 tuor
604 2542 177 60 casibus
733 2542 241 60 praedictis.
925 2542 96 60 Ad
973 2542 209 60 secundum:
1134 2542 128 60 quod
1214 2542 177 60 oportet
1342 2542 209 60 prouidere
1503 2542 96 60 ne
1551 2542 160 60 egeat:
1663 2542 193 60 Dicendum
1808 2542 128 60 quod
1888 2542 112 60 hoc
1952 2542 193 60 pertinet
2096 2542 96 60 ad
2145 2542 128 60 vnum
2209 2542 80 60 ca-

527 2595 119 61 sum
595 2595 221 61 detinendi
765 2595 187 61 propter
900 2595 289 61 necessitatem,
1138 2595 102 61 vt
1189 2595 153 61 visum
1291 2595 136 61 est.
1376 2595 187 61 propter
1511 2595 136 61 quod
1596 2595 119 61 non
1664 2595 170 61 potest
1783 2595 102 61 ex
1834 2595 119 61 hoc
1902 2595 153 61 argui
2003 2595 136 61 quod
2071 2595 221 61 regulariter

524 2653 152 60 licet
625 2653 118 60 non
693 2653 169 60 statim
811 2653 253 60 restituere,
1014 2653 101 60 vt
1065 2653 152 60 patet
1166 2653 101 60 ex
1200 2653 152 60 dictis.

843 2696 129 68 Irca
924 2696 194 68 secundum
1069 2696 210 68 arguitur:
1231 2696 129 68 quod
1312 2696 243 68 recipientes
1506 2696 129 68 siue
1587 2696 97 68 in
1635 2696 129 68 dono
1716 2696 129 68 siue
1797 2696 97 68 in
1845 2696 226 68 eleemosyna
2023 2696 97 68 ab
2072 2696 146 68 illis
2169 2696 113 68 qui
2233 2696 97 68 ha

835 2756 146 64 bent
926 2756 146 64 bona
1017 2756 128 64 sua
1090 2756 183 64 partim
1218 2756 164 64 bene,
1328 2756 183 64 partim
1455 2756 146 64 male
1547 2756 256 64 acquisita:
1747 2756 237 64 teneantur
1930 2756 256 64 restituere
2112 2756 183 64 recepta.

844 2811 183 64 quoniam
978 2811 133 64 isti
1061 2811 117 64 non
1128 2811 150 64 minus
1228 2811 100 64 se
1278 2811 167 64 habent
1394 2811 100 64 in
1444 2811 250 64 restituendo
1644 2811 150 64 talia
1744 2811 133 64 sibi
1827 2811 183 64 donata,
1961 2811 133 64 quam
2044 2811 150 64 filii
2144 2811 117 64 qui
2194 2811 100 64 suc-

845 2875 163 53 cedunt
959 2875 98 53 in
1008 2875 244 53 haereditate
1203 2875 195 53 paterna.
1350 2875 114 53 sed
1415 2875 147 53 filii
1512 2875 244 53 succedentes
1708 2875 195 53 tenentur
1854 2875 98 53 ad
1903 2875 277 53 restitutionem
2131 2875 195 53 quousque

833 2918 144 66 sint
923 2918 144 66 male
1013 2918 252 66 acquisita.
1211 2918 144 66 ergo
1302 2918 126 66 &c.
1374 2918 234 66 Praeterea
1554 2918 108 66 de
1608 2918 216 66 quolibet
1770 2918 198 66 istorum
1914 2918 126 66 cui
1987 2918 198 66 aliquid
2131 2918 198 66 donatum

845 2972 138 66 est,
931 2972 172 66 dubium
1051 2972 120 66 est
1120 2972 103 66 an
1171 2972 206 66 quicquid
1326 2972 120 66 est
1395 2972 189 66 donatum
1533 2972 120 66 sit
1601 2972 103 66 de
1653 2972 189 66 alieno.
1790 2972 120 66 sed
1859 2972 103 66 in
1911 2972 138 66 tali
1997 2972 155 66 dubio
2083 2972 206 66 restituen-

842 3022 126 62 dum
914 3022 126 62 est
986 3022 234 62 receptum:
1165 3022 144 62 quia
1255 3022 180 62 nuilus
1381 3022 162 62 debet
1489 3022 108 62 se
1543 3022 216 62 exponere
1704 3022 162 62 dubio
1812 3022 216 62 mortalis
1974 3022 216 62 peccati.
2135 3022 144 62 ergo
2207 3022 90 62 &c.

579 3073 92 67 IN
625 3073 214 67 contrarium
792 3073 122 67 est:
869 3073 122 67 quod
945 3073 137 67 omnes
1037 3073 198 67 recipiunt
1189 3073 92 67 de
1235 3073 168 67 talibus
1357 3073 107 67 aut
1418 3073 92 67 in
1464 3073 137 67 donum
1555 3073 107 67 aut
1617 3073 92 67 in
1662 3073 244 67 eleemosynam:
1861 3073 76 67 &
1891 3073 137 67 tamen
1983 3073 153 67 nullus
2090 3073 214 67 restituit:
2242 3073 46 67 &

521 3129 123 88 non
592 3129 228 88 credendum
767 3129 123 88 est
837 3129 140 88 quod
924 3129 158 88 omnes
1029 3129 228 88 immemores
1204 3129 140 88 sint
1292 3129 140 88 suae
1379 3129 210 88 salutis.
1537 3129 140 88 ergo
1625 3129 123 88 &c.
1695 3129 123 88 NON
1765 3129 123 88 est
1835 3129 123 88 hic
1905 3129 210 88 quaestio
2062 3129 228 88 depeccato
2220 3129 70 88 cu
