2426 3767
502 318 105 87 Si
555 318 175 87 igitur
678 318 210 87 intendat
836 318 158 87 primo
941 318 140 87 dare
1029 318 175 87 tantum
1151 318 105 87 de
1204 318 140 87 malo
1292 318 123 87 hoc
1362 318 123 87 est
1432 318 105 87 de
1484 318 175 87 debito
1607 318 158 87 inquo
1712 318 140 87 ipse
1800 318 140 87 dans
1888 318 175 87 alteri
2010 318 245 87 obligatur:
2203 318 123 87 aut

503 398 102 68 de
554 398 136 68 male
639 398 237 68 acquisito,
825 398 102 68 vt
876 398 170 68 dictum
995 398 119 68 est
1063 398 102 68 in
1114 398 254 68 quaestione:
1317 398 136 68 tunc
1402 398 204 68 datarius
1555 398 119 68 seu
1623 398 136 68 ille
1707 398 119 68 cui
1775 398 153 68 datur
1877 398 153 68 nihil
1979 398 187 68 recipit
2114 398 136 68 nisi
2182 398 102 68 onus

502 450 269 70 restituendi
717 450 108 70 si
771 450 126 70 hoc
843 450 305 70 intellexerit:
1094 450 108 70 et
1148 450 126 70 non
1220 450 197 70 tenetur
1363 450 215 70 recipere
1525 450 179 70 donum.
1650 450 126 70 Aut
1722 450 161 70 licet
1830 450 144 70 plus
1919 450 144 70 det:
2009 450 161 70 tamen
2099 450 179 70 intendat

503 505 152 70 dare
598 505 171 70 totum
713 505 152 70 quod
808 505 133 70 est
884 505 114 70 de
941 505 171 70 malo:
1056 505 152 70 tunc
1151 505 229 70 secundum
1322 505 133 70 iam
1399 505 171 70 dicta
1513 505 229 70 dicendum
1684 505 133 70 est
1761 505 152 70 quod
1856 505 171 70 talis
1970 505 171 70 debet
2084 505 114 70 se
2123 505 152 70 habere

506 568 125 68 pro
578 568 214 68 obligato
738 568 107 68 in
792 568 143 68 isto
881 568 143 68 dono
971 568 161 68 sicut
1078 568 143 68 erat
1167 568 143 68 ille
1257 568 125 68 qui
1328 568 179 68 dedit:
1453 568 125 68 dum
1525 568 161 68 tamen
1632 568 125 68 hoc
1703 568 107 68 ei
1757 568 268 68 innotescat.
1971 568 179 68 Aliter
2096 568 143 68 enim
2168 568 107 68 per-

501 611 138 75 inde
587 611 172 75 esset:
708 611 103 75 ac
759 611 103 75 si
811 611 138 75 ille
897 611 155 75 nihil
1001 611 259 75 determinate
1208 611 259 75 intenderet.
1415 611 103 75 Et
1466 611 121 75 sic
1535 611 103 75 in
1587 611 155 75 dicto
1691 611 138 75 casu
1777 611 172 75 semper
1898 611 224 75 tenebitur
2070 611 155 75 totum
2156 611 121 75 resti

504 668 145 70 tuere
601 668 129 70 illi
681 668 113 70 cui
746 668 258 70 restituendum
956 668 129 70 est:
1037 668 129 70 nisi
1117 668 97 70 de
1166 668 178 70 residuo
1295 668 113 70 per
1360 668 145 70 illum
1457 668 113 70 qui
1521 668 97 70 ei
1570 668 145 70 dedit
1666 668 226 70 satisfiat,
1844 668 113 70 aut
1909 668 113 70 per
1973 668 145 70 illos
2070 668 97 70 ad
2119 668 129 70 quos
2183 668 97 70 bona

496 730 206 68 residua
646 730 280 68 deuenerunt.
870 730 112 68 Et
926 730 112 68 de
982 730 280 68 portionibus
1206 730 224 68 receptis
1374 730 112 68 ab
1431 730 168 68 illis
1543 730 318 68 distinguendum
1804 730 131 68 est
1879 730 112 68 vt
1935 730 187 68 prius.
2066 730 112 68 Si
2122 730 149 68 vero
2215 730 112 68 in

503 781 116 61 eo
561 781 155 61 quod
657 781 135 61 dat
735 781 174 61 primo
851 781 135 61 non
928 781 271 61 determinat
1141 781 155 61 suam
1238 781 309 61 intentionem:
1489 781 135 61 aut
1566 781 174 61 solum
1682 781 232 61 intendat
1857 781 232 61 expresse
2031 781 155 61 dare
2127 781 116 61 de
2166 781 116 61 solo

505 835 150 70 bono:
606 835 117 70 aut
672 835 134 70 ergo
756 835 234 70 tantummodo
940 835 117 70 dat
1007 835 150 70 illi:
1107 835 100 70 vt
1157 835 134 70 ipse
1241 835 100 70 de
1291 835 184 70 residuo
1425 835 167 70 possit
1542 835 201 70 decenter
1692 835 167 70 viuere
1809 835 201 70 secundum
1959 835 251 70 conditionem
2143 835 134 70 status

504 896 124 68 sui
575 896 89 68 &
611 896 160 68 etiam
718 896 249 68 restituere
913 896 178 68 totum.
1038 896 107 68 In
1091 896 142 68 isto
1180 896 142 68 casu
1269 896 142 68 dico
1358 896 142 68 quod
1446 896 142 68 iste
1535 896 124 68 non
1606 896 196 68 tenetur
1749 896 267 68 restituere:
1962 896 142 68 quia
2033 896 249 68 praesumendum

506 946 118 73 est
574 946 135 73 quod
658 946 203 73 intendit
810 946 169 73 manere
928 946 219 73 obligatus
1097 946 118 73 pro
1164 946 135 73 toto
1249 946 84 73 &
1282 946 152 73 illum
1384 946 118 73 non
1451 946 219 73 obligare:
1620 946 118 73 sed
1687 946 101 73 de
1738 946 135 73 bono
1822 946 169 73 tantum
1941 946 152 73 dare,
2042 946 152 73 etiam
2143 946 101 73 si
2194 946 118 73 non

505 1013 240 61 determinat
693 1013 137 61 suam
779 1013 274 61 intentionem.
1002 1013 120 61 Aut
1071 1013 103 61 vt
1122 1013 103 61 de
1174 1013 189 61 residuo
1311 1013 171 61 tantum
1431 1013 171 61 possit
1551 1013 171 61 viuere
1671 1013 223 61 decenter:
1842 1013 120 61 sed
1911 1013 120 61 non
1979 1013 257 61 restituere:
2185 1013 120 61 aut
2237 1013 51 61 a

511 1059 101 70 vt
562 1059 101 70 de
612 1059 134 70 illo
696 1059 184 70 residuo
830 1059 117 70 nec
897 1059 168 70 possit
1014 1059 168 70 viuere
1131 1059 117 70 nec
1198 1059 251 70 restituere.
1399 1059 101 70 In
1449 1059 151 70 istis
1550 1059 168 70 duobus
1667 1059 184 70 casibus
1801 1059 134 70 dico
1885 1059 134 70 quod
1969 1059 184 70 tenetur
2086 1059 184 70 restitue-

504 1113 109 72 re
558 1113 163 72 totum
667 1113 145 72 quod
757 1113 290 72 restituendum
993 1113 127 72 est
1065 1113 109 72 si
1120 1113 181 72 tantum
1247 1113 217 72 recepit:
1410 1113 145 72 quia
1500 1113 127 72 non
1573 1113 127 72 est
1645 1113 290 72 praesumendum
1881 1113 145 72 quin
1971 1113 109 72 in
2025 1113 163 72 istis
2116 1113 163 72 casibus

514 1168 216 68 intendat
676 1168 162 68 datum
784 1168 216 68 transire
947 1168 126 68 cum
1019 1168 180 68 onere:
1145 1168 108 68 et
1199 1168 180 68 potius
1325 1168 162 68 ipsum
1434 1168 162 68 velle
1542 1168 216 68 detinere
1704 1168 144 68 bene
1794 1168 270 68 acquisitum,
2011 1168 144 68 quam
2101 1168 162 68 male.
2191 1168 90 68 Aut

512 1223 103 68 vt
563 1223 103 68 in
615 1223 188 68 residuo
752 1223 171 68 manet,
872 1223 137 68 vnde
957 1223 171 68 possit
1077 1223 171 68 tantum
1197 1223 257 68 restituere:
1403 1223 120 68 sed
1471 1223 120 68 non
1540 1223 188 68 viuere.
1677 1223 103 68 Et
1728 1223 103 68 in
1779 1223 120 68 hoc
1848 1223 137 68 casu
1933 1223 240 68 distinguo:
2122 1223 120 68 aut
2173 1223 103 68 enim

514 1274 237 73 innotescit
700 1274 135 73 illi
785 1274 118 73 qui
852 1274 186 73 recepit
988 1274 135 73 quod
1072 1274 135 73 dans
1157 1274 101 73 se
1208 1274 152 73 velit
1309 1274 169 73 licite
1427 1274 85 73 &
1461 1274 118 73 pro
1529 1274 118 73 deo
1596 1274 271 73 depauperare:
1816 1274 135 73 tunc
1901 1274 118 73 non
1969 1274 186 73 tenetur
2087 1274 186 73 restitue-

505 1333 126 70 re:
577 1333 144 70 quia
667 1333 289 70 praesumendum
902 1333 126 70 est
974 1333 144 70 quod
1065 1333 144 70 dans
1155 1333 108 70 de
1209 1333 235 70 remanenti
1389 1333 217 70 intendat
1552 1333 271 70 restituere:
1769 1333 108 70 et
1823 1333 144 70 quod
1913 1333 108 70 de
1967 1333 144 70 bono
2057 1333 181 70 voluit
2184 1333 126 70 da-

513 1386 137 67 rei.
598 1386 120 67 Aut
667 1386 154 67 illud
770 1386 120 67 non
838 1386 240 67 innotescit
1026 1386 257 67 recipienti.
1232 1386 103 67 in
1283 1386 120 67 hoc
1352 1386 137 67 casu
1437 1386 137 67 dico
1523 1386 137 67 quod
1608 1386 103 67 ad
1660 1386 291 67 restitutionem
1899 1386 188 67 tenetur
2036 1386 154 67 vsque
2139 1386 103 67 ad
2173 1386 103 67 sum-

503 1449 128 70 mam
576 1449 292 70 restituendam
813 1449 109 70 si
868 1449 182 70 tantum
995 1449 219 70 recepit:
1159 1449 146 70 quia
1251 1449 128 70 non
1324 1449 128 70 est
1397 1449 292 70 praesumendum
1634 1449 146 70 quod
1725 1449 146 70 ille
1816 1449 109 70 ad
1871 1449 182 70 victum
1998 1449 274 70 necessarium
2199 1449 73 70 vo

500 1503 132 73 luit
583 1503 165 73 tantum
699 1503 165 73 tenere
815 1503 99 73 de
864 1503 149 73 malo:
964 1503 132 73 immo
1046 1503 165 73 potius
1162 1503 132 73 quod
1245 1503 165 73 tantum
1360 1503 99 73 de
1410 1503 149 73 bono.
1509 1503 99 73 Et
1559 1503 132 73 ideo
1642 1503 116 73 vel
1708 1503 99 73 ex
1757 1503 165 73 natura
1873 1503 116 73 rei
1939 1503 149 73 datae
2038 1503 116 73 vel
2105 1503 99 73 ex
2138 1503 132 73 inten-

506 1558 165 68 tione
616 1558 184 68 dantis
744 1558 147 68 iste
836 1558 110 68 ad
891 1558 312 68 restitutionem
1148 1558 220 68 tenetur.
1313 1558 220 68 Secundum
1479 1558 129 68 has
1552 1558 184 68 igitur
1681 1558 312 68 distinctiones
1938 1558 184 68 plures
2066 1558 147 68 puto
2158 1558 147 68 quod

503 1608 203 72 oportet
650 1608 111 72 ad
706 1608 166 72 istam
816 1608 277 72 quaestionem
1038 1608 277 72 respondere.
1259 1608 111 72 Et
1314 1608 166 72 patet
1425 1608 111 72 in
1481 1608 185 72 quibus
1610 1608 203 72 casibus
1757 1608 203 72 oportet
1905 1608 166 72 fieri
1997 1608 277 72 restitutionem

504 1663 174 75 dati,
620 1663 97 75 &
658 1663 116 75 in
716 1663 193 75 quibus
851 1663 270 75 nequaquam.
1064 1663 135 75 PER
1141 1663 135 75 iam
1218 1663 174 75 dicta
1334 1663 193 75 patent
1469 1663 232 75 obiecta.
1643 1663 116 75 AD
1701 1663 174 75 illud
1817 1663 154 75 ergo
1913 1663 154 75 quod
2010 1663 174 75 primo
2106 1663 174 75 argueba

499 1717 127 72 tur
571 1717 109 72 de
626 1717 199 72 liberis
771 1717 308 72 succedentibus
1024 1717 163 72 patri
1133 1717 109 72 si
1187 1717 181 72 adeunt
1314 1717 290 72 haereditatem
1549 1717 217 72 paternam
1712 1717 145 72 quod
1803 1717 181 72 manent
1930 1717 217 72 obligati
2093 1717 109 72 ad
2129 1717 145 72 resti-

495 1773 195 73 tuenda
632 1773 176 73 omnia
749 1773 98 73 a
788 1773 273 73 parentibus
1003 1773 156 73 male
1101 1773 273 73 acquisita:
1315 1773 234 73 Dicendum
1491 1773 137 73 est
1569 1773 156 73 quod
1667 1773 176 73 verum
1784 1773 156 73 est:
1882 1773 117 73 Et
1940 1773 137 73 hoc
2018 1773 293 73 quemadmodum

496 1826 260 76 obligantur
701 1826 149 76 illi
794 1826 186 76 quibus
924 1826 167 76 simul
1035 1826 167 76 omnia
1147 1826 149 76 bona
1240 1826 242 76 donantur:
1426 1826 130 76 vel
1500 1826 112 76 in
1556 1826 260 76 testamento
1760 1826 130 76 vel
1835 1826 242 76 donatione
2020 1826 167 76 inter
2113 1826 149 76 viuos.

508 1887 211 72 Siquidem
667 1887 105 72 de
719 1887 176 72 illis,
842 1887 88 72 &
878 1887 105 72 de
930 1887 193 72 liberis
1071 1887 299 72 succedentibus
1317 1887 176 72 omnino
1440 1887 123 72 est
1510 1887 193 72 simile.
1651 1887 105 72 de
1704 1887 158 72 aliis
1809 1887 141 72 vero
1897 1887 316 72 nequaquamcuius
2143 1887 123 72 causa

502 1934 168 77 patet
614 1934 112 77 ex
670 1934 317 77 determinatis.
931 1934 112 77 Ad
987 1934 224 77 secundum
1155 1934 131 77 quo
1230 1934 280 77 assumebatur
1453 1934 149 77 quod
1546 1934 112 77 de
1602 1934 224 77 quolibet
1770 1934 131 77 cui
1845 1934 205 77 aliquid
1994 1934 205 77 donatur
2143 1934 112 77 de
2180 1934 75 77 il

495 1992 131 82 lis
570 1992 168 82 bonis
682 1992 187 82 dubium
813 1992 131 82 est
887 1992 112 82 an
943 1992 112 82 ei
999 1992 168 82 detur
1111 1992 112 82 de
1167 1992 149 82 bono
1261 1992 112 82 an
1317 1992 112 82 de
1373 1992 168 82 malo:
1485 1992 224 82 Dicendum
1653 1992 149 82 quod
1746 1992 131 82 non
1821 1992 131 82 est
1896 1992 187 82 verum:
2026 1992 149 82 immo
2120 1992 112 82 in
2157 1992 112 82 plu-

498 2041 151 88 ribus
599 2041 184 88 casibus
733 2041 168 88 certum
850 2041 117 88 est
917 2041 117 88 vel
984 2041 134 88 vere
1068 2041 117 88 vel
1135 2041 302 88 praesupposite,
1387 2041 134 88 quod
1470 2041 117 88 non
1537 2041 151 88 datur
1638 2041 101 88 ei
1688 2041 134 88 nisi
1772 2041 101 88 de
1822 2041 151 88 bono:
1923 2041 101 88 vt
1973 2041 168 88 patere
2091 2041 168 88 potest
2191 2041 84 88 dis

506 2116 220 69 currendo
671 2116 128 69 per
744 2116 165 69 casus
854 2116 128 69 iam
927 2116 256 69 expositos.
1128 2116 147 69 Quod
1220 2116 165 69 autem
1330 2116 147 69 dico
1421 2116 110 69 de
1476 2116 165 69 bono:
1586 2116 238 69 intelligo
1769 2116 110 69 de
1824 2116 147 69 bene
1916 2116 92 69 &
1953 2116 165 69 iuste
2044 2116 220 69 acquisito:

497 2152 98 85 &
537 2152 256 85 similiter
734 2152 118 85 de
793 2152 158 85 malo
891 2152 138 85 pro
970 2152 158 85 male
1069 2152 256 85 acquisito
1265 2152 177 85 licet
1384 2152 118 85 in
1443 2152 118 85 se
1502 2152 177 85 bonum
1620 2152 158 85 sit.
1718 2152 118 85 AD
1778 2152 276 85 argumentum
1994 2152 118 85 in
2034 2152 236 85 oppositum:

508 2223 121 62 quo
577 2223 258 62 assumebatur
783 2223 138 62 quod
870 2223 155 62 omnes
973 2223 86 62 a
1007 2223 207 62 talibus.
1162 2223 103 62 i.
1214 2223 86 62 a
1249 2223 138 62 male
1335 2223 224 62 acquisita
1507 2223 293 62 possidentibus
1748 2223 224 62 accipiunt
1920 2223 121 62 aut
1989 2223 103 62 in
2041 2223 155 62 donum
2144 2223 155 62 autem

505 2273 108 73 in
559 2273 287 73 eleemosynam:
792 2273 215 73 dicendum
954 2273 144 73 quod
1043 2273 108 73 de
1097 2273 179 73 nemine
1223 2273 197 73 habente
1366 2273 215 73 alicuius
1528 2273 251 73 religionis
1725 2273 126 73 aut
1797 2273 269 73 sanctitatis
2012 2273 215 73 speciem:
2155 2273 108 73 prae

507 2318 201 88 sumendum
658 2318 117 88 est
725 2318 134 88 quod
808 2318 100 88 in
858 2318 167 88 aliquo
975 2318 134 88 casu
1059 2318 134 88 nisi
1142 2318 167 88 licito
1259 2318 167 88 absque
1376 2318 134 88 omni
1460 2318 267 88 restitutione
1677 2318 201 88 facienda
1828 2318 201 88 accipiat
1978 2318 84 88 a
2011 2318 184 88 talibus
2145 2318 150 88 quic-

502 2369 145 94 quam.
599 2369 113 94 sed
663 2369 113 94 qui
728 2369 210 94 accipiant
889 2369 161 94 aliter
1002 2369 129 94 ipsi
1083 2369 194 94 viderint
1228 2369 129 94 quid
1308 2369 194 94 faciant:
1454 2369 113 94 non
1518 2369 129 94 enim
1599 2369 226 94 verisimile
1776 2369 113 94 est
1841 2369 113 94 eos
1905 2369 161 94 licite
2018 2369 210 94 recipere,
2179 2369 113 94 led

502 2439 114 93 ad
559 2439 322 93 restitutionem
805 2439 170 93 teneri.

1113 2574 258 120 Sequitur
1286 2574 215 120 quaestio

1181 2657 244 88 xxvi.

821 2725 154 105 lrca
917 2725 211 105 tertium
1070 2725 134 105 quo
1147 2725 288 105 quaerebatur
1378 2725 115 105 de
1435 2725 269 105 recipiente
1647 2725 134 105 pro
1723 2725 173 105 mutuo
1839 2725 211 105 aliquid
1992 2725 173 105 vltra
2088 2725 173 105 forte:.

828 2813 165 85 nullo
938 2813 165 85 tamen
1048 2813 312 85 interueniente
1304 2813 183 85 pacto:
1433 2813 165 85 vtrum
1543 2813 165 85 talis
1653 2813 220 85 teneatur
1818 2813 110 85 ad
1873 2813 312 85 restitutionem
2111 2813 147 85 illius

827 2882 152 73 quod
922 2882 171 73 vltra
1036 2882 190 73 fortem
1169 2882 133 73 seu
1245 2882 171 73 mutuo
1359 2882 171 73 datum
1473 2882 228 73 recepit:
1643 2882 266 73 arguebatur
1852 2882 171 73 primo
1966 2882 152 73 quod
2042 2882 209 73 recipiens

835 2935 135 71 pro
912 2935 173 71 mutuo
1027 2935 135 71 non
1104 2935 115 71 ex
1162 2935 173 71 pacto
1277 2935 212 71 aliquid
1431 2935 135 71 non
1508 2935 231 71 teneatur
1682 2935 115 71 ad
1739 2935 346 71 restitutionem:
2028 2935 154 71 quia
2124 2935 135 71 non
2182 2935 77 71 ma

839 2990 121 77 gis
908 2990 190 77 tenetur
1046 2990 241 77 restituere
1235 2990 121 77 qui
1304 2990 190 77 aliquid
1442 2990 190 77 recipit
1580 2990 103 77 ex
1632 2990 155 77 vsura
1735 2990 155 77 vltra
1838 2990 190 77 fortem:
1976 2990 138 77 quam
2045 2990 207 77 teneturre-

819 3026 197 79 signare
962 3026 143 79 ille
1052 3026 125 79 qui
1123 3026 197 79 aliquod
1267 3026 251 79 beneficium
1463 3026 215 79 obtinuit
1625 3026 107 79 ex
1678 3026 197 79 simonia
1821 3026 197 79 mentali
1965 3026 143 79 sine
2054 3026 179 79 pacto.
2179 3026 107 79 Sd

491 3097 224 74 recipiens
663 3097 241 74 beneficium
852 3097 103 74 ex
904 3097 189 74 simonia
1041 3097 206 74 mentali,
1196 3097 103 74 si
1248 3097 172 74 nullum
1368 3097 275 74 interuenerit
1592 3097 189 74 pactum:
1730 3097 155 74 licet
1833 3097 189 74 peccet,
1971 3097 120 74 non
2040 3097 155 74 tamen
2126 3097 120 74 tene-

500 3139 123 72 tur
571 3139 106 72 ad
624 3139 300 72 resignationem
870 3139 247 72 beneficii,
1064 3139 106 72 vt
1117 3139 194 72 dicitur
1258 3139 159 72 extra
1364 3139 106 72 de
1417 3139 211 72 simonia.
1575 3139 141 72 cap.
1663 3139 194 72 vltimo,
1804 3139 123 72 vbi
1875 3139 211 72 dicitur.
2016 3139 229 72 Quaenuillum

501 3197 193 77 pacto:
636 3197 135 77 sed
713 3197 213 77 affectu
868 3197 174 77 animi
984 3197 271 77 procedente
1196 3197 309 77 acquiruntur:
1448 3197 348 77 relinquentibus
1738 3197 232 77 sufficit
1911 3197 135 77 per
1989 3197 174 77 solam
2085 3197 155 77 poeni-

502 3246 184 99 tentiam
636 3246 117 99 suo
703 3246 250 99 satisfacere
903 3246 217 99 creatori.
1070 3246 167 99 eosque
1187 3246 117 99 pro
1254 3246 184 99 simonia
1387 3246 117 99 pro
1454 3246 217 99 huiusmodi
1621 3246 117 99 non
1688 3246 184 99 teneri.
1822 3246 134 99 ergo
1905 3246 117 99 qui
1972 3246 184 99 aliquid
2089 3246 150 99 recipit
