2409 3706
499 283 140 79 illud
593 283 124 79 quod
670 283 171 79 notatur
795 283 93 79 id
842 283 218 79 staestione
1013 283 93 79 i.
1059 283 140 79 super
1152 283 202 79 capitulum
1308 283 218 79 Quicumque.
1479 283 109 79 vbi
1541 283 187 79 dicitur.
1681 283 140 79 Hodie
1774 283 124 79 sola
1852 283 233 79 poenitentia
2039 283 109 79 cum
2085 283 187 79 resignatio

503 353 102 57 ne
554 353 272 57 acquisitorum
775 353 204 57 sufficit
927 353 119 57 cum
995 353 187 57 simonia
1131 353 102 57 in
1182 353 153 57 anima
1284 353 221 57 vtriusque
1453 353 238 57 gerebatur.
1640 353 102 57 Et
1691 353 119 57 hoc
1759 353 119 57 est
1827 353 187 57 necesse
1963 353 102 57 in
2013 353 136 57 foro
2081 353 187 57 conscien-

502 407 155 65 tiae:
605 407 155 65 licet
708 407 103 65 in
760 407 120 65 hoc
829 407 138 65 modo
915 407 206 65 simoniae
1070 407 172 65 nuilus
1190 407 172 65 potest
1310 407 103 65 ad
1362 407 293 65 resignationem
1603 407 155 65 cogi:
1706 407 138 65 quia
1792 407 155 65 coram
1895 407 206 65 ecclesia
2050 407 155 65 super
2154 407 103 65 ea
2188 407 86 65 non

499 464 177 64 potest
623 464 213 64 probatio
783 464 195 64 haberi.
925 464 195 64 Propter
1067 464 142 64 quid
1156 464 160 64 talis
1262 464 160 64 modus
1369 464 124 64 quo
1440 464 106 64 ad
1493 464 213 64 iudicium
1653 464 231 64 ecclesiae
1830 464 106 64 in
1884 464 142 64 foro
1972 464 266 64 contentioso
2168 464 106 64 simo

509 514 121 67 nia
578 514 121 67 non
647 514 242 67 reputatur:
838 514 208 67 reputari
993 514 156 67 autem
1097 514 156 67 debet
1201 514 121 67 quo
1270 514 104 67 ad
1322 514 208 67 iudicium
1478 514 225 67 ecclesiae
1651 514 104 67 in
1703 514 138 67 foro
1789 514 294 67 conscientiae.
2032 514 138 67 Vnde
2118 514 104 67 si
2153 514 121 67 intem

494 565 123 75 tio
565 565 229 75 simoniaca
741 565 159 75 circa
847 565 141 75 tale
935 565 176 75 factum
1059 565 176 75 posset
1182 565 212 75 probari,
1341 565 159 75 etiam
1447 565 106 75 si
1500 565 159 75 nulla
1606 565 176 75 pactio
1729 565 300 75 interueniret:
1976 565 106 75 vt
2029 565 247 75 simoniacus
2205 565 71 75 pu

501 628 176 61 niretur
629 628 240 61 conmittens.
820 628 96 61 vt
868 628 80 61 i
900 628 112 61 est
964 628 128 61 estd
1044 628 112 61 ii.
1108 628 256 61 Reperiuntur.
1316 628 128 61 Vnde
1396 628 128 61 quod
1475 628 144 61 dicit
1571 628 144 61 Glos.
1667 628 160 61 super.
1779 628 176 61 decret.
1907 628 112 61 Tua
1971 628 128 61 nos,
2050 628 128 61 quod
2130 628 112 61 non
2178 628 96 61 sunt

491 677 247 58 simoniaci
681 677 209 58 quantum
833 677 114 58 ad
890 677 266 58 ecclesiam,
1099 677 171 58 verum
1213 677 133 58 est
1289 677 114 58 in
1346 677 152 58 foro
1442 677 285 58 contentioso
1670 677 114 58 in
1727 677 133 58 quo
1803 677 133 58 non
1879 677 247 58 iudicatur
2050 677 228 58 simoniacus

502 728 136 59 quia
587 728 119 59 non
655 728 171 59 potest
775 728 205 59 probari:
928 728 119 59 sed
997 728 154 59 alias
1099 728 136 59 bene
1184 728 188 59 iudicat
1321 728 136 59 esse
1406 728 205 59 peccatum
1560 728 102 59 si
1611 728 136 59 sit,
1696 728 85 59 &
1730 728 154 59 licet
1832 728 119 59 sit
1901 728 222 59 occultum.
2071 728 102 59 Et
2105 728 171 59 secundum

501 779 123 68 hoc
572 779 193 68 debemus
712 779 176 68 dicere
836 779 141 68 quod
924 779 141 68 sola
1012 779 158 68 mente
1117 779 158 68 talis
1223 779 193 68 simonia
1363 779 281 68 committitur:
1592 779 193 68 propter
1733 779 141 68 quam
1821 779 106 68 in
1873 779 141 68 foro
1961 779 281 68 conscientiae
2190 779 123 68 de-

503 836 124 55 bet
574 836 142 55 quis
663 836 248 55 renunciare
857 836 230 55 percepto.
1035 836 106 55 In
1088 836 177 55 duobus
1212 836 159 55 autem
1318 836 159 55 modis
1424 836 212 55 alterius
1583 836 195 55 speciei
1725 836 212 55 simoniae
1884 836 124 55 non
1955 836 124 55 est
2026 836 142 55 plus
2115 836 106 55 de
2150 836 124 55 ratio

499 889 98 57 ne
548 889 179 57 peccati
678 889 130 57 quam
759 889 114 57 est
824 889 98 57 de
873 889 179 57 ratione
1003 889 293 57 prohibitionis.
1247 889 130 57 quia
1328 889 130 57 quod
1410 889 98 57 in
1459 889 114 57 eis
1524 889 114 57 est
1589 889 211 57 peccatum:
1751 889 114 57 hoc
1816 889 195 57 procedit
1963 889 98 57 ex
2012 889 277 57 prohibitione,
2223 889 49 57 &

510 943 106 66 per
570 943 211 66 consequens
736 943 106 66 non
797 943 166 66 debetur
917 943 91 66 ei
963 943 121 66 plus
1038 943 91 66 de
1083 943 166 66 ratione
1204 943 151 66 poenae
1309 943 121 66 quam
1385 943 136 66 habet
1475 943 91 66 ex
1521 943 241 66 prohibitione
1717 943 91 66 de
1762 943 166 66 ratione
1883 943 181 66 peccati.
2019 943 106 66 Est
2079 943 151 66 igitur
2169 943 106 66 scien

505 1002 124 63 dum
576 1002 142 63 quod
665 1002 124 63 per
735 1002 230 63 ecclesiam
912 1002 230 63 aliquando
1089 1002 195 63 aliquid
1231 1002 248 63 prohibetur
1426 1002 248 63 tantummodo
1620 1002 106 63 ne
1673 1002 159 63 fiat:
1779 1002 88 63 &
1815 1002 142 63 tunc
1903 1002 177 63 factum
2027 1002 177 63 tenet:
2151 1002 106 63 vt
2187 1002 88 63 est

500 1055 253 61 prohibitio
699 1055 108 61 ne
753 1055 271 61 matrimonium
970 1055 253 61 celebretur
1169 1055 108 61 in
1223 1055 253 61 temporibus
1422 1055 108 61 ad
1476 1055 127 61 hoc
1548 1055 289 61 interdictis.
1783 1055 235 61 Aliquando
1964 1055 145 61 vero
2054 1055 217 61 prohibet
2199 1055 72 61 ne

513 1103 163 65 possit
627 1103 163 65 fieri:
741 1103 82 65 &
774 1103 114 65 sic
839 1103 114 65 nec
904 1103 163 65 factum
1019 1103 163 65 tenet,
1133 1103 98 65 vt
1182 1103 114 65 est
1247 1103 228 65 prohibitio
1426 1103 98 65 ne
1475 1103 179 65 feratur
1606 1103 228 65 iudicialis
1785 1103 212 65 sententia
1949 1103 98 65 in
1998 1103 114 65 die
2063 1103 196 65 feriato.
2193 1103 82 65 Pri

503 1161 104 57 mo
555 1161 139 57 modo
641 1161 191 57 simonia
780 1161 208 57 mentalis
937 1161 174 57 tantum
1058 1161 104 57 in
1110 1161 191 57 secunda
1249 1161 174 57 specie
1370 1161 208 57 simoniae
1527 1161 121 57 est
1596 1161 208 57 peccatum
1752 1161 104 57 ex
1804 1161 295 57 prohibitione.
2047 1161 104 57 Et
2099 1161 139 57 ideo
2186 1161 121 57 non

499 1212 194 65 oportet
640 1212 106 65 in
693 1212 106 65 ea
746 1212 141 65 nisi
834 1212 264 65 satisfacere
1045 1212 123 65 deo
1116 1212 123 65 per
1186 1212 299 65 poenitentiam,
1433 1212 88 65 &
1468 1212 123 65 non
1538 1212 194 65 oportet
1679 1212 264 65 renunciare.
1891 1212 194 65 Secundo
2031 1212 141 65 modo
2102 1212 176 65 peccatum

499 1267 106 69 ex
552 1267 284 69 prohibitione
783 1267 124 69 est
854 1267 195 69 simonia
996 1267 124 69 non
1067 1267 213 69 mentalis
1227 1267 106 69 in
1280 1267 195 69 secunda
1422 1267 195 69 specie:
1564 1267 89 69 &
1600 1267 142 69 ideo
1688 1267 177 69 factum
1813 1267 124 69 per
1884 1267 124 69 cam
1955 1267 124 69 non
2026 1267 177 69 tenet,
2150 1267 89 69 &
2168 1267 106 69 opor

508 1319 130 70 tet
583 1319 260 70 renunciare
787 1319 242 70 percepto:
974 1319 130 70 cum
1048 1319 130 70 hoc
1122 1319 149 70 quod
1215 1319 205 70 oportet
1364 1319 167 70 agere
1476 1319 298 70 poenitentiam
1718 1319 149 70 deo.
1811 1319 223 70 Dicendum
1978 1319 149 70 ergo
2071 1319 112 70 ad
2109 1319 167 70 argumen

504 1371 118 66 tum
572 1371 135 66 quod
656 1371 152 66 licet
757 1371 101 66 in
808 1371 185 66 simonia
942 1371 185 66 mentali
1077 1371 135 66 quae
1162 1371 118 66 est
1229 1371 202 66 peccatum
1381 1371 101 66 ex
1431 1371 135 66 sola
1515 1371 270 66 prohibitione
1735 1371 236 66 ecclesiae,
1920 1371 118 66 non
1987 1371 185 66 oportet
2105 1371 169 66 resigna-

506 1424 119 71 re:
574 1424 153 71 tamen
676 1424 102 71 ex
726 1424 136 71 illa
811 1424 186 71 simonia
947 1424 186 71 mentali
1082 1424 136 71 quae
1167 1424 119 71 est
1235 1424 203 71 peccatum
1388 1424 102 71 ex
1438 1424 170 71 natura
1557 1424 170 71 facti:
1676 1424 102 71 in
1727 1424 136 71 illa
1811 1424 186 71 oportet
1947 1424 220 71 resignare
2116 1424 136 71 quae
2184 1424 85 71 per

508 1479 179 56 solam
627 1479 239 56 simoniam
806 1479 239 56 mentalem
985 1479 278 56 acceperat.
1204 1479 159 56 Nunc
1304 1479 179 56 autem
1423 1479 179 56 vsura
1542 1479 179 56 etiam
1662 1479 239 56 mentalis
1841 1479 159 56 quia
1940 1479 278 56 comparatur
2139 1479 139 56 simo-

504 1532 136 58 niae
589 1532 187 58 mentali
725 1532 136 58 quae
810 1532 119 58 est
878 1532 187 58 simonia
1015 1532 102 58 ex
1066 1532 170 58 natura
1185 1532 136 58 rei:
1270 1532 102 58 eo
1321 1532 136 58 quod
1406 1532 119 58 non
1474 1532 119 58 est
1542 1532 187 58 aliquis
1678 1532 153 58 modus
1780 1532 170 58 vsurae
1900 1532 102 58 ex
1951 1532 272 58 prohibitione
2155 1532 119 58 sicut

509 1587 121 58 est
578 1587 156 58 modus
682 1587 225 58 simoniae,
855 1587 104 58 vt
907 1587 156 58 patet
1011 1587 104 58 ex
1063 1587 260 58 praedictis:
1270 1587 190 58 idcirco
1409 1587 104 58 in
1461 1587 138 58 omni
1547 1587 156 58 vsura
1651 1587 190 58 mentali
1789 1587 156 58 etiam
1893 1587 190 58 oportet
2032 1587 242 58 restituere
2205 1587 69 58 re

507 1640 194 60 ceptum:
649 1640 159 60 licet
755 1640 124 60 non
825 1640 106 60 in
878 1640 141 60 omni
966 1640 194 60 simonia
1108 1640 265 60 renunciare.
1320 1640 124 60 nec
1390 1640 177 60 restat
1514 1640 106 60 in
1567 1640 177 60 aliquo
1690 1640 141 60 quod
1779 1640 141 60 dans
1867 1640 124 60 pro
1938 1640 159 60 mutuo
2043 1640 124 60 dat
2114 1640 194 60 gratis:

508 1696 163 58 sicut
616 1696 163 58 nihil
725 1696 217 58 restabat
888 1696 108 58 ad
942 1696 217 58 simoniam
1105 1696 163 58 Giezi
1213 1696 145 58 quod
1303 1696 181 58 gratis
1430 1696 163 58 dedit
1538 1696 181 58 Naaman
1647 1696 235 58 vestimenta.

851 1733 145 74 Irca
941 1733 199 74 quartum
1086 1733 217 74 arguitur
1249 1733 145 74 quod
1339 1733 235 74 recipiens
1520 1733 108 74 de
1574 1733 163 74 bonis
1682 1733 217 74 alterius
1845 1733 199 74 quantum
1990 1733 145 74 sibi
2080 1733 145 74 ille
2152 1733 127 74 tene-

850 1801 148 59 tur,
943 1801 111 59 ad
999 1801 315 59 restitutionem
1259 1801 241 59 teneatur,
1444 1801 148 59 quia
1537 1801 111 59 vt
1593 1801 186 59 dictum
1722 1801 130 59 est
1797 1801 167 59 supra
1908 1801 130 59 per
1982 1801 278 59 Augustinum,
2186 1801 93 59 Non

855 1854 251 56 dimittitur
1052 1854 215 56 peccatum
1214 1854 126 56 &c.
1286 1854 143 56 ltem
1375 1854 108 56 si
1429 1854 179 56 posset
1555 1854 197 56 probari
1698 1854 143 56 quod
1788 1854 126 56 sic
1859 1854 197 56 alienum
2003 1854 251 56 detineret:
2182 1854 90 56 co-

847 1907 200 72 geretur
993 1907 128 72 per
1065 1907 237 72 ecclesiam
1248 1907 109 72 ad
1302 1907 328 72 restitutionem:
1576 1907 91 72 &
1612 1907 128 72 hoc
1685 1907 128 72 non
1758 1907 146 72 nisi
1849 1907 146 72 quia
1940 1907 200 72 tenetur
2068 1907 200 72 restitue-

851 1965 135 55 re.
928 1965 154 55 ergo
1024 1965 135 55 &c.
1101 1965 212 55 CONtra.
1256 1965 135 55 per
1333 1965 135 55 hoc
1410 1965 174 55 esset
1526 1965 154 55 reus
1622 1965 116 55 in
1680 1965 174 55 lucro
1796 1965 96 55 &
1834 1965 231 55 innocens
2008 1965 116 55 in
2066 1965 193 55 damno:
2182 1965 96 55 nec

815 2008 216 76 haberet
973 2008 295 76 vnusquisque
1208 2008 157 76 quod
1306 2008 157 76 suum
1405 2008 157 76 est.
1503 2008 157 76 ergo
1601 2008 138 76 &c.
1680 2008 138 76 HIC
1758 2008 216 76 oportet
1915 2008 295 76 distinguere
2151 2008 118 76 de
2190 2008 79 76 mo

512 2072 102 66 do
563 2072 120 66 quo
631 2072 137 66 iste
717 2072 222 66 occupauit
888 2072 137 66 bona
973 2072 137 66 eius
1058 2072 120 66 qui
1127 2072 222 66 obligatus
1298 2072 120 66 est
1366 2072 120 66 ei,
1434 2072 85 66 &
1468 2072 102 66 de
1520 2072 171 66 quibus
1639 2072 120 66 pro
1707 2072 171 66 debito
1827 2072 137 66 sibi
1912 2072 137 66 vult
1998 2072 239 66 satisfieri
2186 2072 120 66 per

505 2124 292 65 detentionem,
742 2124 109 65 vt
797 2124 164 65 paulo
906 2124 182 65 altius
1034 2124 274 65 prosequamur
1253 2124 274 65 quaestionem
1471 2124 146 65 quam
1563 2124 182 65 fuerit
1690 2124 255 65 proposita.
1891 2124 201 65 Quoniam
2037 2124 164 65 talis
2146 2124 128 65 aut
2201 2124 73 65 oc

515 2178 194 65 cupauit
656 2178 141 65 bona
745 2178 141 65 illa
833 2178 106 65 de
886 2178 176 65 quibus
1009 2178 141 65 vult
1097 2178 265 65 satisfacere
1309 2178 123 65 per
1380 2178 282 65 detentionem,
1609 2178 159 65 clam:
1715 2178 123 65 aut
1785 2178 229 65 violenter
1962 2178 247 65 auferendo:
2156 2178 123 65 aut
2208 2178 71 65 ne

510 2229 159 75 gotia
616 2229 141 75 eius
705 2229 212 75 gerendo.
864 2229 106 75 Si
917 2229 159 75 primo
1023 2229 159 75 modo,
1129 2229 141 75 tunc
1217 2229 106 75 ad
1270 2229 124 75 duo
1341 2229 159 75 facta
1447 2229 177 75 illius
1571 2229 141 75 debe
1659 2229 124 75 mus
1730 2229 230 75 aspicere:
1907 2229 212 75 scilicet
2066 2229 88 75 &
2101 2229 106 75 ad
2154 2229 159 75 bono-

510 2279 136 75 rum
587 2279 214 75 illorum
743 2279 331 75 subtractionem
1016 2279 97 75 &
1055 2279 175 75 modum
1172 2279 312 75 subtrahendi,
1425 2279 97 75 &
1464 2279 117 75 ad
1522 2279 214 75 ipsorum
1678 2279 292 75 detentionem
1912 2279 195 75 absque
2048 2279 175 75 animo
2146 2279 136 75 resti

520 2334 201 65 tuendi.
666 2334 110 65 Si
721 2334 147 65 vero
813 2334 275 65 respiciamus
1033 2334 110 65 ad
1087 2334 165 65 ipsam
1197 2334 311 65 subtractionem
1454 2334 92 65 &
1490 2334 165 65 modum
1600 2334 293 65 subtrahendi:
1838 2334 183 65 dicunt
1967 2334 183 65 aliqui
2095 2334 147 65 quod
2186 2334 128 65 ta-

517 2394 114 59 lis
582 2394 98 59 in
631 2394 245 59 subtrahendo
827 2394 114 59 non
892 2394 180 59 peccat:
1023 2394 98 59 eo
1072 2394 131 59 quod
1154 2394 131 59 ille
1235 2394 114 59 sua
1301 2394 180 59 detinet
1432 2394 229 59 iniuriose:
1611 2394 82 59 &
1644 2394 147 59 bonum
1742 2394 114 59 est
1807 2394 131 59 illi
1889 2394 98 59 vt
1938 2394 278 59 subtrahantur,
2167 2394 82 59 &
2199 2394 82 59 a
2216 2394 65 59 de

510 2447 129 74 bito
590 2447 225 74 liberetur.
768 2447 81 74 &
800 2447 113 74 sic
864 2447 129 74 quid
945 2447 129 74 iste
1025 2447 161 74 facit:
1138 2447 145 74 iuste
1234 2447 145 74 facit
1331 2447 97 74 ex
1379 2447 145 74 parte
1476 2447 129 74 sui,
1556 2447 81 74 &
1589 2447 290 74 misericorditer
1830 2447 97 74 ex
1878 2447 145 74 parte
1975 2447 177 74 illius:
2104 2447 81 74 &
2136 2447 129 74 ideo
2200 2447 81 74 non

507 2502 256 68 iniuriose.
708 2502 220 68 rationem
873 2502 165 68 autem
983 2502 201 68 peccati
1129 2502 128 68 non
1202 2502 201 68 haberet
1349 2502 110 68 in
1404 2502 293 68 subtrahendo,
1641 2502 146 68 nisi
1733 2502 238 68 iniuriose
1916 2502 293 68 subtraheret.
2154 2502 128 68 Hoc
2209 2502 73 68 di

512 2556 159 67 ctum
612 2556 159 67 suum
711 2556 239 67 videntur
890 2556 278 67 confirmare
1108 2556 139 67 per
1188 2556 298 67 Augustinum:
1426 2556 139 67 qui
1506 2556 119 67 in
1566 2556 239 67 epistola
1744 2556 119 67 ad
1804 2556 278 67 Macedonium
2023 2556 239 67 Comitem,
2182 2556 99 67 vbi

515 2614 160 66 casum
622 2614 160 66 huius
729 2614 267 66 quaestionis
942 2614 196 66 tangere
1085 2614 214 66 videtur:
1245 2614 125 66 sic
1316 2614 178 66 dicit.
1441 2614 196 66 Quaeris
1583 2614 89 66 a
1619 2614 107 66 me
1672 2614 125 66 cur
1743 2614 214 66 officium
1903 2614 249 66 sacerdotii
2099 2614 142 66 esse
2188 2614 125 66 di-

508 2658 158 61 cimus
614 2658 264 61 interuenire
825 2658 123 61 pro
895 2658 158 61 reis:
1000 2658 88 61 &
1036 2658 141 61 nisi
1123 2658 246 61 obtineamus
1317 2658 211 61 offendi.
1475 2658 88 61 &
1510 2658 176 61 infra.
1633 2658 176 61 Neutri
1756 2658 193 61 nostrum
1896 2658 193 61 placeat
2037 2658 141 61 quod
2125 2658 123 61 res
2195 2658 123 61 non

509 2718 212 68 reddatur
668 2718 194 68 aliena:
809 2718 159 68 neque
915 2718 141 68 apud
1003 2718 123 68 cor
1074 2718 141 68 meum
1162 2718 123 68 cui
1232 2718 176 68 testis
1356 2718 123 68 est
1426 2718 159 68 deus,
1532 2718 159 68 ausim
1638 2718 194 68 dicere,
1779 2718 212 68 sentire,
1938 2718 229 68 decernere
2097 2718 176 68 interue-

502 2769 194 55 niendum
643 2769 141 55 esse
732 2769 123 55 pro
802 2769 176 55 aliquo
926 2769 106 55 vt
979 2769 141 55 quod
1067 2769 194 55 scelere
1208 2769 212 55 abstulit
1367 2769 247 55 impunitate
1561 2769 212 55 sceleris
1720 2769 247 55 possideat:
1914 2769 123 55 sed
1984 2769 106 55 vt
2037 2769 194 55 remissa
2161 2769 123 55 iniu-

508 2819 112 68 ria
572 2819 128 68 quod
652 2819 208 68 iniuriose
813 2819 192 68 abstulit
957 2819 176 68 reddat:
1085 2819 96 68 si
1133 2819 144 68 tamen
1230 2819 144 68 habet
1326 2819 128 68 quid
1406 2819 192 68 abstulit
1550 2819 112 68 vel
1614 2819 144 68 aliud
1711 2819 128 68 vnde
1791 2819 144 68 illud
1887 2819 225 68 restituat.
2063 2819 80 68 &
2096 2819 128 68 tunc
2160 2819 128 68 conti-

508 2877 129 59 nuo
581 2877 221 59 sequitur
747 2877 240 59 intentum.
932 2877 129 59 Non
1005 2877 148 59 sane
1098 2877 221 59 quicquid
1264 2877 111 59 ab
1319 2877 184 59 inuito
1448 2877 203 59 sumitur
1596 2877 240 59 iniuriose
1780 2877 240 59 aufertur.
1964 2877 129 59 Nam
2038 2877 221 59 plerique
2186 2877 92 59 nec

514 2924 187 73 medico
645 2924 187 73 volunt
776 2924 206 73 reddere
926 2924 206 73 honorem
1076 2924 168 73 suum:
1188 2924 131 73 nec
1263 2924 225 73 operario
1432 2924 243 73 mercedem.
1619 2924 131 73 Nec
1694 2924 168 73 tamen
1806 2924 150 73 haec
1900 2924 150 73 quae
1993 2924 112 73 ab
2049 2924 206 73 inuitis
2180 2924 94 73 ca-

509 2983 160 70 piunt
616 2983 124 70 per
687 2983 213 70 iniuriam
847 2983 249 70 recipiunt:
1042 2983 142 70 quae
1131 2983 178 70 potius
1256 2983 124 70 per
1327 2983 213 70 iniuriam
1487 2983 124 70 non
1558 2983 231 70 darentur.
1736 2983 124 70 Sed
1807 2983 124 70 hoc
1878 2983 160 70 nullo
1985 2983 142 70 modo
2073 2983 178 70 potest
2180 2983 89 70 sta

513 3042 113 66 re:
578 3042 178 66 quoniam
707 3042 146 66 talia
804 3042 130 66 bona
885 3042 113 66 sic
950 3042 211 66 subtracta
1112 3042 146 66 erant
1210 3042 97 66 in
1258 3042 178 66 dominio
1388 3042 81 66 &
1420 3042 243 66 possessione
1615 3042 162 66 illius
1728 3042 130 66 ante
1809 3042 275 66 subtractionem
2036 3042 81 66 &
2068 3042 113 66 res
2133 3042 178 66 ipsius:

504 3084 124 61 non
575 3084 160 61 autem
682 3084 177 61 aliquo
806 3084 142 61 modo
894 3084 160 61 erant
1001 3084 124 61 res
1072 3084 177 61 ipsius
1196 3084 301 61 subtrahentis:
1444 3084 195 61 quamuis
1586 3084 142 61 ille
1674 3084 124 61 pro
1745 3084 160 61 tanto
1852 3084 195 61 debitor
1993 3084 142 61 suus
2082 3084 160 61 erat.
2171 3084 106 61 Nunc

505 3142 171 61 autem
619 3142 228 61 scriptum
790 3142 133 61 est
865 3142 114 61 in
922 3142 152 61 lege
1017 3142 209 61 domini.
1169 3142 133 61 Non
1245 3142 285 61 concupisces
1472 3142 133 61 rem
1548 3142 209 61 proximi
1700 3142 152 61 tui.
1795 3142 114 61 Si
1852 3142 133 61 non
1928 3142 303 61 concupisces:
2155 3142 133 61 multo
