2415 3729
127 297 115 78 quo
192 297 98 78 ad
241 297 196 78 maculam,
388 297 82 78 &
421 297 115 78 quo
487 297 98 78 ad
536 297 180 78 reatum:
667 297 98 78 in
716 297 245 78 regeneratis
912 297 131 78 vero
994 297 115 78 quo
1059 297 98 78 ad
1108 297 262 78 icuruationem
1321 297 180 78 tantum,
1452 297 98 78 vt
1501 297 164 78 dictum
1616 297 131 78 est.
1698 297 131 78 Alio
1779 297 131 78 vero
1845 297 98 78 modo

133 360 87 69 vt
177 360 145 69 dicit,
279 360 174 69 peccatam
410 360 189 69 dicuntur:
555 360 116 69 quia
628 360 87 69 si
671 360 233 69 vicerintreum
860 360 160 69 faciunt
977 360 174 69 peccati.
1107 360 87 69 Et
1151 360 102 69 hoc
1209 360 102 69 est
1267 360 116 69 quid
1340 360 131 69 dicit
1427 360 204 69 Augustinus
1587 360 87 69 de
1631 360 116 69 nup.
1703 360 73 69 &
1732 360 174 69 concupi.
1849 360 87 69 Quia

124 422 123 56 modo
200 422 153 56 quodam
308 422 184 56 loquendi
446 422 184 56 peccatum
584 422 169 56 vocatur
707 422 123 56 quod
783 422 92 56 et
829 422 169 56 peccato
952 422 153 56 factum
1060 422 123 56 est,
1136 422 92 56 et
1182 422 169 56 peccati
1305 422 92 56 si
1351 422 169 56 vicerit
1474 422 138 56 facit
1566 422 138 56 reum:
1658 422 92 56 et
1704 422 153 56 reatus
1811 422 123 56 eius
1873 422 61 56 va

122 471 113 64 let
187 471 97 64 in
235 471 259 64 regeneratis.
446 471 130 64 Quem
527 471 162 64 reatum
640 471 178 64 Christi
770 471 113 64 gra
835 471 113 64 per
900 471 243 64 remissionem
1094 471 162 64 omnium
1208 471 227 64 peccatorum
1386 471 97 64 in
1435 471 227 64 regenerato
1613 471 97 64 si
1661 471 97 64 ad
1710 471 130 64 mala
1791 471 146 64 opera
1872 471 65 64 ei

126 528 213 51 quodammo
286 528 195 51 iubenti
428 528 124 51 non
499 528 195 51 obediat
641 528 177 51 valere
765 528 124 51 non
836 528 177 51 finit.
960 528 124 51 Sic
1031 528 160 51 autem
1137 528 195 51 vocatur
1279 528 213 51 peccatum
1438 528 142 51 quia
1527 528 195 51 peccato
1669 528 160 51 facta
1775 528 142 51 est:
1846 528 89 51 cum

120 567 137 68 iam
199 567 117 68 in
257 567 215 68 renatis
413 567 137 68 non
491 567 137 68 sit
569 567 156 68 ipsa
667 567 254 68 peccatum:
862 567 176 68 sicut
979 567 195 68 lingua
1116 567 215 68 vocatur
1272 567 215 68 locutio
1428 567 156 68 quam
1525 567 176 68 facit
1642 567 195 68 lingua
1779 567 98 68 &
1798 567 137 68 manus

121 629 185 62 vocatur
256 629 219 62 scriptura
424 629 135 62 quam
508 629 151 62 manus
609 629 168 62 facit.
727 629 135 62 ltem
811 629 118 62 sic
879 629 185 62 vocatur
1013 629 219 62 peccatum,
1181 629 135 62 quia
1266 629 202 62 peccatum
1417 629 101 62 si
1468 629 168 62 vincit
1585 629 168 62 facit:
1703 629 151 62 sicut
1787 629 135 62 pigrum

132 683 162 67 vocatur
250 683 147 67 frigus
353 683 103 67 non
412 683 118 67 quod
486 683 74 67 a
516 683 147 67 pigris
619 683 133 67 fiat,
707 683 103 67 sed
766 683 118 67 quod
840 683 147 67 pigros
943 683 147 67 facit.
1046 683 133 67 Facit
1135 683 133 67 autem
1223 683 133 67 illud
1312 683 177 67 peccatum
1444 683 103 67 non
1503 683 118 67 nisi
1577 683 206 67 voluntate,
1739 683 88 67 sm
1769 683 162 67 determina

126 736 105 63 tum
186 736 105 63 iam
246 736 151 63 modum.
352 736 105 63 Per
412 736 105 63 iam
472 736 136 63 dicta
563 736 136 63 patet
653 736 196 63 responsio
804 736 90 63 ad
849 736 181 63 obiecta.
985 736 121 63 Quod
1060 736 121 63 ergo
1135 736 136 63 dicit
1226 736 181 63 magister
1361 736 90 63 in
1407 736 226 63 sententiis:
1587 736 121 63 quod
1663 736 181 63 tentatio
1798 736 90 63 ex
1829 736 105 63 carne

125 794 177 72 peccatum
258 794 118 72 est:
331 794 177 72 Dicendum
464 794 118 72 quod
538 794 103 72 non
597 794 103 72 est
656 794 133 72 verum
744 794 88 72 in
788 794 162 72 renatis
906 794 103 72 quo
965 794 88 72 ad
1009 794 162 72 reatum,
1127 794 103 72 sed
1186 794 133 72 solum
1274 794 103 72 quo
1333 794 88 72 ad
1377 794 250 72 icuruationem,
1583 794 103 72 vel
1642 794 118 72 quia
1716 794 103 72 est
1775 794 88 72 ex
1804 794 133 72 peccato

125 857 116 58 vel
192 857 132 58 quia
274 857 116 58 est
340 857 149 58 causa
439 857 198 58 peccati,
588 857 99 58 vt
638 857 165 58 dictum
753 857 132 58 est.
836 857 99 58 Ad
885 857 215 58 secundum:
1051 857 132 58 quod
1133 857 149 58 primi
1232 857 149 58 motus
1331 857 116 58 non
1397 857 132 58 sunt
1480 857 248 58 voluntarii:
1678 857 198 58 Dicendum
1827 857 132 58 quod

127 898 147 72 licet
225 898 114 72 non
290 898 131 72 sint
371 898 228 72 voluntarii
551 898 114 72 quo
616 898 98 72 ad
665 898 228 72 voluntatem
845 898 131 72 eius
926 898 98 72 in
975 898 114 72 quo
1041 898 147 72 sunt,
1138 898 98 72 vt
1187 898 131 72 ideo
1269 898 114 72 non
1334 898 180 72 habeant
1465 898 196 72 rationem
1612 898 180 72 peccati
1742 898 114 72 quo
1807 898 98 72 ad
1840 898 98 72 rea-

123 957 126 63 tum,
202 957 110 63 cum
265 957 220 63 expiantur:
438 957 126 63 sunt
517 957 142 63 tamen
611 957 220 63 voluntarii
785 957 110 63 quo
848 957 94 63 ad
895 957 220 63 voluntatem
1068 957 142 63 primi
1162 957 205 63 parentis,
1320 957 94 63 vt
1367 957 220 63 determinat
1540 957 220 63 Augustinus
1714 957 142 63 libro
1808 957 126 63 iii.
1871 957 63 63 de

130 1009 152 69 libero
236 1009 198 69 arbitrio.
389 1009 76 69 a
419 1009 137 69 cuius
511 1009 198 69 voluntate
663 1009 198 69 processit
816 1009 137 69 suum,
907 1009 183 69 proprium
1045 1009 183 69 peccatum
1182 1009 183 69 actuale,
1319 1009 76 69 &
1350 1009 183 69 deinceps
1487 1009 137 69 omnia
1578 1009 168 69 aliorum
1700 1009 183 69 peccatam
1822 1009 107 69 origi

125 1074 157 68 nalia,
235 1074 110 68 vel
298 1074 188 68 mediate,
439 1074 110 68 vel
502 1074 220 68 immediate,
675 1074 79 68 &
706 1074 94 68 ab
753 1074 141 68 illis
848 1074 141 68 primi
942 1074 157 68 motus:
1052 1074 79 68 a
1083 1074 141 68 cuius
1177 1074 204 68 voluntate
1334 1074 157 68 habent
1444 1074 126 68 quod
1523 1074 126 68 sint
1601 1074 188 68 peccata,
1743 1074 79 68 &
1774 1074 188 68 secundum

122 1134 210 48 maculam,
279 1134 87 48 &
314 1134 210 48 secundum
471 1134 192 48 reatum,
611 1134 140 48 nisi
698 1134 227 48 expientur
873 1134 157 48 sicut
978 1134 87 48 &
1013 1134 157 48 ipsum
1118 1134 227 48 originale
1293 1134 227 48 peccatum,
1468 1134 105 48 vt
1520 1134 175 48 dictum
1625 1134 105 48 est.

470 1165 182 75 Equitur
603 1165 215 75 quaesitum
769 1165 182 75 vltimum
901 1165 83 75 &
934 1165 166 75 vnicum
1050 1165 99 75 de
1100 1165 199 75 creatura
1249 1165 232 75 imanimata:
1431 1165 149 75 vtrum
1530 1165 199 75 elementa
1680 1165 133 75 sint
1746 1165 182 75 distincta

484 1232 97 62 per
540 1232 153 62 corpora
651 1232 195 62 caelestia.
804 1232 83 62 Ex
845 1232 167 62 arguitur
970 1232 111 62 quod
1040 1232 111 62 non.
1109 1232 111 62 quia
1179 1232 97 62 hoc
1234 1232 97 62 non
1290 1232 167 62 facerent
1415 1232 111 62 nisi
1484 1232 97 62 per
1540 1232 111 62 suum
1609 1232 139 62 motum,
1707 1232 111 62 quod
1776 1232 97 62 non
1818 1232 111 62 potest

469 1278 151 66 esse,
570 1278 134 66 quia
653 1278 285 66 multiplicatio
888 1278 167 66 motuum
1005 1278 84 66 &
1039 1278 268 66 reuolutionum
1256 1278 151 66 totum
1357 1278 251 66 corrumperet
1558 1278 218 66 excedendo
1725 1278 134 66 siue
1792 1278 134 66 exces-

473 1328 120 69 sum
542 1328 206 69 causando
696 1328 155 69 circa
799 1328 172 69 formas
919 1328 275 69 elementorum.
1142 1328 189 69 Contra,
1280 1328 189 69 possunt
1417 1328 103 69 in
1469 1328 155 69 plus,
1572 1328 137 69 quia
1657 1328 103 69 in
1692 1328 240 69 generationem

439 1386 98 49 &
479 1386 333 49 distinctionem
753 1386 294 49 animatorum:
989 1386 157 49 ergo
1087 1386 98 49 &
1126 1386 118 49 in
1185 1386 177 49 minus
1302 1386 235 49 scilicet
1479 1386 118 49 in
1538 1386 314 49 generationem
1793 1386 98 49 &
1832 1386 137 49 di-

449 1428 280 80 stinctionem
673 1428 299 80 elementorum.
916 1428 224 80 Quaestio
1084 1428 149 80 ista
1177 1428 112 80 de
1233 1428 205 80 ordine,
1383 1428 93 80 &
1420 1428 317 80 distinctione,
1681 1428 93 80 &
1700 1428 224 80 generatio-

456 1482 98 63 ne
505 1482 246 63 elementorum
701 1482 180 63 eiusdem
832 1482 278 63 difficultatis
1061 1482 115 63 est
1127 1482 147 63 circa
1225 1482 131 63 alia
1307 1482 147 63 omnia
1405 1482 164 63 creata
1520 1482 164 63 qualis
1634 1482 115 63 est
1700 1482 147 63 circa
1782 1482 147 63 elemen-

127 1537 102 82 ta,
186 1537 160 82 quomode
302 1537 174 82 scilicet
432 1537 145 82 habent
534 1537 116 82 esse
607 1537 73 82 &
636 1537 160 82 ordinem
752 1537 131 82 atque
839 1537 247 82 distinctionem
1042 1537 87 82 in
1086 1537 189 82 vniuerso.
1231 1537 203 82 Extendendo
1391 1537 145 82 igitur
1492 1537 218 82 quaestionem
1667 1537 131 82 sicut
1754 1537 160 82 oportet
1870 1537 87 82 ad

125 1603 128 67 omnia
210 1603 114 67 alia
282 1603 200 67 naturalia,
439 1603 171 67 sciendum
567 1603 171 67 secundum
695 1603 114 67 quod
767 1603 157 67 recitat
881 1603 228 67 philosophus.
1066 1603 86 67 i.
1109 1603 214 67 Metaphysica
1280 1603 114 67 quod
1351 1603 128 67 primi
1437 1603 271 67 philosophantium
1665 1603 128 67 solum
1751 1603 171 67 viderunt
1865 1603 71 67 pri

132 1649 155 69 cipium
241 1649 202 69 materiale
396 1649 124 69 esse
474 1649 93 69 in
521 1649 140 69 rebus
614 1649 233 69 naturalibus
800 1649 264 69 sensibilibus,
1018 1649 186 69 nullaque
1157 1649 124 69 alia
1235 1649 124 69 esse
1313 1649 202 69 arbitrati
1468 1649 124 69 sunt
1546 1649 124 69 quam
1623 1649 233 69 sensibilia,
1810 1649 109 69 nec
1856 1649 78 69 cam

132 1710 165 63 agentem
252 1710 75 63 &
282 1710 180 63 mouentem
417 1710 180 63 videbant
553 1710 90 63 in
598 1710 150 63 rebus,
703 1710 135 63 neque
793 1710 180 63 finalem.
928 1710 165 63 Propter
1049 1710 120 63 quod
1124 1710 195 63 quorundam
1274 1710 120 63 erat
1349 1710 165 63 opinio,
1469 1710 120 63 quod
1544 1710 135 63 omnia
1634 1710 120 63 quae
1710 1710 120 63 sunt
1785 1710 90 63 in
1830 1710 135 63 natu-

129 1762 90 69 ra
174 1762 149 69 rerum,
278 1762 134 69 sicut
368 1762 134 69 sunt,
458 1762 149 69 habent
562 1762 119 69 esse
637 1762 75 69 a
667 1762 134 69 casu:
756 1762 105 69 non
816 1762 134 69 autem
906 1762 90 69 ab
950 1762 149 69 agente
1055 1762 239 69 determinato,
1249 1762 134 69 neque
1339 1762 164 69 propter
1458 1762 179 69 aliquid:
1593 1762 105 69 sed
1652 1762 119 69 esse
1727 1762 75 69 &
1757 1762 134 69 fieri
1831 1762 105 69 omnia

140 1817 97 60 in
188 1817 194 60 seipsis,
334 1817 97 60 vt
382 1817 226 60 contingit.
560 1817 178 60 Aliorum
689 1817 129 60 vero
770 1817 97 60 ex
818 1817 113 60 eis
883 1817 162 60 opinio
996 1817 129 60 erat
1077 1817 129 60 quod
1158 1817 145 60 omnia
1255 1817 178 60 fierent
1384 1817 97 60 ex
1432 1817 242 60 necessitate
1626 1817 210 60 materiae:
1788 1817 178 60 quemad-

137 1870 143 60 modum
232 1870 95 60 si
280 1870 175 60 dicatur
407 1870 143 60 domus
502 1870 143 60 talis
597 1870 127 60 esse
677 1870 159 60 qualis
788 1870 127 60 est,
867 1870 95 60 vt
915 1870 127 60 quod
994 1870 143 60 ligna
1089 1870 127 60 sint
1168 1870 159 60 sursum
1279 1870 175 60 posita,
1406 1870 79 60 &
1438 1870 175 60 lapides
1565 1870 190 60 deorsum:
1708 1870 127 60 quia
1787 1870 111 60 sic
1835 1870 95 60 com-

134 1926 165 66 tingit
250 1926 99 66 ea
300 1926 132 66 esse
383 1926 182 66 posita:
515 1926 116 66 non
581 1926 132 66 quia
664 1926 149 66 agens
763 1926 116 66 hoc
829 1926 149 66 fecit
928 1926 182 66 propter
1061 1926 165 66 finem:
1176 1926 83 66 &
1209 1926 116 66 hoc
1276 1926 116 66 quo
1342 1926 99 66 ad
1391 1926 165 66 primam
1507 1926 232 66 opinionem:
1689 1926 116 66 aut
1755 1926 182 66 propter
1871 1926 66 66 ne

134 1977 216 71 cessitatem
303 1977 185 71 materiae
442 1977 170 71 tantum:
566 1977 123 71 quia
643 1977 154 71 grauia
751 1977 170 71 deorsum
874 1977 139 71 ferri
967 1977 123 71 apta
1044 1977 123 71 nata
1121 1977 139 71 sunt:
1214 1977 139 71 leuia
1306 1977 139 71 autem
1399 1977 170 71 sursum:
1522 1977 185 71 secundum
1661 1977 123 71 quod
1738 1977 108 71 has
1800 1977 123 71 duas
1862 1977 77 71 opi

132 2029 142 61 niones
231 2029 142 61 tangit
330 2029 213 61 philosophus
500 2029 85 61 in
543 2029 113 61 fine
614 2029 142 61 scundi
713 2029 142 61 physi.
812 2029 113 61 Isti
883 2029 113 61 ergo
954 2029 99 61 non
1011 2029 170 61 dicerent
1138 2029 113 61 quod
1209 2029 156 61 caelum,
1322 2029 99 61 aut
1379 2029 156 61 aliquid
1493 2029 128 61 agens
1578 2029 128 61 esset
1663 2029 128 61 cauam
1748 2029 128 61 talis
1819 2029 113 61 dispo-

132 2084 186 69 sitionis
272 2084 78 69 &
303 2084 171 69 ordinis
427 2084 248 69 elementorum:
629 2084 109 69 sed
691 2084 124 69 quod
769 2084 124 69 solo
846 2084 124 69 casu
924 2084 140 69 esset
1017 2084 186 69 quicquid
1156 2084 93 69 in
1203 2084 109 69 eis
1265 2084 155 69 esset,
1374 2084 78 69 &
1405 2084 109 69 quo
1467 2084 93 69 ad
1513 2084 233 69 elementorum
1699 2084 248 69 substantiam,
1885 2084 47 69 &

140 2153 115 53 quo
205 2153 98 53 ad
254 2153 148 53 eorum
353 2153 295 53 dispositionem:
599 2153 98 53 et
648 2153 115 53 hoc
714 2153 98 53 sm
763 2153 164 53 primam
878 2153 230 53 opinionem:
1058 2153 115 53 aut
1124 2153 98 53 sm
1173 2153 197 53 secundam
1321 2153 213 53 opinionem
1485 2153 131 53 quod
1567 2153 197 53 elementa
1715 2153 148 53 talia
1797 2153 131 53 essent

145 2195 167 64 quaelia
266 2195 121 64 sunt
342 2195 91 64 ex
388 2195 91 64 se
433 2195 76 64 &
463 2195 182 64 materiae
600 2195 121 64 suae
676 2195 243 64 necessitate:
873 2195 76 64 &
903 2195 167 64 propter
1025 2195 137 64 ipsam
1116 2195 137 64 etiam
1207 2195 106 64 sic
1267 2195 228 64 ordinantur.
1450 2195 152 64 Contra
1556 2195 137 64 istos
1647 2195 152 64 arguit
1738 2195 197 64 philosophus

135 2247 97 68 in
183 2247 146 68 primo
281 2247 260 68 Metaphysicae
492 2247 114 68 quo
557 2247 97 68 ad
606 2247 114 68 hoc
671 2247 130 68 quod
752 2247 195 68 negabant
898 2247 162 68 causam
1012 2247 179 68 agentem
1141 2247 81 68 &
1174 2247 195 68 finalem.
1320 2247 130 68 quia
1401 2247 179 68 videmus
1531 2247 97 68 in
1580 2247 146 68 rebus
1677 2247 260 68 sensibilibus
1872 2247 65 68 mu

139 2303 184 65 tationem
277 2303 153 65 fieri.
384 2303 138 65 nihil
476 2303 138 65 autem
568 2303 138 65 mouet
660 2303 184 65 seipsum,
797 2303 230 65 quemadmodum
981 2303 153 65 lignum
1088 2303 107 65 non
1150 2303 169 65 seipsum
1272 2303 214 65 transmutat
1441 2303 92 65 vt
1487 2303 123 65 fiat
1563 2303 184 65 scannum.
1701 2303 92 65 Si
1747 2303 138 65 autem
1824 2303 107 65 agens

141 2357 124 67 est,
218 2357 139 67 finis
311 2357 124 67 est.
388 2357 139 67 nihil
480 2357 124 67 enim
558 2357 124 67 agit
635 2357 124 67 nisi
712 2357 170 67 propter
836 2357 155 67 finem.
944 2357 108 67 Quo
1006 2357 93 67 ad
1052 2357 139 67 modum
1145 2357 155 67 quidem
1253 2357 170 67 ponendi
1377 2357 139 67 omnia
1469 2357 124 67 esse
1547 2357 77 67 &
1578 2357 155 67 fieri,
1686 2357 185 67 disputat
1809 2357 124 67 contra

141 2410 148 62 eorum
239 2410 214 62 opinionem
404 2410 181 62 secundo
535 2410 164 62 physi.
650 2410 164 62 Contra
765 2410 164 62 primos
880 2410 115 62 per
946 2410 115 62 hoc
1012 2410 131 62 quod
1094 2410 131 62 quae
1176 2410 82 62 a
1209 2410 131 62 casu
1291 2410 148 62 fiunt
1390 2410 115 62 non
1455 2410 148 62 fiunt
1554 2410 181 62 semper,
1685 2410 115 62 aut
1735 2410 197 62 frequenter

145 2474 240 58 quemadmodum
337 2474 176 58 videmus
465 2474 96 58 ea
513 2474 144 58 fieri
609 2474 128 58 quae
689 2474 96 58 in
737 2474 144 58 rebus
833 2474 160 58 fiunt:
945 2474 80 58 &
977 2474 176 58 iterum,
1104 2474 128 58 quia
1184 2474 176 58 videmus
1312 2474 112 58 res
1376 2474 128 58 esse
1456 2474 144 58 sicut
1552 2474 144 58 aptae
1648 2474 128 58 sunt
1728 2474 160 58 fieri.
1824 2474 112 58 quale

149 2520 93 67 non
202 2520 173 67 contingit
335 2520 80 67 in
375 2520 93 67 eis
428 2520 107 67 quae
495 2520 120 67 fiunt
575 2520 120 67 casu.
655 2520 93 67 Nec
708 2520 120 67 tamen
788 2520 160 67 sequitur
908 2520 80 67 ex
948 2520 93 67 hoc
1001 2520 107 67 quod
1068 2520 120 67 omnia
1148 2520 200 67 contingunt,
1308 2520 120 67 sicut
1388 2520 133 67 fiunt.
1481 2520 160 67 secundum
1601 2520 107 67 quod
1668 2520 133 67 arguit
1761 2520 133 67 contra
1841 2520 93 67 secun

143 2573 106 61 dam
203 2573 212 61 opinionem,
370 2573 152 61 dicens
476 2573 121 61 quod
552 2573 121 61 fine
628 2573 242 61 dispositione
825 2573 182 61 materiae
961 2573 121 61 tali
1037 2573 106 61 non
1098 2573 136 61 fiunt
1188 2573 106 61 res
1249 2573 136 61 sicut
1340 2573 152 61 fiunt:
1446 2573 106 61 sed
1507 2573 106 61 non
1567 2573 136 61 solum
1658 2573 167 61 propter
1779 2573 106 61 hoc
1840 2573 121 61 quia

146 2626 109 67 nec
209 2626 141 67 istam
303 2626 266 67 dispositionem
521 2626 156 67 habent
631 2626 109 67 res
693 2626 78 67 a
725 2626 188 67 seipsis,
865 2626 109 67 sed
928 2626 94 67 ab
975 2626 156 67 agente
1084 2626 203 67 ordinante
1240 2626 109 67 res
1303 2626 94 67 in
1350 2626 125 67 suos
1428 2626 156 67 fines.
1537 2626 125 67 Post
1615 2626 156 67 dictas
1725 2626 203 67 opiniones
1865 2626 63 67 se

143 2680 109 56 cuta
212 2680 96 56 est
266 2680 178 56 sententia
403 2680 150 56 aliorum
512 2680 246 56 philosophorum:
717 2680 96 56 qui
771 2680 232 56 considerabant
963 2680 82 56 in
1004 2680 123 56 rebus
1085 2680 96 56 duo
1140 2680 109 56 esse
1208 2680 164 56 scilicet
1331 2680 150 56 naturas
1440 2680 68 56 &
1468 2680 178 56 essentias
1604 2680 123 56 rerum
1686 2680 164 56 secundum
1809 2680 137 56 formas
1891 2680 41 56 &

149 2731 191 67 species
287 2731 260 67 distinctas,
496 2731 87 67 &
530 2731 330 67 transmutationes
808 2731 121 67 per
877 2731 156 67 motum
982 2731 278 67 contingentes
1207 2731 104 67 in
1259 2731 226 67 aliquibus
1433 2731 174 67 earum.
1554 2731 104 67 Et
1606 2731 174 67 putant
1728 2731 174 67 aliqui
1832 2731 104 67 fuis

142 2787 91 56 se
187 2787 197 56 opinionem
339 2787 197 56 Aristote.
491 2787 122 56 quod
567 2787 106 56 res
628 2787 91 56 in
673 2787 167 56 naturis
795 2787 76 56 &
825 2787 197 56 essentiis
977 2787 152 56 suarum
1083 2787 182 56 formarum
1220 2787 91 56 ex
1266 2787 167 56 seipsis
1387 2787 152 56 habent
1494 2787 228 56 naturaliter
1676 2787 122 56 esse
1752 2787 137 56 illud
1843 2787 122 56 quod

139 2843 138 65 sunt,
231 2843 77 65 &
261 2843 214 65 increatae,
429 2843 122 65 siue
506 2843 107 65 non
567 2843 168 65 factae:
690 2843 77 65 &
720 2843 122 65 quod
797 2843 138 65 nihil
888 2843 92 65 in
934 2843 168 65 entibus
1057 2843 122 65 hent
1133 2843 230 65 caualitatem
1317 2843 138 65 super
1409 2843 168 65 aliquae
1531 2843 107 65 quo
1592 2843 92 65 ad
1638 2843 153 65 formam
1745 2843 77 65 &
1761 2843 168 65 essentiam

144 2899 182 66 rerum:
271 2899 128 66 sed
344 2899 164 66 solum
454 2899 128 66 quo
527 2899 109 66 ad
581 2899 164 66 motus
691 2899 91 66 &
727 2899 365 66 transmutationes:
1037 2899 109 66 vt
1092 2899 146 66 quod
1183 2899 128 66 res
1256 2899 273 66 naturaliter
1474 2899 164 66 sunt,
1584 2899 91 66 &
1620 2899 292 66 aeternaliter
1857 2899 109 66 in

148 2947 135 72 suis
232 2947 219 72 essentiis
401 2947 236 72 distinctae
586 2947 84 72 &
620 2947 236 72 ordinatae:
805 2947 118 72 tam
873 2947 202 72 elementa
1024 2947 135 72 quam
1108 2947 152 72 alia:
1210 2947 118 72 nec
1277 2947 168 72 habent
1395 2947 101 72 in
1445 2947 118 72 hoc
1513 2947 168 72 causam
1631 2947 270 72 efficientis:
1850 2947 118 72 sed

149 3008 134 65 quod
233 3008 117 65 sic
300 3008 150 65 sunt,
400 3008 117 65 hoc
466 3008 117 65 est
533 3008 167 65 natura
650 3008 167 65 eorum.
767 3008 100 65 Et
817 3008 200 65 secundum
967 3008 134 65 quod
1051 3008 184 65 quaedam
1184 3008 134 65 sunt
1267 3008 100 65 in
1318 3008 150 65 gradu
1418 3008 184 65 naturae
1551 3008 234 65 superiori:
1735 3008 184 65 quaedam
1868 3008 100 65 in

142 3057 228 62 inferiori:
321 3057 196 62 secundum
468 3057 114 62 hoc
533 3057 180 62 quaedam
664 3057 163 62 habent
778 3057 261 62 causalitatem
990 3057 147 62 super
1088 3057 180 62 quasdam
1219 3057 98 62 in
1268 3057 196 62 mouendo:
1415 3057 114 62 aut
1480 3057 147 62 sicut
1578 3057 163 62 finis,
1692 3057 114 62 aut
1757 3057 147 62 sicut
1839 3057 98 62 effi

149 3111 158 72 ciens.
260 3111 95 72 Et
307 3111 126 72 quod
386 3111 95 72 sm
433 3111 111 72 hoc
497 3111 142 72 ponit
591 3111 126 72 vnum
670 3111 158 72 primum
781 3111 142 72 agens
875 3111 79 72 &
907 3111 158 72 mouens
1017 3111 142 72 omnia
1112 3111 142 72 alia.
1207 3111 95 72 Et
1254 3111 189 72 secundum
1396 3111 142 72 istam
1491 3111 205 72 opinionem
1649 3111 111 72 non
1712 3111 111 72 est
1775 3111 189 72 dicendum

145 3167 110 86 quod
214 3167 96 86 sit
269 3167 110 86 alia
337 3167 123 86 cauam
420 3167 123 86 quare
502 3167 165 86 elementa
626 3167 96 86 sic
680 3167 82 86 se
722 3167 137 86 habent
818 3167 110 86 quam
886 3167 110 86 quod
955 3167 96 86 hoc
1010 3167 96 86 est
1065 3167 137 86 natura
1161 3167 137 86 eorum.
1257 3167 110 86 Quod
1325 3167 110 86 haec
1394 3167 96 86 sit
1449 3167 137 86 opinio
1545 3167 206 86 Aristoteles
1709 3167 96 86 non
1764 3167 123 86 credo
1847 3167 110 86 quod
