2426 3737
493 287 97 102 ad
541 287 130 102 esse
623 287 211 102 materiae:
785 287 81 102 &
817 287 97 102 vt
866 287 97 102 id
915 287 97 102 in
963 287 114 102 quo
1028 287 211 102 differunt
1191 287 114 102 sit
1256 287 227 102 principium
1434 287 292 102 praeparationis
1678 287 195 102 materiae
1824 287 97 102 ad
1872 287 162 102 formas
1986 287 211 102 diuersas,
2148 287 114 102 sed
2197 287 81 102 non

503 385 139 70 absque
601 385 181 70 confortio
740 385 167 70 alterius
865 385 209 70 adiuuantis:
1032 385 111 70 quod
1102 385 153 70 reducit
1213 385 111 70 illa
1283 385 84 70 ad
1324 385 153 70 aliquod
1436 385 125 70 vnum.
1519 385 125 70 Illud
1603 385 125 70 autem
1686 385 97 70 est
1742 385 97 70 vna
1798 385 84 70 de
1839 385 251 70 intelligentiis
2048 385 195 70 separatis,
2201 385 97 70 sed

509 438 152 64 vltima
615 438 137 64 eorum
706 438 122 64 quae
782 438 182 64 sequitur
919 438 122 64 nos,
995 438 76 64 &
1025 438 122 64 ipsa
1101 438 106 64 est
1162 438 76 64 a
1192 438 106 64 qua
1253 438 167 64 propter
1375 438 213 64 confortium
1542 438 182 64 corporum
1679 438 213 64 caelestium
1846 438 137 64 fluit
1937 438 182 64 aliquid,
2074 438 91 64 in
2119 438 152 64 quoest
2210 438 61 64 de

505 491 197 70 scriptio
652 491 197 70 formarum
800 491 147 70 mundi
898 491 229 70 inferioris
1078 491 197 70 secundum
1225 491 147 70 modum
1324 491 213 70 patiendi:
1488 491 82 70 a
1520 491 115 70 qua
1586 491 164 70 postea
1701 491 164 70 fluunt
1815 491 164 70 formae
1930 491 98 70 in
1979 491 115 70 hoc
2028 491 246 70 appropriante:

499 551 115 62 ea.
564 551 115 62 Cum
630 551 131 62 ergo
712 551 131 62 haec
794 551 115 62 res
860 551 295 62 appropriauerit
1106 551 181 62 aliquam
1237 551 98 62 de
1286 551 279 62 imprssionibus
1516 551 263 62 caelestibus,
1729 551 131 62 tunc
1811 551 98 62 ab
1861 551 115 62 hoc
1926 551 197 62 separato
2074 551 148 62 fluet
2156 551 115 62 forma

500 611 185 66 propria,
638 611 77 66 &
669 611 262 66 describeturim
885 611 123 66 illa
962 611 185 66 materia.
1101 611 93 66 Et
1147 611 139 66 sicut
1240 611 139 66 motus
1332 611 108 66 est
1394 611 154 66 vilior
1502 611 216 66 dispositio
1672 611 123 66 quae
1749 611 108 66 est
1810 611 123 66 ibi,
1887 611 108 66 sic
1949 611 77 66 &
1980 611 170 66 materia
2103 611 108 66 est
2150 611 123 66 vilior

501 660 203 68 essentia
653 660 135 68 hic.
738 660 101 68 Et
788 660 152 68 sicut
890 660 152 68 motus
991 660 118 68 est
1059 660 118 68 ibi
1127 660 186 68 sequens
1262 660 186 68 naturam
1397 660 135 68 eius
1482 660 135 68 quod
1566 660 118 68 est
1634 660 101 68 in
1684 660 220 68 potentia,
1853 660 118 68 sic
1921 660 118 68 hic
1989 660 186 68 materia
2107 660 169 68 conuenit

502 717 109 70 cum
565 717 93 70 eo
611 717 140 70 quoid
704 717 109 70 est
767 717 93 70 in
813 717 202 70 potentia.
969 717 78 70 &
1000 717 93 70 de
1046 717 264 70 operationibus
1264 717 295 70 constellationum
1513 717 186 70 diuersis
1652 717 280 70 prouenientibus
1886 717 249 70 proptermotum
2088 717 109 70 est
2134 717 140 70 princi-

506 765 133 77 pium
589 765 266 77 diuersitatis
806 765 283 77 permutationum
1038 765 133 77 quae
1121 765 150 77 fiunt
1221 765 133 77 hic.
1304 765 116 77 Sic
1371 765 133 77 ergo
1454 765 150 77 patet
1554 765 216 77 figmentum
1720 765 133 77 vnum
1803 765 216 77 physicum:
1969 765 133 77 quod
2052 765 249 77 materiaele-
2235 765 50 77 l

509 823 180 72 mentorum
644 823 180 72 causatur
779 823 75 72 a
809 823 240 72 conformitate
1004 823 150 72 motuum
1109 823 225 72 caelestium:
1289 823 195 72 inquantum
1440 823 135 72 omnes
1530 823 210 72 circulares
1695 823 120 72 sunt
1770 823 165 72 virtute
1890 823 270 72 intelligentiae
2100 823 180 72 adiuuante:

508 889 148 61 motus
606 889 164 61 illos.
721 889 230 61 Diuersitas
902 889 131 61 vero
984 889 279 61 dispositionis
1214 889 197 61 caelorum
1362 889 115 61 est
1428 889 148 61 causa
1526 889 263 61 diuersitatis
1740 889 197 61 formarum
1888 889 279 61 elementarium:
2118 889 82 61 &
2134 889 148 61 diuersi

504 941 116 64 tas
571 941 315 64 appropriationis
836 941 166 64 factae
953 941 100 64 in
1003 941 199 64 materia,
1152 941 116 64 est
1218 941 149 64 cauam
1318 941 266 64 diuersitatis
1534 941 199 64 formarum
1683 941 116 64 sub
1750 941 149 64 eadem
1849 941 183 64 specie.
1982 941 149 64 Aliud
2082 941 133 64 vero
2148 941 133 64 figmen

514 996 98 63 tum
570 996 98 63 est
626 996 111 63 quod
695 996 139 63 caelum
793 996 125 63 debet
876 996 139 63 hatrne
974 996 153 63 aliquid
1085 996 139 63 corpus
1183 996 125 63 intra
1266 996 84 63 se
1308 996 125 63 circa
1392 996 111 63 quod
1461 996 181 63 voluitur.
1600 996 84 63 Et
1642 996 84 63 ex
1684 996 84 63 eo
1726 996 111 63 quod
1796 996 98 63 per
1851 996 125 63 motum
1935 996 111 63 suum
2004 996 125 63 illud
2088 996 195 63 constrigit
2227 996 56 63 se

512 1054 149 59 quitur
616 1054 223 59 calefactio,
794 1054 178 59 intantum
928 1054 119 59 quod
1002 1054 223 59 convertitur
1181 1054 89 59 in
1225 1054 149 59 ignem.
1329 1054 119 59 Quid
1404 1054 134 59 autem
1493 1054 238 59 remotissimum
1686 1054 104 59 est
1745 1054 89 59 ab
1790 1054 104 59 eo,
1849 1054 163 59 remanet
1968 1054 163 59 quietum
2087 1054 178 59 accedens
2221 1054 89 59 ad

512 1107 246 75 frigiditatem
712 1107 77 75 &
742 1107 277 75 spissitudinem,
973 1107 77 75 &
1004 1107 108 75 est
1066 1107 154 75 terra.
1173 1107 123 75 Quod
1250 1107 123 75 vero
1327 1107 185 75 sequitur
1466 1107 138 75 ignem
1558 1107 108 75 est
1619 1107 185 75 calidum:
1758 1107 108 75 sed
1819 1107 138 75 minus
1912 1107 169 75 calidum
2035 1107 123 75 quam
2112 1107 138 75 ignis
2189 1107 92 75 sit,

512 1162 74 58 &
542 1162 119 58 quid
616 1162 178 58 sequitur
750 1162 148 58 terram
853 1162 104 58 est
913 1162 178 58 spissum,
1046 1162 104 58 sed
1106 1162 134 58 minus
1195 1162 163 58 spissum
1313 1162 119 58 quam
1388 1162 148 58 terra.
1492 1162 74 58 &
1521 1162 119 58 haec
1595 1162 104 58 est
1655 1162 134 58 cauam
1744 1162 163 58 essendi
1863 1162 178 58 elementa
1996 1162 89 58 ab
2041 1162 134 58 orbe.
2130 1162 119 58 Quod
2204 1162 104 58 de-

514 1213 156 74 struit
623 1213 140 74 Auic.
717 1213 125 74 quia
795 1213 125 74 haec
873 1213 171 74 positio
997 1213 140 74 ponit
1091 1213 265 74 corporeitatem
1309 1213 156 74 absque
1418 1213 125 74 alia
1496 1213 156 74 forma,
1605 1213 125 74 quod
1683 1213 109 74 est
1745 1213 249 74 impossibile.
1948 1213 187 74 Secundum
2088 1213 125 74 hunc
2150 1213 125 74 igitur

511 1277 144 67 modum
607 1277 192 67 figmenti
751 1277 192 67 physici:
895 1277 192 67 Dicendum
1039 1277 144 67 esset
1135 1277 128 67 quod
1215 1277 224 67 distinctio
1391 1277 80 67 &
1424 1277 128 67 ordo
1504 1277 240 67 elementorum
1696 1277 112 67 est
1760 1277 80 67 &
1792 1277 176 67 ipsorum
1920 1277 208 67 productio
2080 1277 80 67 a
2112 1277 144 67 caelo
2192 1277 80 67 non

517 1326 184 68 materia
651 1326 285 68 praesupposita
886 1326 100 68 in
936 1326 167 68 aliquo
1053 1326 184 68 corpore
1187 1326 268 68 praecedenti.
1405 1326 151 68 cuius
1505 1326 268 68 generationis
1723 1326 151 68 causa
1823 1326 218 68 assignari
1990 1326 117 68 non
2057 1326 184 68 posset,
2191 1326 117 68 sed

515 1381 254 72 aeternaliter
721 1381 95 72 in
769 1381 111 72 eis
832 1381 127 72 sunt
912 1381 111 72 sub
975 1381 159 72 formis
1086 1381 127 72 suis
1166 1381 206 72 generata,
1324 1381 79 72 &
1356 1381 95 72 in
1404 1381 190 72 diuersis
1546 1381 143 72 locis
1641 1381 175 72 propter
1768 1381 254 72 diuersitatem
1975 1381 206 72 respectus
2133 1381 95 72 ad
2165 1381 111 72 dispo

516 1437 183 66 sitiones
653 1437 183 66 diuersas
791 1437 183 66 caelorum
928 1437 76 66 &
959 1437 153 66 causas
1066 1437 183 66 occultas
1203 1437 92 66 in
1249 1437 122 66 eis:
1326 1437 183 66 secundum
1463 1437 122 66 quod
1540 1437 153 66 fingit
1646 1437 122 66 Aui.
1723 1437 168 66 Positio
1845 1437 138 66 autem
1937 1437 244 66 generationis
2135 1437 92 66 de
2166 1437 107 66 corpo

510 1494 100 66 re
560 1494 167 66 aliquo
677 1494 201 66 contento
828 1494 117 66 sub
895 1494 167 66 caelo,
1012 1494 217 66 concordat
1179 1494 201 66 figmento
1329 1494 217 66 Platonis:
1496 1494 117 66 qui
1563 1494 150 66 dixit
1663 1494 167 66 mundum
1780 1494 234 66 inferiorem
1964 1494 201 66 formatum
2115 1494 117 66 non
2165 1494 100 66 amo-

506 1550 103 70 tu
557 1550 256 70 caelestium:
762 1550 120 70 sed
831 1550 85 70 a
865 1550 120 70 deo
933 1550 273 70 distinguente
1155 1550 85 70 &
1189 1550 239 70 ordinante.
1377 1550 137 70 Quae
1463 1550 154 70 omnia
1565 1550 256 70 despicienda
1770 1550 137 70 sunt
1856 1550 85 70 a
1890 1550 171 70 simili
2010 1550 188 70 tanquam
2129 1550 137 70 nimium

512 1603 210 78 fabulosa,
673 1603 81 78 &
705 1603 177 78 tenenda
834 1603 129 78 sunt
915 1603 97 78 ea
963 1603 129 78 quae
1044 1603 129 78 sunt
1125 1603 161 78 rectae
1238 1603 177 78 rationi
1367 1603 145 78 magis
1464 1603 274 78 conuenientia:
1689 1603 129 78 quod
1770 1603 81 78 a
1802 1603 113 78 deo
1867 1603 145 78 omnia
1964 1603 210 78 visibilia
2125 1603 81 78 &
2141 1603 129 78 inuisi

518 1660 143 63 bilia
614 1660 207 63 immediate
773 1660 159 63 creata
884 1660 143 63 sunt,
980 1660 223 63 disposita,
1155 1660 80 63 &
1187 1660 191 63 ordinata
1330 1660 96 63 in
1378 1660 143 63 prima
1474 1660 143 63 rerum
1569 1660 223 63 creatione.
1744 1660 191 63 secundum
1888 1660 159 63 formam
1999 1660 96 63 in
2047 1660 127 63 Gen.
2111 1660 159 63 traditam

520 1720 132 61 Quid
602 1720 148 61 etiam
701 1720 280 61 rationabilius
932 1720 115 61 est
997 1720 165 61 dicere
1113 1720 148 61 etiam
1212 1720 181 61 volenti
1344 1720 165 61 ponere
1459 1720 165 61 mundum
1574 1720 165 61 semper
1690 1720 165 61 fuisse
1805 1720 115 61 cum
1871 1720 115 61 deo
1937 1720 82 61 &
1970 1720 99 61 ab
2019 1720 198 61 aeterno:
2168 1720 115 61 non
2217 1720 66 61 po

513 1774 159 61 nendo
619 1774 177 61 mundum
743 1774 88 61 a
778 1774 124 61 deo
849 1774 230 61 productum
1026 1774 265 61 necessitate
1238 1774 194 61 naturae
1379 1774 141 61 suae
1467 1774 88 61 &
1503 1774 247 61 essentiae:
1697 1774 124 61 sed
1768 1774 247 61 voluntatis
1962 1774 230 61 libertate
2139 1774 88 61 &
2156 1774 124 61 dispo

506 1823 173 74 sitione
632 1823 126 74 suae
711 1823 236 74 sapientiae:
899 1823 126 74 quae
978 1823 189 74 rationem
1119 1823 141 74 artis
1213 1823 141 74 vnius
1308 1823 157 74 habet:
1418 1823 126 74 quae
1496 1823 110 74 vna
1559 1823 173 74 simplex
1685 1823 189 74 existens
1826 1823 141 74 ratio
1921 1823 110 74 est
1983 1823 157 74 omnium
2093 1823 173 74 partium
2203 1823 79 74 mun

506 1881 96 72 di
554 1881 176 72 tanquam
682 1881 144 72 vnius
777 1881 255 72 artificiati,
985 1881 144 72 licet
1081 1881 192 72 secundum
1224 1881 192 72 diuersas
1368 1881 192 72 rationes
1512 1881 96 72 in
1560 1881 128 72 ipso
1639 1881 223 72 diuersarum
1815 1881 192 72 partium:
1959 1881 112 72 ita
2023 1881 128 72 quod
2102 1881 112 72 non
2150 1881 128 72 obstam

516 1933 98 76 te
565 1933 131 76 eius
646 1933 180 76 vnitate
777 1933 82 76 &
810 1933 262 76 simplicitate
1022 1933 147 76 plura
1120 1933 196 76 praesent
1268 1933 82 76 &
1300 1933 147 76 simul
1398 1933 212 76 procedere
1562 1933 98 76 ab
1611 1933 131 76 ipso
1693 1933 229 76 immediate:
1872 1933 147 76 etiam
1970 1933 163 76 posito
2085 1933 131 76 quod
2150 1933 131 76 mundum

516 1988 186 66 producat
655 1988 186 66 naturali
794 1988 247 66 necessitate,
995 1988 124 66 quia
1072 1988 93 66 de
1118 1988 170 66 ratione
1242 1988 139 66 artis
1335 1988 186 66 secundum
1474 1988 124 66 quod
1551 1988 108 66 est
1613 1988 108 66 ars
1675 1988 108 66 non
1737 1988 108 66 est
1799 1988 124 66 quod
1876 1988 216 66 deliberet.
2046 1988 186 66 secundum
2185 1988 124 66 quod

504 2050 204 66 habetur
653 2050 111 66 in
708 2050 148 66 fine
801 2050 204 66 secundi
949 2050 204 66 physic.
1097 2050 130 66 Sic
1171 2050 148 66 ergo
1263 2050 204 66 videtur
1411 2050 222 66 dicendum
1578 2050 111 66 ad
1633 2050 296 66 quaestionem,
1874 2050 148 66 quod
1966 2050 278 66 elementorum
2170 2050 111 66 dil-

507 2095 188 74 positio
644 2095 86 74 &
678 2095 137 74 ordo
764 2095 120 74 non
832 2095 120 74 est
901 2095 86 74 a
935 2095 171 74 caelo,
1055 2095 120 74 sed
1123 2095 223 74 immediate
1295 2095 86 74 a
1329 2095 137 74 deo,
1415 2095 137 74 siue
1500 2095 103 74 in
1552 2095 154 74 primo
1654 2095 206 74 instanti
1809 2095 240 74 creationis
1997 2095 171 74 mundi,
2117 2095 137 74 siue
2185 2095 86 74 per

508 2160 188 67 dierum
640 2160 282 67 interualla,
865 2160 113 67 vt
921 2160 188 67 narrat
1053 2160 244 67 scriptura
1241 2160 150 67 Gen.
1335 2160 150 67 Vnde
1429 2160 113 67 ne
1485 2160 263 67 occasionem
1692 2160 188 67 posset
1823 2160 225 67 accipere
1992 2160 188 67 humana
2105 2160 169 67 temeri-

508 2209 127 72 tas
581 2209 109 72 si
635 2209 237 72 scriptura
817 2209 218 72 narraret
981 2209 164 72 primo
1090 2209 182 72 factum
1218 2209 200 72 caelum,
1363 2209 91 72 &
1400 2209 182 72 deinde
1527 2209 237 72 elementa,
1709 2209 255 72 pronunciat
1909 2209 164 72 simul
2018 2209 109 72 ea
2073 2209 182 72 facta:
2182 2209 91 72 cum

513 2264 186 65 dicit.
644 2264 112 65 In
699 2264 242 65 principio
885 2264 204 65 creauit
1034 2264 149 65 deus
1127 2264 186 65 caelum
1257 2264 93 65 &
1294 2264 204 65 terram.
1443 2264 186 65 nomine
1573 2264 186 65 terrae
1703 2264 204 65 naturam
1852 2264 186 65 omnium
1982 2264 279 65 elementorum
2186 2264 93 65 ex-

512 2316 214 76 plicando.
676 2316 198 76 Secundum
824 2316 132 76 hunc
907 2316 132 76 enim
989 2316 148 76 modum
1088 2316 148 76 dicit
1186 2316 165 76 Ambro.
1302 2316 99 76 in
1351 2316 165 76 Hexam,
1466 2316 132 76 quod
1549 2316 214 76 scriptura
1713 2316 214 76 describit
1878 2316 165 76 tertio
1993 2316 115 76 die
2059 2316 148 76 facta
2141 2316 132 76 terrae

511 2377 215 76 nascentia:
679 2377 107 76 cum
741 2377 123 76 sol,
818 2377 138 76 luna,
910 2377 77 76 &
940 2377 169 76 stellae
1063 2377 184 76 legantur
1201 2377 153 76 factae
1308 2377 107 76 die
1370 2377 169 76 quarto:
1493 2377 92 76 ne
1539 2377 92 76 si
1585 2377 138 76 prius
1677 2377 123 76 sol,
1753 2377 138 76 luna,
1845 2377 77 76 &
1876 2377 169 76 stellae
1999 2377 107 76 per
2060 2377 123 76 quas
2122 2377 153 76 crescunt

517 2434 305 70 terraenascentia,
776 2434 137 70 facta
867 2434 290 70 describerentur,
1111 2434 137 70 illis
1203 2434 305 70 terraenascentium
1462 2434 213 70 procreatio
1630 2434 152 70 posset
1736 2434 183 70 ascribi.
1873 2434 122 70 Quod
1950 2434 122 70 ergo
2026 2434 183 70 arguitur
2163 2434 137 70 primo
2239 2434 46 70 i

513 2493 138 64 quod
599 2493 241 64 distinctio
788 2493 258 64 elementorum
995 2493 121 64 non
1064 2493 121 64 est
1133 2493 190 64 propter
1271 2493 155 64 caeli
1374 2493 172 64 motus:
1495 2493 138 64 quia
1581 2493 138 64 tunc
1667 2493 293 64 multiplicatio
1908 2493 172 64 motuum
2012 2493 258 64 corrumperetge

517 2545 181 73 nerata:
648 2545 115 73 hoc
714 2545 115 73 non
780 2545 230 73 concludit.
961 2545 132 73 quia
1043 2545 115 73 per
1109 2545 99 73 ea
1159 2545 115 73 res
1224 2545 132 73 nata
1307 2545 115 73 est
1373 2545 99 73 in
1422 2545 132 73 esse
1504 2545 230 73 conseruari
1685 2545 82 73 &
1718 2545 214 73 generari:
1883 2545 115 73 cum
1949 2545 214 73 generatio
2113 2545 115 73 est
2179 2545 132 73 natu

506 2592 170 80 ralis,
625 2592 85 80 &
659 2592 119 80 non
727 2592 119 80 sit
795 2592 221 80 corruptio
965 2592 119 80 per
1033 2592 170 80 actuum
1152 2592 357 80 multiplicationem,
1458 2592 136 80 nisi
1543 2592 119 80 cum
1611 2592 136 80 sint
1696 2592 119 80 rei
1764 2592 221 80 generatae
1934 2592 272 80 innaturales.
2138 2592 136 80 Vndeil

507 2650 102 68 li
558 2650 119 68 qui
626 2650 153 68 primo
728 2650 136 68 sunt
813 2650 255 68 innaturales
1018 2650 170 68 quando
1137 2650 102 68 ex
1188 2650 170 68 aliqua
1307 2650 255 68 proportione
1511 2650 255 68 contingente
1715 2650 153 68 fiunt
1817 2650 221 68 naturales
1988 2650 204 68 constare
2124 2650 153 68 faciunt

513 2707 150 57 quae
607 2707 169 57 prius
719 2707 318 57 dissoluebant.
982 2707 206 57 dicente
1131 2707 262 57 philosopho
1337 2707 112 57 de
1394 2707 281 57 generatione
1618 2707 244 57 animalium
1806 2707 112 57 ex
1862 2707 281 57 putrefactis
2087 2707 112 57 in
2124 2707 150 57 quarto

516 2755 204 61 Meteoro.
669 2755 153 61 Calor
770 2755 271 61 putrefaciens
991 2755 220 61 naturalis
1161 2755 119 61 cum
1228 2755 119 61 sit
1296 2755 204 61 constare
1449 2755 153 61 facit
1551 2755 254 61 disgregata.
1754 2755 102 61 Ad
1805 2755 204 61 secundum
1958 2755 136 61 quod
2043 2755 153 61 motus
2127 2755 153 61 caelige

507 2815 148 75 nerat
605 2815 198 75 animata:
754 2815 132 75 ergo
836 2815 148 75 multo
935 2815 181 75 fortius
1067 2815 231 75 inanimata:
1249 2815 198 75 Dicendum
1397 2815 132 75 quod
1479 2815 148 75 verum
1578 2815 132 75 est.
1661 2815 115 75 sed
1727 2815 181 75 materia
1859 2815 214 75 supposita
2024 2815 115 75 sub
2090 2815 165 75 formis
2189 2815 82 75 ele

507 2866 233 79 mentaribus
691 2866 100 79 in
741 2866 167 79 quibus
857 2866 217 79 quodlibet
1024 2866 117 79 est
1090 2866 100 79 in
1140 2866 200 79 potentia
1290 2866 100 79 ad
1340 2866 233 79 quodlibet,
1523 2866 83 79 &
1557 2866 100 79 ad
1607 2866 183 79 illorum
1740 2866 233 79 eductionem
1923 2866 100 79 de
1973 2866 200 79 potentia
2106 2866 167 79 materiae

507 2920 209 67 secundum
664 2920 209 67 diuersas
821 2920 314 67 apprehensiones
1082 2920 87 67 &
1117 2920 297 67 coniunctiones
1362 2920 332 67 constellationum
1641 2920 87 67 &
1676 2920 175 67 motuum
1798 2920 279 67 diuersitatem
2025 2920 175 67 multam
2129 2920 140 67 operan

505 2980 118 57 tur
573 2980 186 57 corpora
708 2980 236 57 caelestia.
893 2980 135 57 Quod
977 2980 135 57 bene
1062 2980 152 57 dicit
1163 2980 135 57 Aui.
1247 2980 118 57 Sed
1315 2980 135 57 quod
1399 2980 202 57 producat
1551 2980 219 57 essentiam
1719 2980 202 57 materiae
1871 2980 101 57 in
1922 2980 135 57 esse
2006 2980 118 57 sub
2074 2980 186 57 formis,
2192 2980 84 57 hoc

510 3030 114 76 est
575 3030 227 76 figmentum,
753 3030 146 76 sicut
851 3030 146 76 totum
948 3030 146 76 illud
1046 3030 130 76 quod
1127 3030 146 76 dixit
1224 3030 97 76 de
1273 3030 211 76 creatione
1436 3030 292 76 intelligentiae
1679 3030 146 76 caeli
1777 3030 81 76 &
1809 3030 162 76 animae
1923 3030 162 76 caeli:
2037 3030 81 76 &
2069 3030 162 76 semper
2167 3030 97 76 pro-

505 3088 173 60 cedere
626 3088 104 60 de
677 3088 294 60 intelligentia
919 3088 242 60 superiori.
1109 3088 121 60 Hoc
1179 3088 138 60 enim
1265 3088 225 60 figmentum
1438 3088 138 60 est.
1524 3088 121 60 Non
1593 3088 138 60 enim
1680 3088 155 60 habet
1783 3088 207 60 creatura
1939 3088 207 60 mediandi
2077 3088 190 60 potentiam

510 3138 102 65 in
561 3138 153 65 actum
663 3138 256 65 creationis,
868 3138 204 65 secundum
1021 3138 136 65 quod
1106 3138 153 65 alias
1208 3138 187 65 poterit
1345 3138 238 65 declarari.

642 3197 250 79 Explicita
834 3197 134 79 est
911 3197 173 79 Sexta
1026 3197 269 79 disputatio
1237 3197 96 79 &
1276 3197 307 79 determinatio
1525 3197 115 79 de
1583 3197 231 79 Quolibet
1756 3197 231 79 Magistri
1929 3197 211 79 Henrici
2063 3197 58 79 a

646 3250 204 91 Gandauo
795 3250 297 91 Archidiaconi
1036 3250 241 91 Tornacen.
1221 3250 93 91 &
1258 3250 148 91 sunt
1351 3250 111 91 in
1407 3250 223 91 vniuerso
1574 3250 297 91 quaestiones.
1796 3250 167 91 xxxiii.
