2426 3767
466 255 126 86 modo
545 255 142 86 rerum
640 255 126 86 sunt
719 255 221 86 tantummodo
892 255 110 86 res
955 255 142 86 trium
1050 255 331 86 praedicamentorum:
1334 255 221 86 substantie
1507 255 189 86 scilicet
1649 255 252 86 quantitatis,
1854 255 79 86 &
1886 255 237 86 qualitatis.
2075 255 95 86 De
2122 255 126 86 sedo
2185 255 79 86 el-

475 330 127 78 modo
555 330 127 78 sunt
634 330 111 78 res
697 330 191 78 aliorum.
840 330 127 78 vii.
920 330 318 78 praedicamentorum
1190 330 191 78 secundum
1332 330 143 78 modum
1428 330 143 78 alias
1523 330 79 78 a
1555 330 143 78 nobis
1650 330 206 78 expositum
1809 330 95 78 in
1856 330 175 78 quandam
1983 330 222 78 quaestione
2158 330 95 78 de
2190 330 79 78 pre

475 398 214 73 dicamentis
643 398 92 73 in
688 398 168 73 commni.
810 398 153 73 Quarum
917 398 122 73 quia
993 398 107 73 non
1054 398 107 73 est
1115 398 153 73 aliqua
1222 398 198 73 realitas,
1375 398 168 73 propria
1497 398 122 73 alia
1573 398 76 73 a
1603 398 198 73 realitate
1756 398 168 73 aliorum
1878 398 137 73 trium
1969 398 168 73 generum
2091 398 122 73 supe
2168 398 122 73 quae

474 446 241 67 fundantur,
663 446 103 67 vt
715 446 103 67 in
766 446 224 67 quibusdam
938 446 155 67 aliis
1041 446 309 67 quaestionibus,
1299 446 86 67 &
1334 446 258 67 ordinariis,
1540 446 86 67 &
1574 446 103 67 de
1626 446 206 67 Quolibet
1781 446 224 67 diffusius
1953 446 258 67 exposuimus,
2159 446 86 67 &
2176 446 86 67 iam

467 509 206 76 amplius
617 509 243 76 exponemus
804 509 112 76 in
860 509 243 76 solutione
1047 509 243 76 argumenti
1234 509 224 76 secundi:
1402 509 150 76 ideo
1496 509 150 76 dico
1589 509 150 76 quod
1682 509 262 76 relationes
1888 509 93 76 &
1925 509 280 76 generaliter
2131 509 131 76 reiii

472 567 354 66 praedicamentorum
774 567 195 66 aliorum
915 567 89 66 a
951 567 266 66 substantia,
1163 567 248 66 qualitate,
1358 567 89 66 &
1394 567 266 66 quantitate,
1606 567 124 66 non
1677 567 177 66 habent
1801 567 213 66 proprias
1961 567 159 66 ideas
2067 567 106 66 in
2120 567 124 66 deo
2173 567 89 66 ali

468 616 110 75 ab
523 616 166 75 ideis
633 616 202 75 illorum
780 616 368 75 praedicamentorum
1093 616 166 75 super
1204 616 184 75 quorum
1332 616 129 75 res
1406 616 258 75 fundantur.
1609 616 166 75 RErum
1719 616 166 75 autem
1829 616 258 75 naturalium
2032 616 147 75 quae
2105 616 166 75 sunticu

473 668 123 70 dum
544 668 106 70 se
597 668 88 70 &
632 668 106 70 ad
684 668 211 70 seipsas,
843 668 193 70 quaedam
983 668 141 70 sunt
1071 668 299 70 essentialiter
1317 668 106 70 id
1370 668 141 70 quod
1458 668 141 70 sunt
1546 668 211 70 secundum
1704 668 106 70 se
1757 668 88 70 &
1792 668 106 70 ad
1845 668 123 70 se:
1915 668 193 70 quaedam
2056 668 141 70 vero
2126 668 141 70 acciu-

466 729 196 79 taliter
609 729 267 79 tantummodo.
822 729 107 79 De
876 729 160 79 primo
983 729 178 79 genere
1107 729 142 79 sunt
1196 729 249 79 tantummodo
1392 729 160 79 rerum
1499 729 249 79 quiditates
1695 729 89 79 &
1731 729 232 79 essentiae
1909 729 249 79 specilicae
2087 729 178 79 secundum

475 797 198 62 rationem
623 797 181 62 speciei
754 797 313 62 specialissimae.
1018 797 99 62 De
1067 797 181 62 secundo
1199 797 132 62 vero
1281 797 165 62 genere
1396 797 181 62 quaedam
1528 797 132 62 sunt
1610 797 99 62 id
1660 797 132 62 quod
1742 797 132 62 sunt
1825 797 198 62 secundum
1973 797 99 62 se
2022 797 82 62 &
2055 797 99 62 ad
2104 797 99 62 se
2154 797 148 62 acti-

479 844 235 78 dentaliter:
667 844 78 78 &
699 844 110 78 hoc
762 844 110 78 vel
824 844 125 78 quia
903 844 141 78 opere
997 844 235 78 intellectus
1185 844 251 78 consideratae
1389 844 94 78 in
1436 844 157 78 natura
1546 844 204 78 essentiae
1702 844 235 78 specificae:
1891 844 78 78 &
1922 844 220 78 abstractae
2095 844 172 78 abilla:
2204 844 63 78 it

474 897 131 58 sunt
556 897 246 58 intentiones
753 897 164 58 primae
868 897 181 58 generis
999 897 82 58 &
1032 897 279 58 differentiae:
1262 897 99 58 vt
1311 897 197 58 animalis
1459 897 82 58 &
1492 897 230 58 rationalis
1673 897 99 58 in
1722 897 181 58 homine:
1853 897 115 58 vel
1919 897 131 58 quia
2001 897 246 58 opreagentis
2198 897 99 58 i-

475 954 177 71 turalis
604 954 113 71 seu
668 954 290 71 supernaturalis
910 954 209 71 productae
1071 954 97 71 in
1119 954 129 71 esse
1200 954 97 71 in
1248 954 161 71 natura
1361 954 161 71 ipsius
1474 954 209 71 essentiae
1635 954 242 71 specificae:
1828 954 97 71 vt
1876 954 129 71 sunt
1957 954 209 71 indiuidua
2118 954 113 71 sub
2166 954 97 71 ipsa

475 1013 213 74 contenta:
639 1013 148 74 sicut
737 1013 180 74 Petrus,
868 1013 180 74 Paulus,
999 1013 82 74 &
1032 1013 213 74 huiusmodi
1196 1013 115 74 sub
1262 1013 180 74 homine.
1393 1013 115 74 Res
1458 1013 148 74 autem
1557 1013 98 74 de
1606 1013 180 74 vtroque
1737 1013 180 74 istorum
1868 1013 246 74 modorumquia
2048 1013 230 74 accidentali:

478 1062 109 77 ter
541 1062 124 77 sunt
618 1062 93 77 id
665 1062 124 77 quod
743 1062 124 77 sunt
821 1062 187 77 secundum
961 1062 93 77 se
1008 1062 78 77 &
1039 1062 93 77 ad
1085 1062 109 77 se:
1148 1062 171 77 idcirco
1272 1062 124 77 dico
1350 1062 124 77 quod
1428 1062 156 77 neutra
1537 1062 140 77 earum
1630 1062 140 77 habet
1723 1062 140 77 ideam
1817 1062 93 77 in
1863 1062 124 77 deo.
1941 1062 78 77 &
1972 1062 233 77 specialiter
2159 1062 109 77 non
2206 1062 62 77 la

483 1122 114 75 bent
554 1122 143 75 ideas,
654 1122 171 75 proprias
783 1122 157 75 generis
897 1122 71 75 &
925 1122 243 75 differentiae:
1125 1122 114 75 quia
1197 1122 100 75 non
1254 1122 143 75 dicunt
1354 1122 114 75 nisi
1425 1122 100 75 rem
1482 1122 143 75 eandem
1582 1122 114 75 quam
1654 1122 129 75 dicit
1740 1122 171 75 species,
1868 1122 214 75 differentem
2039 1122 129 75 solum
2125 1122 171 75 secundui

474 1175 181 65 rationem
609 1175 181 65 completi
745 1175 75 65 &
775 1175 226 65 incompleti.
956 1175 120 65 ldea
1031 1175 135 65 autem
1121 1175 105 65 non
1181 1175 105 65 est
1242 1175 135 65 ratio
1332 1175 120 65 nisi
1407 1175 105 65 rei
1467 1175 105 65 sub
1528 1175 166 65 ratione
1648 1175 181 65 completi
1783 1175 90 65 in
1829 1175 151 65 natura
1934 1175 75 65 &
1964 1175 196 65 essentia:
2114 1175 120 65 quae
2190 1175 105 65 non

475 1233 111 77 est
538 1233 126 77 nisi
617 1233 95 77 in
665 1233 158 77 specie
775 1233 284 77 specialissima.
1012 1233 205 77 Similiter
1170 1233 142 77 neque
1265 1233 205 77 indiuidua
1423 1233 111 77 sub
1486 1233 174 77 specie:
1612 1233 95 77 eo
1660 1233 126 77 quod
1739 1233 142 77 nihil
1834 1233 111 77 rei
1897 1233 158 77 addunt
2007 1233 142 77 super
2086 1233 174 77 essentiam

483 1286 169 73 speciei
605 1286 92 73 ad
651 1286 92 73 id
697 1286 123 73 quid
774 1286 107 73 est
835 1286 138 73 reale
927 1286 92 73 in
973 1286 138 73 ipsa,
1065 1286 123 73 siue
1142 1286 153 73 fuerit
1249 1286 138 73 forma
1341 1286 153 73 tantum
1448 1286 92 73 vt
1494 1286 92 73 in
1540 1286 184 73 angelis:
1678 1286 107 73 non
1740 1286 123 73 enim
1816 1286 107 73 est
1878 1286 123 73 alia
1954 1286 138 73 ratio
2046 1286 184 73 formalis
2169 1286 92 73 ange

483 1344 99 62 li
532 1344 247 62 simpliciter
730 1344 82 62 &
763 1344 148 62 huius
861 1344 181 62 angeli:
993 1344 132 62 quia
1076 1344 115 62 non
1142 1344 214 62 differunt
1306 1344 132 62 nisi
1389 1344 148 62 sicut
1488 1344 297 62 indeterminatum
1735 1344 82 62 &
1768 1344 280 62 determinatum:
1998 1344 132 62 siue
2081 1344 165 62 fuerit
2180 1344 82 62 con

478 1394 172 85 positum
604 1394 94 85 ex
651 1394 172 85 materia
776 1394 78 85 &
808 1394 157 85 forma:
917 1394 94 85 vt
964 1394 94 85 in
1011 1394 267 85 corporalibus.
1231 1394 110 85 Sed
1294 1394 204 85 indiuidua
1451 1394 110 85 sub
1513 1394 125 85 tali
1592 1394 188 85 specie,e
1733 1394 188 85 scilicet
1874 1394 141 85 dicit
1968 1394 172 85 aliquid
2078 1394 188 85 compositum

477 1453 105 73 ex
530 1453 193 73 materia
671 1453 88 73 &
706 1453 176 73 forma,
829 1453 141 73 sunt
917 1453 105 73 in
969 1453 316 73 duplicigenere.
1233 1453 141 73 quia
1321 1453 193 73 quaedam
1461 1453 123 73 est
1532 1453 158 73 forma
1637 1453 246 73 materialis
1830 1453 246 73 specifica:
2024 1453 123 73 sub
2094 1453 123 73 qua
2147 1453 105 73 plu-

473 1518 116 71 res
540 1518 198 71 secundum
688 1518 182 71 numerum
820 1518 116 71 non
886 1518 132 71 sunt
969 1518 149 71 natae
1068 1518 149 71 fieri
1167 1518 116 71 vna
1233 1518 198 71 secundum
1382 1518 198 71 numerum,
1530 1518 116 71 nec
1596 1518 231 71 econverso:
1778 1518 99 71 vt
1828 1518 116 71 est
1894 1518 149 71 forma
1993 1518 182 71 hominis
2125 1518 165 71 inquan

475 1565 116 77 tum
542 1565 116 77 est
608 1565 132 77 homo
691 1565 182 77 Quaedam
823 1565 132 77 vero
906 1565 132 77 alia
989 1565 116 77 est
1055 1565 116 77 sub
1121 1565 116 77 qua
1187 1565 166 77 plures
1303 1565 199 77 secundum
1452 1565 182 77 numerum
1584 1565 149 77 natae
1684 1565 132 77 sunt
1766 1565 149 77 fieri
1866 1565 116 77 vna
1932 1565 199 77 secundum
2081 1565 199 77 numerum:
2213 1565 50 77 &

474 1630 235 61 econuerso.
659 1630 135 61 immo
743 1630 151 61 omnia
844 1630 135 61 quae
928 1630 135 61 nata
1012 1630 135 61 sunt
1097 1630 151 61 illam
1197 1630 168 61 formam
1315 1630 269 61 participare,
1534 1630 135 61 nata
1618 1630 135 61 sunt
1702 1630 151 61 fieri
1803 1630 135 61 vnum
1887 1630 202 61 secundum
2039 1630 185 61 formam:
2173 1630 84 61 &
2190 1630 84 61 hoc

481 1674 175 82 quantum
608 1674 111 82 est
672 1674 96 82 ex
720 1674 143 82 parte
816 1674 191 82 materiae
959 1674 80 82 &
991 1674 159 82 illius
1102 1674 159 82 formae
1214 1674 96 82 vt
1262 1674 111 82 est
1325 1674 143 82 forma
1421 1674 207 82 continui.
1580 1674 143 82 Omnia
1676 1674 127 82 enim
1755 1674 223 82 corporalia
1931 1674 127 82 siue
2010 1674 191 82 habentia
2138 1674 127 82 formam

471 1736 291 75 continuitatis
711 1736 103 75 in
762 1736 205 75 materia:
916 1736 188 75 quantum
1053 1736 120 75 est
1121 1736 103 75 ex
1173 1736 154 75 parte
1275 1736 205 75 materiae
1429 1736 86 75 &
1464 1736 171 75 formae
1583 1736 308 75 continuitatis,
1840 1736 137 75 quia
1926 1736 137 75 ambo
2011 1736 188 75 eiusdem
2131 1736 120 75 ratio

474 1778 117 80 nis
541 1778 133 80 sunt
624 1778 100 80 in
674 1778 200 80 omnibus,
824 1778 133 80 nata
907 1778 133 80 sunt
991 1778 133 80 esse
1074 1778 133 80 vnum
1157 1778 216 80 continuum
1324 1778 200 80 secundum
1473 1778 200 80 numerum.
1623 1778 100 80 Si
1673 1778 150 80 autem
1773 1778 117 80 sit
1840 1778 150 80 forma
1940 1778 150 80 primo
2040 1778 150 80 modo,
2139 1778 117 80 sic
2189 1778 67 80 vt

477 1840 130 81 prius
563 1840 101 81 non
621 1840 101 81 est
679 1840 116 81 alia
752 1840 130 81 ratio
839 1840 145 81 ipsius
940 1840 159 81 speciei
1056 1840 232 81 simpliciter:
1245 1840 72 81 &
1274 1840 232 81 indiuiduorum
1462 1840 101 81 sub
1520 1840 130 81 ipsa:
1607 1840 87 81 vt
1650 1840 159 81 hominis
1766 1840 72 81 &
1795 1840 145 81 illius
1897 1840 174 81 hominis:
2027 1840 145 81 quaere
2129 1840 101 81 nec
2172 1840 87 81 alia

479 1895 154 74 idea,
581 1895 154 74 sicut
684 1895 171 74 dictum
804 1895 120 74 est
872 1895 103 74 de
923 1895 205 74 angelis:
1077 1895 85 74 &
1111 1895 256 74 quemadmodum
1317 1895 256 74 specialiter
1522 1895 154 74 alias
1624 1895 274 74 determinatum
1847 1895 120 74 est
1915 1895 85 74 &
1949 1895 222 74 expositum
2120 1895 85 74 a
2137 1895 120 74 nobis

473 1951 96 78 in
521 1951 129 78 alio
602 1951 209 78 Quolibet.
762 1951 96 78 Si
811 1951 129 78 vero
891 1951 113 78 sit
955 1951 145 78 forma
1052 1951 113 78 vna
1116 1951 177 78 secundo
1245 1951 145 78 modo:
1341 1951 113 78 sic
1406 1951 113 78 non
1470 1951 113 78 est
1534 1951 129 78 alia
1615 1951 145 78 ratio
1711 1951 161 78 ipsius
1824 1951 161 78 formae
1936 1951 129 78 siue
2017 1951 193 78 speciei:
2162 1951 96 78 vt
2194 1951 64 78 se

481 2008 165 83 cundum
597 2008 99 83 se
647 2008 83 83 &
680 2008 248 83 simpliciter
878 2008 264 83 consideratae
1093 2008 83 83 &
1126 2008 99 83 vt
1176 2008 99 83 in
1225 2008 248 83 indiuiduis,
1424 2008 132 83 nisi
1506 2008 165 83 qualis
1622 2008 116 83 est
1688 2008 248 83 differentia
1886 2008 165 83 formae
2002 2008 99 83 in
2052 2008 132 83 toto
2118 2008 132 83 homoge

484 2058 119 79 neo
552 2058 85 79 &
586 2058 102 79 in
637 2058 136 79 suis
723 2058 222 79 partibus.
893 2058 154 79 Omnia
996 2058 136 79 enim
1081 2058 205 79 habentia
1235 2058 171 79 formam
1354 2058 290 79 continuitatis
1593 2058 102 79 in
1644 2058 205 79 materia,
1797 2058 188 79 quantum
1934 2058 119 79 est
2002 2058 102 79 ex
2053 2058 171 79 natura
2156 2058 102 79 mate

474 2118 131 82 riae
556 2118 82 82 &
588 2118 164 82 formae
703 2118 295 82 continuitatis,
949 2118 131 82 nata
1031 2118 131 82 sunt
1112 2118 131 82 esse
1194 2118 131 82 vnum
1276 2118 213 82 continuum
1440 2118 197 82 secundum
1587 2118 197 82 numerum:
1735 2118 246 82 quemadmodum
1931 2118 147 82 omnis
2030 2118 131 82 aqua
2112 2118 131 82 nata
2177 2118 82 82 est

472 2182 141 73 esse
560 2182 123 73 vna
631 2182 158 73 aqua.
736 2182 123 73 Sed
807 2182 141 73 ista
894 2182 229 73 indiuidua
1070 2182 193 73 diuersa
1211 2182 229 73 contingit
1387 2182 229 73 comparare
1563 2182 106 73 ad
1615 2182 176 73 formam
1738 2182 264 73 simpliciter
1949 2182 193 73 duplici
2090 2182 158 73 modo.
2178 2182 88 73 Vno

469 2225 144 88 modo
559 2225 108 88 vt
613 2225 126 88 est
685 2225 270 88 simpliciter
901 2225 162 88 forma
1008 2225 108 88 in
1062 2225 216 88 materia.
1224 2225 144 88 Alio
1314 2225 162 88 autem
1422 2225 144 88 modo
1512 2225 108 88 vt
1566 2225 144 88 nata
1656 2225 126 88 est
1728 2225 144 88 esse
1818 2225 144 88 tota
1907 2225 108 88 in
1961 2225 126 88 vna
2033 2225 198 88 materia
2159 2225 108 88 nume

475 2294 106 75 ro.
535 2294 91 75 Si
581 2294 136 75 primo
672 2294 136 75 modo,
763 2294 106 75 sic
824 2294 91 75 vt
869 2294 136 75 prius
960 2294 106 75 non
1021 2294 106 75 est
1081 2294 121 75 alia
1157 2294 136 75 ratio
1248 2294 152 75 ipsius
1354 2294 167 75 speciei
1476 2294 121 75 siue
1551 2294 152 75 formae
1658 2294 258 75 continuitatis
1870 2294 243 75 simpliciter:
2067 2294 76 75 &
2097 2294 197 75 indiuiduo

477 2337 108 76 rum
538 2337 108 76 sub
600 2337 138 76 ipsa:
692 2337 138 76 sicut
784 2337 108 76 nec
845 2337 169 76 hominis
968 2337 108 76 aut
1030 2337 154 76 angeli
1137 2337 77 76 &
1168 2337 246 76 indiuiduorum
1368 2337 108 76 sub
1429 2337 154 76 ipsis:
1537 2337 92 76 vt
1583 2337 108 76 sub
1644 2337 123 76 toto
1721 2337 215 76 vniversal:
1890 2337 138 76 quare
1982 2337 108 76 nec
2044 2337 123 76 alia
2121 2337 138 76 idea.
2198 2337 61 76 Si

479 2392 172 82 secundo
604 2392 141 82 modo,
698 2392 109 82 sic
761 2392 141 82 adhuc
854 2392 109 82 non
917 2392 109 82 est
979 2392 125 82 alia
1057 2392 141 82 ratio
1151 2392 156 82 formae
1260 2392 266 82 continuitatis
1479 2392 234 82 simpliciter
1666 2392 78 82 &
1698 2392 172 82 partium
1823 2392 234 82 contentarum
2010 2392 109 82 sub
2073 2392 125 82 ipsa
2151 2392 94 82 vt
2182 2392 78 82 sub

475 2452 124 70 toto
553 2452 218 70 integrali:
724 2452 140 70 quare
818 2452 109 70 nec
880 2452 124 70 alia
958 2452 140 70 idea.
1051 2452 93 70 Et
1098 2452 109 70 per
1160 2452 124 70 hunc
1238 2452 140 70 modum
1331 2452 156 70 numeri
1440 2452 93 70 de
1487 2452 265 70 praedicamento
1705 2452 249 70 quantitatis,
1907 2452 171 70 proprie
2032 2452 109 70 non
2094 2452 156 70 habent
2187 2452 78 70 pro

475 2500 132 95 priam
563 2500 132 95 ideam
651 2500 103 95 sed
710 2500 132 95 solum
798 2500 132 95 illam
886 2500 117 95 quae
959 2500 103 95 est
1018 2500 147 95 formae
1120 2500 264 95 continuitatis:
1340 2500 88 95 in
1384 2500 103 95 qua
1443 2500 176 95 vnitates
1575 2500 147 95 numeri
1678 2500 191 95 aliquando
1824 2500 132 95 erant
1912 2500 235 95 continuatae:
2103 2500 103 95 aut
2161 2500 132 95 natae

473 2565 149 80 erant
573 2565 232 80 continuari
756 2565 183 80 quantum
888 2565 116 80 est
955 2565 100 80 ex
1005 2565 166 80 natura
1121 2565 199 80 materiae
1270 2565 83 80 &
1303 2565 166 80 formae
1419 2565 299 80 continuitatis:
1668 2565 149 80 licet
1768 2565 116 80 non
1834 2565 183 80 ratione
1967 2565 232 80 vlterioris
2133 2565 133 80 formae

488 2610 94 85 vt
535 2610 236 85 humanitatis
724 2610 110 85 aut
787 2610 268 85 asininitatis.
1008 2610 173 85 Numerus
1134 2610 142 85 enim,
1228 2610 173 85 proprie
1354 2610 157 85 dictus
1464 2610 110 85 non
1527 2610 110 85 est
1590 2610 126 85 nisi
1669 2610 205 85 multitudo
1826 2610 94 85 ex
1873 2610 173 85 vnitate
1999 2610 189 85 profusa:
2141 2610 110 85 per
2204 2610 94 85 di

485 2672 174 79 uisionem
616 2672 174 79 scilicet
747 2672 189 79 continui:
892 2672 73 79 &
921 2672 102 79 hoc
979 2672 102 79 vel
1037 2672 116 79 eius
1110 2672 116 79 quid
1182 2672 189 79 aliquando
1327 2672 160 79 extitit
1443 2672 102 79 sub
1501 2672 102 79 vna
1559 2672 131 79 forma
1646 2672 261 79 continuitatis:
1864 2672 102 79 vel
1922 2672 116 79 quod
1995 2672 131 79 natum
2082 2672 116 79 erat
2140 2672 116 79 existe

483 2724 96 85 re
531 2724 177 85 quantum
659 2724 112 85 est
724 2724 96 85 de
772 2724 160 85 natura
884 2724 193 85 materiae
1029 2724 80 85 &
1061 2724 160 85 formae
1173 2724 289 85 continuitatis:
1414 2724 144 85 licet
1510 2724 160 85 formae
1622 2724 144 85 aliae
1718 2724 241 85 differentes
1911 2724 160 85 specie
2023 2724 144 85 penes
2120 2724 128 85 illa
2200 2724 96 85 di

477 2775 201 89 uidantur
628 2775 134 89 quae
712 2775 117 89 sub
779 2775 151 89 forma
879 2775 184 89 conmuni
1013 2775 251 89 constituunt
1214 2775 184 89 numerum
1348 2775 201 89 formarum
1499 2775 285 89 essentialiter
1734 2775 285 89 differentium:
1968 2775 117 89 non
2035 2775 151 89 autem
2119 2775 151 89 numerum

472 2841 229 77 simpliciter
655 2841 92 77 de
701 2841 259 77 praedicamento
914 2841 244 77 quantitatis,
1113 2841 107 77 qui
1174 2841 107 77 est
1235 2841 137 77 eorum
1326 2841 122 77 quae
1402 2841 275 77 accidentaliter
1631 2841 214 77 differunt:
1799 2841 183 77 secundum
1936 2841 122 77 quod
2013 2841 92 77 de
2058 2841 107 77 hoc
2119 2841 137 77 alibi
2196 2841 76 77 ser

476 2886 98 80 mo
525 2886 179 80 habitus
655 2886 130 80 est.
736 2886 130 80 Vnde
818 2886 130 80 quia
899 2886 179 80 partium
1030 2886 163 80 numeri
1144 2886 130 80 siue
1225 2886 196 80 vnitatum
1372 2886 130 80 eius
1453 2886 114 80 non
1518 2886 114 80 est
1584 2886 130 80 alia
1665 2886 147 80 forma
1763 2886 244 80 essentialis
1958 2886 130 80 quam
2040 2886 114 80 sit
2105 2886 147 80 forma
2187 2886 81 80 con

479 2948 234 71 tinuitatis
663 2948 100 71 in
713 2948 150 71 prima
813 2948 200 71 vnitate:
963 2948 83 71 a
997 2948 117 71 qua
1063 2948 267 71 discinduntur
1280 2948 134 71 siue
1364 2948 150 71 natae
1464 2948 134 71 sunt
1547 2948 217 71 discindi:
1714 2948 117 71 nec
1781 2948 117 71 est
1848 2948 250 71 differentia
2048 2948 150 71 inter
2131 2948 134 71 conti-

473 3011 121 75 nuum
549 3011 76 75 &
579 3011 197 75 discretum
730 3011 121 75 nisi
806 3011 182 75 secundum
942 3011 197 75 respectum
1093 3011 167 75 quendam
1215 3011 76 75 &
1245 3011 167 75 ordinem
1366 3011 167 75 partium
1487 3011 136 75 inter
1578 3011 106 75 se:
1638 3011 151 75 aliter
1744 3011 91 75 se
1790 3011 197 75 habentium
1941 3011 136 75 inter
2032 3011 91 75 se
2077 3011 91 75 in
2108 3011 151 75 continuo

478 3057 82 75 &
510 3057 165 75 aliter
626 3057 99 75 in
675 3057 214 75 discreto:
840 3057 132 75 quia
922 3057 99 75 in
972 3057 198 75 continuo
1120 3057 231 75 copulantur
1301 3057 165 75 partes
1417 3057 99 75 ad
1466 3057 198 75 communem
1614 3057 214 75 terminum:
1779 3057 99 75 in
1829 3057 198 75 discreto
1977 3057 148 75 autem
2059 3057 198 75 nequaquam&

481 3106 113 79 hoc
546 3106 113 79 non
610 3106 211 79 contingit
772 3106 194 79 discreto
918 3106 97 79 ex
967 3106 162 79 natura
1080 3106 194 79 alicuius
1226 3106 194 79 positiui
1371 3106 97 79 in
1420 3106 130 79 quid
1501 3106 146 79 addit
1598 3106 146 79 super
1695 3106 227 79 continuum:
1873 3106 113 79 sed
1938 3106 162 79 potius
2051 3106 97 79 ex
2084 3106 178 79 naturapri

482 3161 162 66 uatiui
595 3161 97 66 in
644 3161 113 66 quo
708 3161 178 66 deficit
838 3161 81 66 a
870 3161 210 66 continuo:
1032 3161 178 66 numerus
1161 3161 129 66 enim
1242 3161 194 66 secundum
1388 3161 226 66 philosopum
1566 3161 113 66 non
1630 3161 146 66 habet
1727 3161 129 66 esse
1808 3161 113 66 nec
1873 3161 210 66 intelligi
2035 3161 129 66 nisi
2099 3161 162 66 priuatio

467 3215 98 86 ne
516 3215 213 86 continui:
679 3215 98 86 et
728 3215 115 86 sic
794 3215 180 86 numerus
925 3215 131 86 siue
1006 3215 196 86 discreta
1154 3215 213 86 quantitas
1317 3215 147 86 nihil
1415 3215 147 86 addit
1514 3215 147 86 super
1612 3215 213 86 continuum
1775 3215 131 86 nisi
1857 3215 196 86 rationem
2004 3215 245 86 negationis:
2184 3215 82 86 aut
