2462 3729
476 266 147 79 neque
574 266 114 79 rei
639 266 245 79 quantitatis
835 266 163 79 inesem
949 266 245 79 afficiendo.
1145 266 131 79 Esse
1226 266 212 79 similiter
1390 266 98 79 ad
1439 266 147 79 aliud
1537 266 261 79 distinguitur
1749 266 196 79 secundum
1896 266 196 79 diuersos
2043 266 147 79 modos
2124 266 147 79 essendi

474 334 95 59 ad
522 334 142 59 aliud
616 334 111 59 in.
679 334 126 59 vii.
758 334 284 59 praedicamenta.
995 334 189 59 secundum
1137 334 126 59 quod
1216 334 142 59 alibi
1311 334 253 59 declarauimus
1516 334 95 59 in
1564 334 221 59 quaestione
1737 334 205 59 praetacta
1895 334 95 59 de
1942 334 300 59 praedicamentis.
2179 334 95 59 Quo-

479 376 120 68 rum.
554 376 75 68 v
584 376 181 68 scilicet
720 376 151 68 actio,
825 376 166 68 passio,
946 376 166 68 quando,
1066 376 120 68 vbi,
1141 376 151 68 situs,
1247 376 181 68 habitus,
1382 376 105 68 non
1442 376 196 68 fundantur
1593 376 120 68 nisi
1668 376 135 68 super
1758 376 105 68 rem
1818 376 241 68 quantitatis:
2014 376 135 68 licet
2089 376 181 68 diuersarum

487 435 205 69 specierum
645 435 252 69 quantitatis.
850 435 173 69 propter
976 435 126 69 quid
1055 435 126 69 sunt
1134 435 268 69 praedicamenta
1354 435 237 69 accidentium
1544 435 142 69 pure.
1638 435 284 69 Praedicamentum
1875 435 126 69 vero
1954 435 221 69 relationis
2127 435 79 69 &
2159 435 142 69 super

475 475 120 77 rem
543 475 256 77 substantiae
748 475 85 77 &
782 475 256 77 quantitatis
987 475 85 77 &
1021 475 239 77 qualitatis
1209 475 222 77 fundatur:
1380 475 120 77 nec
1448 475 188 77 dicitur
1585 475 307 77 praedicamentum
1841 475 239 77 accidentis
2029 475 137 77 nisi
2097 475 171 77 quatenus

473 538 180 60 fundatur
608 538 135 60 super
698 538 105 60 res
758 538 299 60 praedicamentorum
1012 538 225 60 accidentis,
1192 538 225 60 quantitatis
1372 538 180 60 scilicet
1506 538 75 60 &
1536 538 225 60 qualitatis.
1716 538 105 60 Nec
1776 538 135 60 tamen
1866 538 135 60 debet
1956 538 120 60 dici
2030 538 270 60 praedicamentum

481 593 240 62 substantiae
673 593 208 62 inquantum
833 593 192 62 fundatur
977 593 144 62 super
1073 593 112 62 rem
1137 593 256 62 substantiae,
1345 593 128 62 nisi
1424 593 256 62 intelligatur
1632 593 128 62 quod
1712 593 144 62 nomen
1808 593 240 62 substantiae
2000 593 96 62 vt
2048 593 112 62 est
2112 593 144 62 nomen
2192 593 80 62 se-

483 648 163 57 cundae
597 648 260 57 intentionis,
808 648 179 57 sumptum
938 648 114 57 sit
1003 648 81 57 a
1036 648 130 57 modo
1117 648 179 57 essendi
1247 648 98 57 in
1296 648 114 57 se,
1361 648 114 57 ita
1426 648 130 57 quod
1507 648 114 57 non
1573 648 98 57 in
1621 648 146 57 alio,
1719 648 114 57 non
1784 648 146 57 solum
1882 648 211 57 absolute,
2044 648 114 57 sed
2109 648 146 57 etiam
2207 648 98 57 ad

479 703 165 62 aliud,
594 703 99 62 vt
643 703 198 62 secundum
792 703 115 62 hoc
857 703 115 62 res
923 703 247 62 substantiae
1121 703 214 62 pertinent
1286 703 99 62 ad
1335 703 115 62 duo
1401 703 297 62 praedicamenta:
1648 703 82 62 &
1681 703 148 62 ipsum
1780 703 148 62 nomen
1879 703 247 62 substantiae
2076 703 99 62 vt
2126 703 115 62 est
2192 703 115 62 no-

489 747 106 67 men
549 747 181 67 secundae
685 747 241 67 intentionis,
881 747 106 67 est
941 747 121 67 cone
1017 747 90 67 ad
1062 747 106 67 duo
1122 747 271 67 praedicamenta.
1348 747 181 67 scilicet
1484 747 90 67 ad
1529 747 241 67 substantiam,
1725 747 166 67 proprie
1846 747 166 67 dictam,
1966 747 75 67 &
1997 747 90 67 ad
2042 747 211 67 relationem
2193 747 75 67 fun

490 810 133 69 datam
579 810 133 69 super
667 810 103 69 rem
726 810 236 69 substantiae:
918 810 118 69 quae
992 810 89 69 ex
1036 810 103 69 hoc
1095 810 133 69 etiam
1184 810 236 69 participaret
1376 810 74 69 &
1405 810 133 69 ipsum
1494 810 133 69 nomen
1582 810 221 69 substantiae
1759 810 192 69 inquantum
1907 810 177 69 fundatur
2040 810 133 69 super
2128 810 133 69 ipsam
2202 810 74 69 rem

491 857 262 85 praedicamenti
706 857 231 85 substantiae
891 857 170 85 proprie
1015 857 170 85 dictae.
1138 857 77 85 &
1169 857 108 85 hoc
1231 857 231 85 quemadmodum
1416 857 185 85 accidens
1554 857 108 85 est
1616 857 139 85 nomen
1709 857 231 85 intentionis
1894 857 185 85 secundae
2032 857 170 85 commnis
2140 857 139 85 sumptum

495 921 74 58 a
525 921 119 58 modo
599 921 164 58 essendi
718 921 149 58 alteri
823 921 223 58 inhaerendo:
1001 921 74 58 &
1031 921 104 58 hoc
1090 921 208 58 communiter
1254 921 119 58 siue
1329 921 179 58 absolute
1462 921 179 58 secundum
1596 921 119 58 quod
1671 921 104 58 est
1730 921 104 58 res
1790 921 253 58 praedicamenti
1998 921 223 58 quantitatis
2177 921 74 58 &
2207 921 104 58 qua

490 978 197 51 litatis:
637 978 131 51 siue
719 978 98 51 ad
768 978 164 51 aliud:
883 978 82 51 &
916 978 115 51 hoc
982 978 98 51 vt
1031 978 115 51 est
1096 978 115 51 res
1162 978 279 51 praedicamenti
1392 978 246 51 relationis.
1588 978 98 51 Et
1637 978 197 51 secundum
1785 978 115 51 hoc
1851 978 148 51 nomen
1949 978 230 51 accidentis
2113 978 164 51 conuenit

497 1021 144 73 tribus
597 1021 259 73 praedicamentis
813 1021 173 73 scilicet
942 1021 216 73 quantitati,
1115 1021 201 73 qualitati,
1273 1021 72 73 &
1302 1021 129 73 etiam
1388 1021 187 73 relationi
1532 1021 86 73 vt
1575 1021 173 73 fundatur
1705 1021 86 73 in
1748 1021 129 73 rebus
1834 1021 201 73 vtriusque.
1992 1021 86 73 Vt
2036 1021 129 73 autem
2122 1021 86 73 ad
2151 1021 129 73 maiorem

494 1079 241 68 declarationem
692 1079 170 68 dictorum
820 1079 227 68 intelligamus
1004 1079 113 68 quae
1075 1079 128 68 circa
1160 1079 241 68 praedicamenta
1359 1079 113 68 sint
1430 1079 156 68 nominia
1543 1079 142 68 rerum,
1643 1079 71 68 &
1671 1079 156 68 quomodo
1785 1079 71 68 &
1813 1079 85 68 ad
1855 1079 113 68 quid
1926 1079 241 68 significandum
2111 1079 170 68 imponuntur

496 1129 122 61 haec
572 1129 76 61 &
602 1129 137 61 illa:
693 1129 182 61 sciendum
830 1129 122 61 quod
906 1129 137 61 circa
997 1129 106 61 hoc
1058 1129 122 61 quod
1134 1129 106 61 est
1195 1129 152 61 dictum
1301 1129 106 61 iam
1362 1129 152 61 supra,
1468 1129 106 61 res
1529 1129 106 61 cui
1589 1129 182 61 conuenit
1726 1129 106 61 vel
1787 1129 137 61 natum
1878 1129 106 61 est
1939 1129 197 61 conuenire
2091 1129 122 61 esse
2167 1129 91 61 in
2197 1129 76 61 se:

498 1185 106 67 aut
559 1185 91 67 in
604 1185 137 67 alio:
695 1185 106 67 aut
756 1185 91 67 ad
802 1185 152 67 aliud,
908 1185 167 67 triplex
1029 1185 152 67 potest
1136 1185 137 67 fieri
1227 1185 167 67 nominis
1348 1185 213 67 impositio:
1516 1185 106 67 aut
1576 1185 182 67 praecise
1713 1185 91 67 ab
1759 1185 122 67 ipsa
1835 1185 106 67 re:
1895 1185 76 67 &
1926 1185 91 67 ad
1971 1185 182 67 praecise
2093 1185 182 67 significan

505 1236 106 66 dum
565 1236 136 66 ipsam
656 1236 121 66 rem:
732 1236 106 66 aut
792 1236 91 66 ab
837 1236 121 66 ipsa
913 1236 91 66 vt
958 1236 136 66 habet
1049 1236 136 66 talem
1140 1236 136 66 modum
1230 1236 166 66 essendi
1351 1236 76 66 &
1381 1236 91 66 ad
1427 1236 257 66 significandum
1638 1236 136 66 ipsam
1729 1236 181 66 secundum
1865 1236 121 66 quod
1941 1236 212 66 huiusmodi:
2107 1236 106 66 aut
2152 1236 121 66 praeci

497 1292 93 68 se
543 1292 93 68 ab
589 1292 124 68 ipso
667 1292 124 68 modo
744 1292 185 68 essendi:
883 1292 77 68 &
914 1292 93 68 ad
960 1292 185 68 praecise
1099 1292 278 68 representandum
1331 1292 139 68 illum
1424 1292 139 68 modum
1517 1292 185 68 essendi.
1656 1292 93 68 Si
1702 1292 139 68 primo
1795 1292 124 68 modo
1872 1292 139 68 nomen
1965 1292 139 68 esset
2058 1292 201 68 impositum
2197 1292 77 68 rei

501 1344 121 66 quae
577 1344 151 66 potest
683 1344 121 66 esse
758 1344 212 66 diuersorum
925 1344 303 66 praedicamentorum
1182 1344 182 66 secundum
1318 1344 182 66 diuersos
1454 1344 136 66 modos
1545 1344 182 66 essendi,
1682 1344 106 66 non
1742 1344 212 66 pertineret
1909 1344 106 66 res
1969 1344 121 66 illa
2045 1344 151 66 potius
2151 1344 91 66 ad
2196 1344 121 66 vnum

497 1402 173 66 illorum
623 1402 315 66 praedicamentorum
891 1402 126 66 quam
970 1402 95 66 ad
1017 1402 158 66 aliud:
1127 1402 79 66 &
1159 1402 142 66 esset
1253 1402 268 66 absolutissime
1474 1402 142 66 nomen
1568 1402 126 66 rei.
1647 1402 173 66 Secundo
1773 1402 126 66 vero
1852 1402 126 66 modo
1931 1402 189 66 diuersum
2072 1402 110 66 est
2135 1402 142 66 nomen
2214 1402 63 66 im

502 1460 174 65 positum
629 1460 127 65 tali
708 1460 127 65 rei,
788 1460 95 65 vt
835 1460 111 65 est
899 1460 143 65 vnius
994 1460 270 65 praedicamenti
1216 1460 127 65 res:
1295 1460 79 65 &
1327 1460 95 65 vt
1374 1460 111 65 est
1438 1460 206 65 alterius:
1596 1460 238 65 quemadmodum
1786 1460 143 65 eidem
1882 1460 111 65 rei
1945 1460 206 65 impositum
2104 1460 111 65 est
2167 1460 111 65 hoc
2215 1460 63 65 no

493 1512 116 62 men
560 1512 166 62 albedo
676 1512 83 62 &
709 1512 116 62 hoc
775 1512 149 62 nomen
875 1512 249 62 similitudo:
1073 1512 116 62 sed
1140 1512 116 62 hoc
1206 1512 149 62 nomen
1305 1512 166 62 albedo
1421 1512 99 62 vt
1471 1512 116 62 cui
1537 1512 199 62 convenit
1686 1512 166 62 inesse
1802 1512 166 62 alteri
1918 1512 149 62 ipsum
2018 1512 249 62 afficiendo:
2200 1512 83 62 hoc

494 1564 148 62 autem
592 1564 148 62 nomen
691 1564 230 62 similitudo
872 1564 99 62 vt
921 1564 115 62 cui
987 1564 164 62 inesse
1102 1564 197 62 conuenit
1250 1564 164 62 alteri
1365 1564 148 62 ipsum
1463 1564 99 62 ad
1513 1564 181 62 aliquae
1644 1564 230 62 ordinando.
1825 1564 214 62 Similiter
1989 1564 230 62 similitudo
2170 1564 99 62 si
2203 1564 82 62 fun

500 1612 145 64 detur
597 1612 145 64 super
693 1612 258 64 substantiam,
903 1612 97 64 vt
951 1612 145 64 super
1048 1612 258 64 humanitatem,
1257 1612 161 64 eandem
1370 1612 113 64 rem
1435 1612 242 64 significant
1628 1612 210 64 humanitas
1789 1612 81 64 &
1822 1612 242 64 similitudo:
2015 1612 113 64 sed
2079 1612 210 64 humanitas
2225 1612 64 64 vt

498 1663 142 64 habet
593 1663 95 64 in
640 1663 110 64 se:
703 1663 221 64 similitudo
876 1663 126 64 vero
955 1663 95 64 vt
1002 1663 142 64 habet
1097 1663 126 64 esse
1176 1663 95 64 in
1223 1663 158 64 ordine
1333 1663 95 64 ad
1380 1663 189 64 alterum:
1522 1663 110 64 ita
1585 1663 126 64 quod
1664 1663 126 64 alia
1743 1663 110 64 est
1806 1663 110 64 res
1869 1663 236 64 significata
2058 1663 158 64 nomine
2152 1663 126 64 simili

502 1726 163 66 tudinis
621 1726 89 66 vt
665 1726 178 66 fundatur
799 1726 133 66 super
888 1726 237 66 substantiam,
1080 1726 74 66 &
1110 1726 133 66 super
1199 1726 222 66 qualitatem:
1377 1726 104 66 sed
1436 1726 104 66 sub
1495 1726 104 66 vna
1555 1726 163 66 ratione
1673 1726 163 66 essendi
1792 1726 178 66 scilicet
1925 1726 193 66 respectus
2073 1726 89 66 ad
2118 1726 178 66 alterum.
2237 1726 44 66 &

502 1787 111 55 est
566 1787 143 55 nomen
661 1787 127 55 rei:
741 1787 111 55 sed
805 1787 96 55 vt
852 1787 143 55 circa
948 1787 143 55 ipsam
1043 1787 127 55 nata
1123 1787 111 55 est
1187 1787 239 55 considerari
1378 1787 191 55 intentio
1521 1787 175 55 secunda
1648 1787 207 55 rationis.
1807 1787 159 55 Tertio
1919 1787 127 55 modo
1998 1787 175 55 diuersa
2126 1787 127 55 sunt
2205 1787 111 55 no-

498 1829 130 68 mina
579 1829 194 68 imposita
725 1829 113 68 vel
789 1829 227 68 possibilia
968 1829 162 68 imponi
1081 1829 194 68 secundum
1227 1829 194 68 diuersos
1373 1829 146 68 illos
1470 1829 146 68 modos
1567 1829 178 68 essendi
1697 1829 194 68 praecise
1843 1829 275 68 considerantes
2069 1829 162 68 absque
2167 1829 113 68 ratio

497 1892 101 58 ne
548 1892 118 58 rei
615 1892 252 58 abstractae:
817 1892 84 58 &
851 1892 135 58 sunt
935 1892 185 58 nominia
1069 1892 236 58 secundarum
1254 1892 252 58 intentionum
1456 1892 151 58 circa
1557 1892 135 58 rem,
1642 1892 252 58 quemadmodum
1843 1892 84 58 &
1877 1892 118 58 hoc
1944 1892 151 58 nomen
2045 1892 202 58 accidens
2180 1892 101 58 impo

494 1936 147 55 situm
592 1936 115 55 est
657 1936 82 55 a
690 1936 131 55 modo
772 1936 180 55 essendi
903 1936 98 55 in
952 1936 164 55 altero
1066 1936 115 55 per
1132 1936 278 55 inhaerentiam:
1361 1936 82 55 &
1394 1936 115 55 est
1459 1936 196 55 secundae
1606 1936 245 55 intentionis
1803 1936 180 55 commune
1933 1936 196 55 pluribus
2064 1936 213 55 praedicamen

493 1988 125 71 tis.
571 1988 109 71 Sic
634 1988 94 71 si
681 1988 78 71 a
712 1988 187 71 singulis
852 1988 140 71 modis
946 1988 172 71 essendi
1070 1988 218 71 singulorum
1242 1988 187 71 praecise
1382 1988 172 71 nominia
1507 1988 156 71 essent
1616 1988 203 71 imposita,
1772 1988 125 71 illa
1850 1988 203 71 similiter
2006 1988 156 71 essent
2100 1988 187 71 secundarum

507 2036 231 65 intentionum:
695 2036 72 65 &
724 2036 174 65 singula,
854 2036 159 65 propria
969 2036 174 65 singulis
1100 2036 275 65 praedicamentis:
1331 2036 72 65 &
1360 2036 246 65 significarent
1563 2036 174 65 praecise
1693 2036 174 65 rationes
1823 2036 289 65 praedicamentorum
2069 2036 174 65 secundum
2185 2036 101 65 quaes

499 2100 165 64 sumitur
619 2100 210 64 distinctio
784 2100 165 64 ipsorum
903 2100 195 64 inquantum
1053 2100 255 64 praedicamenta
1263 2100 135 64 sunt:
1353 2100 105 64 non
1412 2100 135 64 autem
1502 2100 135 64 penes
1592 2100 135 64 ipsas
1682 2100 120 64 res:
1757 2100 120 64 quia
1832 2100 210 64 essentiale
1996 2100 105 64 est
2041 2100 240 64 praedicamentis

505 2156 123 64 quod
581 2156 261 64 distinguantur
797 2156 138 64 inter
889 2156 92 64 se
935 2156 138 64 penes
1027 2156 138 64 modos
1120 2156 169 64 essendi
1243 2156 108 64 qui
1304 2156 123 64 sunt
1381 2156 184 64 rationes
1519 2156 323 64 praedicamentorum,
1796 2156 92 64 vt
1842 2156 123 64 nunc
1919 2156 154 64 dictum
2027 2156 123 64 est,
2104 2156 77 64 &
2134 2156 108 64 est
2180 2156 108 64 alias

502 2202 86 73 in
545 2202 200 73 quaestione
702 2202 86 73 de
745 2202 272 73 praedicamentis.
974 2202 157 73 Accidit
1088 2202 129 73 autem
1174 2202 243 73 praedicamento
1374 2202 172 73 secundum
1503 2202 114 73 quod
1574 2202 257 73 praedicamentum
1789 2202 114 73 est,
1860 2202 114 73 quod
1932 2202 114 73 vnum
2003 2202 200 73 significat
2146 2202 143 73 aliamrem

494 2258 117 80 quam
568 2258 162 80 aliuae.
685 2258 176 80 scilicet
817 2258 117 80 quia
891 2258 162 80 diuersi
1008 2258 117 80 modi
1082 2258 162 80 essendi
1199 2258 132 80 eorum
1287 2258 117 80 sunt
1361 2258 235 80 repugnantes:
1552 2258 103 80 nec
1610 2258 235 80 compatiuntur
1801 2258 88 80 se
1845 2258 132 80 circa
1934 2258 147 80 eandem
2036 2258 117 80 rem:
2110 2258 88 80 vt
2154 2258 117 80 sunt
2213 2258 73 80 mo-

498 2320 111 58 dus
561 2320 253 58 substantiae,
767 2320 253 58 quantitatis,
973 2320 79 58 &
1004 2320 237 58 qualitatis:
1194 2320 174 58 propter
1320 2320 127 58 quod
1400 2320 221 58 necessario
1573 2320 190 58 diuersas
1716 2320 111 58 res
1779 2320 253 58 significant.
1985 2320 95 58 Et
2032 2320 111 58 non
2095 2320 142 58 solum
2174 2320 111 58 diffe

500 2363 132 62 runt
583 2363 132 62 siue
666 2363 281 62 distinguuntur
897 2363 149 62 penes
996 2363 198 62 diuersos
1145 2363 149 62 modos
1244 2363 83 62 &
1278 2363 198 62 rationes
1426 2363 347 62 praedicamentorum:
1724 2363 116 62 sed
1790 2363 149 62 etiam
1889 2363 149 62 penes
1988 2363 198 62 diuersas
2137 2363 116 62 res
2203 2363 83 62 &
2220 2363 66 62 es

501 2413 198 68 sentias.
649 2413 115 68 Vbi
715 2413 148 68 autem
813 2413 132 68 sunt
896 2413 181 68 diuersi
1027 2413 132 68 modi
1110 2413 181 68 essendi
1242 2413 99 68 no
1291 2413 263 68 repugnantes:
1505 2413 115 68 sed
1571 2413 132 68 sese
1653 2413 263 68 compatientes
1867 2413 148 68 circa
1966 2413 148 68 idem:
2065 2413 247 68 quemadmodum

499 2471 136 57 sese
584 2471 272 57 compatiuntur
805 2471 153 57 circa
907 2471 136 57 idem
992 2471 153 57 modus
1094 2471 102 57 in
1145 2471 102 57 se
1196 2471 85 57 &
1230 2471 102 57 ad
1281 2471 170 57 aliud:
1400 2471 85 57 &
1434 2471 221 57 similiter
1604 2471 153 57 modus
1706 2471 187 57 essendi
1842 2471 102 57 in
1893 2471 136 57 alio
1978 2471 85 57 &
2012 2471 102 57 ad
2063 2471 170 57 aliud,
2165 2471 119 57 sicut

500 2524 166 72 dictum
617 2524 133 72 est:
700 2524 116 72 non
766 2524 232 72 necessario
949 2524 249 72 significant
1148 2524 133 72 illa
1231 2524 282 72 praedicamenta
1463 2524 199 72 diuersas
1612 2524 116 72 res
1679 2524 83 72 &
1712 2524 232 72 essentias:
1895 2524 149 72 neque
1994 2524 149 72 penes
2094 2524 149 72 illas
2177 2524 116 72 disti

499 2579 206 74 guuntur,
654 2579 138 74 quod
740 2579 206 74 expresse
894 2579 155 74 patet
997 2579 103 74 in
1049 2579 189 74 actione
1187 2579 86 74 &
1221 2579 224 74 passione:
1393 2579 138 74 quae
1479 2579 120 74 non
1548 2579 138 74 nisi
1634 2579 206 74 diuersos
1788 2579 224 74 respectus
1960 2579 206 74 nominant
2115 2579 155 74 circa
2201 2579 86 74 eum

502 2638 128 62 dem
575 2638 184 62 motum:
704 2638 128 62 qui
777 2638 220 62 secundum
942 2638 147 62 quod
1034 2638 294 62 significatur
1273 2638 184 62 nomine
1401 2638 184 62 motus,
1529 2638 128 62 est
1603 2638 110 62 de
1658 2638 147 62 alio
1750 2638 330 62 praedicamento:
2025 2638 128 62 sed
2098 2638 165 62 solum
2190 2638 92 62 pe-

500 2683 129 66 nes
573 2683 222 66 diuersos
740 2683 166 66 modos
850 2683 203 66 essendi
998 2683 92 66 &
1035 2683 222 66 rationes
1201 2683 388 66 praedicamentorum.
1534 2683 129 66 lta
1608 2683 148 66 quod
1700 2683 259 66 similitudo
1903 2683 203 66 fundata
2051 2683 166 66 super
2143 2683 148 66 quali-

511 2743 151 57 tatem
612 2743 134 57 idem
695 2743 100 57 re
746 2743 234 57 significat
930 2743 134 57 quod
1013 2743 151 57 nomen
1114 2743 167 57 illius
1231 2743 251 57 qualitatis:
1432 2743 84 57 &
1465 2743 151 57 super
1565 2743 251 57 substantiam
1766 2743 134 57 idem
1850 2743 134 57 quod
1934 2743 151 57 nomen
2034 2743 167 57 illius
2134 2743 151 57 substan

508 2794 154 59 tiae:
610 2794 85 59 &
645 2794 120 59 sic
713 2794 103 59 de
764 2794 154 59 aliis
867 2794 222 59 nominibus
1038 2794 256 59 relationum:
1243 2794 154 59 licet
1345 2794 120 59 sub
1414 2794 188 59 diuerso
1550 2794 137 59 modo
1636 2794 205 59 essendi.
1789 2794 188 59 propter
1926 2794 137 59 quod
2012 2794 137 59 sunt
2097 2794 171 59 nomina
2217 2794 103 59 di

510 2844 183 63 uersa:
638 2844 92 63 &
675 2844 220 63 diuersis
839 2844 330 63 praedicamentis
1114 2844 220 63 propria.
1279 2844 128 63 Non
1352 2844 165 63 tamen
1462 2844 128 63 cum
1535 2844 147 63 idem
1627 2844 165 63 nomen
1737 2844 110 63 in
1792 2844 128 63 vno
1865 2844 201 63 illorum
1993 2844 293 63 praedicamento-

510 2901 140 66 rum,
598 2901 105 66 vt
651 2901 246 66 similitudo
844 2901 105 66 in
897 2901 246 66 relatione,
1090 2901 211 66 fundatur
1248 2901 140 66 modo
1336 2901 158 66 super
1441 2901 281 66 substantiam,
1669 2901 140 66 modo
1757 2901 158 66 super
1863 2901 263 66 qualitatem,
2073 2901 123 66 est
2144 2901 176 66 aequi-

512 2956 159 55 uocum
618 2956 106 55 in
671 2956 301 55 praedicamento
919 2956 265 55 relationis:
1131 2956 141 55 quia
1220 2956 212 55 formalis
1379 2956 159 55 ratio
1485 2956 195 55 nominis
1627 2956 230 55 imponitur
1803 2956 88 55 a
1839 2956 141 55 modo
1927 2956 195 55 essendi
2069 2956 106 55 ad
2122 2956 195 55 aliquae

504 3008 132 53 siue
586 3008 230 53 respectus:
767 3008 115 53 qui
833 3008 181 53 quantum
964 3008 115 53 est
1030 3008 99 53 ex
1079 3008 99 53 se
1129 3008 214 53 vniformis
1293 3008 132 53 est:
1375 3008 82 53 &
1408 3008 115 53 res
1474 3008 132 53 ipsa
1556 3008 148 53 quasi
1655 3008 263 53 materialiter
1869 3008 148 53 cadit
1967 3008 99 53 in
2017 3008 115 53 suo
2066 3008 214 53 significato

504 3058 108 66 Et
558 3058 126 66 per
630 3058 144 66 hunc
720 3058 162 66 modum
827 3058 198 66 relatio
971 3058 216 66 secundum
1133 3058 144 66 quod
1222 3058 126 66 est
1294 3058 162 66 nomen
1402 3058 305 66 generalissimi
1653 3058 90 66 &
1689 3058 162 66 nomen
1797 3058 251 66 relationis
1995 3058 198 66 realis,
2138 3058 126 66 est
2192 3058 90 66 vni

503 3113 172 92 uocum
618 3113 115 92 ad
675 3113 268 92 relationes
885 3113 229 92 diuersas
1057 3113 229 92 fundatas
1229 3113 172 92 super
1344 3113 134 92 res
1420 3113 268 92 diuersorum
1630 3113 401 92 praedicamentorum,
1974 3113 96 92 &
2012 3113 210 92 species
2146 3113 134 92 vnius
