2484 3761
470 325 109 139 sed
533 325 94 139 ad
580 325 203 139 faciendum
736 325 109 139 per
798 325 140 139 ipsam
892 325 172 139 aliarum
1016 325 140 139 rerum
1110 325 265 139 conmutationem
1328 325 94 139 ad
1375 325 140 139 vitam
1469 325 281 139 necessariarum.
1703 325 94 139 Et
1749 325 140 139 talis
1843 325 234 139 campsoriae,
2030 325 94 139 vt
2077 325 156 139 ibidem
2186 325 109 139 di-

476 410 108 108 cit
537 410 247 108 Philosophus,
738 410 108 108 vna
800 410 170 108 species
924 410 108 108 est
986 410 155 108 Tocos:
1094 410 108 108 hoc
1156 410 108 108 est
1218 410 155 108 vsura.
1326 410 139 108 Cuius
1419 410 124 108 opus
1496 410 247 108 determinans,
1697 410 139 108 dicit
1790 410 124 108 quod
1867 410 170 108 seipsam
1991 410 139 108 facit
2083 410 186 108 amplius:
2207 410 62 108 de

480 465 161 96 nummis
593 465 194 96 scilicet
738 465 242 96 paucioribus
932 465 113 96 per
997 465 242 96 mutuationem
1190 465 210 96 concessis
1352 465 226 96 recipiendo
1529 465 178 96 plures:
1658 465 145 96 quasi
1755 465 145 96 nummi
1852 465 129 96 ipsi
1933 465 178 96 quosdam
2062 465 161 96 nummos
2159 465 113 96 alios

485 534 266 89 generassent
698 534 142 89 apud
786 534 159 89 illum
892 534 124 89 cui
963 534 195 89 mutuati
1105 534 159 89 sunt:
1211 534 106 89 vt
1264 534 230 89 reddantur
1441 534 124 89 cum
1512 534 124 89 suo
1583 534 177 89 foetu.
1707 534 142 89 Vnde
1795 534 159 89 vsura
1901 534 124 89 hoc
1972 534 177 89 nomine
2096 534 159 89 Tocos
2185 534 89 89 vo-

490 589 127 71 catur
575 589 113 71 apud
646 589 170 71 graecos.
773 589 71 71 T
801 589 113 71 ocos
872 589 113 71 enim
943 589 142 71 graece
1042 589 113 71 idem
1113 589 99 71 est
1170 589 113 71 quod
1240 589 142 71 partus
1339 589 156 71 latine.
1453 589 113 71 quia
1524 589 85 71 in
1566 589 127 71 rebus
1651 589 227 71 naturalibus.
1835 589 127 71 parta
1920 589 99 71 hoc
1977 589 99 71 est
2033 589 170 71 generata
2147 589 127 71 similia

481 634 118 86 sunt
555 634 89 86 in
599 634 118 86 fora
673 634 74 86 &
703 634 148 86 specie
806 634 118 86 suis
880 634 251 86 generantibus.
1087 634 74 86 &
1117 634 118 86 ideo
1191 634 103 86 per
1250 634 133 86 Tocos
1339 634 133 86 quasi
1427 634 148 86 simile
1531 634 163 86 numisma
1649 634 192 86 generatur
1797 634 89 86 ex
1841 634 148 86 simili
1945 634 103 86 cum
2004 634 192 86 vsurarius
2137 634 133 86 accipit

481 690 154 98 nummos
588 690 154 98 plures
696 690 108 98 pro
758 690 247 98 paucioribus:
958 690 123 98 quid
1035 690 154 98 maxime
1143 690 108 98 est
1205 690 154 98 contra
1313 690 169 98 naturam
1436 690 154 98 nummi.
1544 690 123 98 ldeo
1621 690 139 98 dicit
1713 690 231 98 Philosophus
1898 690 123 98 quod
1975 690 154 98 maxime
2083 690 169 98 praeter
2191 690 77 98 na-

486 756 131 85 turam
574 756 102 85 est
632 756 116 85 ista
704 756 203 85 acquisitio
864 756 218 85 pecuniarum.
1038 756 102 85 Hoc
1096 756 160 85 dixeri,
1212 756 116 85 quia
1285 756 102 85 non
1343 756 102 85 (vt
1401 756 145 85 quidam
1502 756 174 85 credunt,
1633 756 145 85 maxime
1735 756 160 85 ludaei)
1851 756 131 85 vsura
1938 756 174 85 peccatum
2068 756 102 85 est
2126 756 73 85 &
2141 756 116 85 iniqui

480 817 120 77 tas
548 817 102 77 ex
599 817 137 77 solo
685 817 137 77 iure
770 817 222 77 positiuo.
941 817 137 77 immo
1026 817 120 77 est
1095 817 222 77 iniquitas
1265 817 102 77 ex
1317 817 137 77 lege
1402 817 188 77 naturae
1539 817 137 77 quam
1624 817 273 77 tractauerunt
1846 817 256 77 Philosophi:
2051 817 137 77 quia
2136 817 102 77 vt
2188 817 120 77 di-

481 862 117 83 cit
548 862 84 83 I
582 862 184 83 Tullius
715 862 151 83 libro
816 862 167 83 tertio
933 862 100 83 de
983 862 217 83 officiis.
1150 862 167 83 Aliter
1267 862 151 83 leges
1368 862 234 83 positiuae,
1552 862 167 83 aliter
1669 862 234 83 philosophi
1853 862 201 83 tolerant
2003 862 217 83 astutias.
2154 862 117 83 Leges

487 915 189 96 quaetenus
633 915 204 96 manutenere
793 915 102 96 non
851 915 174 96 possunt.
982 915 204 96 Philosophi
1142 915 174 96 quatenus
1273 915 160 96 ratione
1389 915 73 96 &
1418 915 262 96 intelligentia.
1636 915 116 96 Vnde
1709 915 87 96 de
1753 915 131 96 vsura
1840 915 116 96 quod
1912 915 102 96 sit
1971 915 174 96 peccatum
2102 915 73 96 &
2116 915 160 96 iniquitas

486 977 91 82 ex
531 977 121 82 lege
607 977 181 82 positiua
743 977 106 82 non
803 977 166 82 habemus
924 977 121 82 nisi
1000 977 121 82 quia
1076 977 106 82 sic
1136 977 121 82 est.
1212 977 106 82 sed
1272 977 151 82 quaere
1378 977 106 82 sic
1438 977 121 82 est,
1514 977 106 82 hoc
1574 977 166 82 ratione
1695 977 91 82 ex
1741 977 121 82 lege
1816 977 166 82 naturae
1937 977 166 82 debemus
2058 977 242 82 inuestigare.

489 1024 117 99 Quod
562 1024 87 99 vt
606 1024 204 99 iuestigare
766 1024 190 99 possimus,
912 1024 190 99 notandum,
1058 1024 117 99 quod
1131 1024 175 99 secundum
1262 1024 204 99 Philosopum
1423 1024 87 99 in
1466 1024 146 99 quinto
1568 1024 204 99 Ethicoaum,
1729 1024 190 99 lustitiae
1875 1024 160 99 quaedam
1991 1024 102 99 est
2050 1024 117 99 pars
2108 1024 175 99 distributi

487 1081 94 92 ua
534 1081 172 92 quaedam
659 1081 250 92 conmutatiua.
863 1081 235 92 Commutatiua
1051 1081 110 92 est
1113 1081 125 92 illa
1191 1081 125 92 quae
1270 1081 188 92 pertinet
1410 1081 94 92 ad
1457 1081 110 92 nim
1520 1081 235 92 propositum.
1708 1081 141 92 cuius
1802 1081 156 92 natura
1911 1081 110 92 est
1974 1081 110 92 (ut
2036 1081 219 92 determinat
2193 1081 78 92 ibi

485 1136 98 99 dem
541 1136 223 99 Philosophus,
722 1136 112 99 quod
792 1136 112 99 fiat
862 1136 98 99 per
918 1136 140 99 eandem
1015 1136 195 99 dignitatem
1169 1136 70 99 &
1197 1136 209 99 quantitatem
1364 1136 153 99 praetii
1476 1136 98 99 rei
1532 1136 126 99 datae
1615 1136 70 99 &
1643 1136 181 99 receptae:
1783 1136 84 99 vt
1825 1136 98 99 qui
1880 1136 112 99 plus
1950 1136 126 99 dedit
2034 1136 84 99 de
2076 1136 140 99 labore
2173 1136 84 99 in
2201 1136 70 99 cul

483 1190 128 102 tura
563 1190 176 102 vineae,
691 1190 144 102 aliis
787 1190 160 102 eisdem
899 1190 272 102 existentibus:
1123 1190 128 102 plus
1203 1190 192 102 accipiat
1347 1190 80 102 a
1379 1190 272 102 patrefamilias
1603 1190 96 102 in
1651 1190 192 102 mercede:
1795 1190 80 102 &
1827 1190 112 102 qui
1891 1190 160 102 minus,
2003 1190 160 102 minus.
2115 1190 80 102 &
2147 1190 112 102 hoc
2195 1190 80 102 iu-

486 1260 97 69 xta
541 1260 193 69 aequitatem
693 1260 221 69 proportionis
873 1260 235 69 arithmeticae.
1066 1260 124 69 Circa
1149 1260 124 69 autem
1231 1260 97 69 res
1287 1260 110 69 quae
1356 1260 221 69 conmutantur,
1535 1260 179 69 sciendum:
1673 1260 110 69 quod
1742 1260 152 69 quaedam
1852 1260 110 69 sunt
1921 1260 124 69 talis
2004 1260 152 69 naturae
2114 1260 110 69 quod
2183 1260 83 69 in
2211 1260 69 69 eis

487 1307 200 93 differunt
640 1307 123 93 suba
717 1307 108 93 rei
779 1307 77 93 &
810 1307 123 93 vsus
887 1307 138 93 eius:
979 1307 108 93 ita
1040 1307 123 93 quod
1117 1307 108 93 sub
1179 1307 123 93 alio
1256 1307 169 93 praetio
1379 1307 154 93 potest
1486 1307 154 93 cadere
1594 1307 138 93 suba:
1686 1307 108 93 sub
1748 1307 123 93 alio
1825 1307 138 93 vsus:
1917 1307 77 93 &
1948 1307 185 93 separati
2086 1307 185 93 mutuari:
2209 1307 62 93 vt

484 1363 192 87 videlicet
632 1363 118 87 homo
706 1363 177 87 conmutet
838 1363 103 87 pro
897 1363 162 87 praetio
1016 1363 103 87 suo
1075 1363 133 87 subam
1163 1363 103 87 rei
1222 1363 236 87 transferendo
1414 1363 89 87 in
1458 1363 162 87 alterum
1576 1363 236 87 proprietatem
1768 1363 133 87 eius:
1857 1363 162 87 retento
1975 1363 133 87 penes
2063 1363 89 87 se
2108 1363 89 87 ad
2137 1363 133 87 tempors

488 1415 121 96 solo
564 1415 121 96 vsu:
639 1415 106 96 vel
700 1415 91 96 vt
746 1415 182 96 commutet
882 1415 121 96 vsum
958 1415 106 96 pro
1019 1415 167 96 praetio
1140 1415 121 96 suo:
1216 1415 167 96 retenta
1337 1415 121 96 suba
1413 1415 76 96 &
1443 1415 227 96 proprietate
1625 1415 91 96 in
1671 1415 106 96 re:
1731 1415 106 96 vel
1792 1415 91 96 vt
1837 1415 182 96 commutet
1974 1415 106 96 rem
2034 1415 106 96 pro
2095 1415 106 96 suo
2141 1415 136 96 praetio

496 1471 168 93 vtroque
618 1471 138 93 modo:
710 1471 199 93 cuiusmoni
863 1471 122 93 sunt
939 1471 153 93 domus,
1046 1471 138 93 agri,
1138 1471 76 93 &
1168 1471 214 93 huiusmodi.
1336 1471 168 93 Quaedam
1459 1471 122 93 vero
1535 1471 122 93 sunt
1612 1471 138 93 talis
1703 1471 168 93 naturae
1826 1471 122 93 quod
1902 1471 92 93 in
1948 1471 107 93 eis
2009 1471 122 93 sunt
2070 1471 199 93 indifferen-

488 1518 108 99 tia
549 1518 123 99 vlus
626 1518 108 99 rei
688 1518 77 99 &
719 1518 123 99 suba
796 1518 139 99 eius:
888 1518 108 99 ita
950 1518 123 99 quod
1027 1518 108 99 non
1089 1518 139 99 cadit
1181 1518 108 99 sub
1243 1518 123 99 alio
1320 1518 170 99 praetio
1443 1518 123 99 vsus
1521 1518 77 99 &
1551 1518 108 99 sub
1613 1518 123 99 alio
1690 1518 139 99 suba:
1783 1518 108 99 nec
1844 1518 123 99 pont
1921 1518 123 99 vnum
1998 1518 170 99 illorum
2106 1518 170 99 conmutari

487 1587 136 78 neque
578 1587 211 78 transferri
744 1587 121 78 sine
819 1587 136 78 alio:
910 1587 91 78 vt
955 1587 121 78 sunt
1031 1587 121 78 illa
1106 1587 151 78 quorum
1212 1587 121 78 vsus
1287 1587 106 78 est
1348 1587 181 78 perfecta
1484 1587 211 78 consumptio
1650 1587 106 78 aut
1710 1587 196 78 alienatio
1861 1587 136 78 subae
1952 1587 121 78 rei:
2027 1587 136 78 sicut
2103 1587 166 78 contingit

491 1632 90 90 in
536 1632 120 90 pane
611 1632 75 90 &
641 1632 135 90 vino.
731 1632 105 90 non
791 1632 90 90 ei
836 1632 105 90 est
896 1632 135 90 alius
987 1632 120 90 vsus
1062 1632 180 90 proprius
1197 1632 135 90 panis
1287 1632 120 90 quam
1362 1632 210 90 consumptio
1527 1632 135 90 subae
1617 1632 120 90 eius
1692 1632 105 90 per
1752 1632 240 90 comestionem:
1948 1632 75 90 &
1978 1632 105 90 ita
2038 1632 225 90 accommodans
2203 1632 75 90 vel

492 1689 203 94 commutans
649 1689 156 94 alteri
758 1689 141 94 panem
852 1689 109 94 pro
914 1689 187 94 praetio,
1055 1689 141 94 simul
1148 1689 203 94 transfert
1305 1689 94 94 in
1351 1689 109 94 eum
1414 1689 125 94 spam
1492 1689 141 94 panis
1586 1689 78 94 &
1617 1689 125 94 vsum
1695 1689 141 94 eius.
1789 1689 172 94 Pecunia
1914 1689 141 94 autem
2007 1689 187 94 nummorum
2148 1689 94 94 de
2179 1689 94 94 modo

492 1744 132 85 talium
584 1744 119 85 rerum
664 1744 106 85 est:
730 1744 106 85 quia
796 1744 132 85 nummus
889 1744 159 85 secundum
1008 1744 185 85 Philosopum
1153 1744 93 85 non
1206 1744 93 85 est
1259 1744 106 85 nisi
1325 1744 159 85 praetium
1444 1744 159 85 inuentum
1564 1744 146 85 propter
1669 1744 198 85 necessariam
1828 1744 225 85 conmutationem
2013 1744 119 85 rerum
2080 1744 198 85 permutabilium

483 1801 186 103 indigens
623 1801 124 103 enim
701 1801 171 103 calceis
825 1801 109 103 non
887 1801 155 103 semper
996 1801 140 103 habet
1089 1801 140 103 aliam
1182 1801 109 103 rem
1244 1801 124 103 quam
1322 1801 109 103 pro
1384 1801 109 103 eis
1446 1801 155 103 possit
1555 1801 217 103 commutare:
1726 1801 78 103 &
1757 1801 93 103 si
1803 1801 171 103 haberet
1927 1801 124 103 ouem
2005 1801 233 103 conmutandam
2191 1801 109 103 pro

483 1855 186 104 calceis:
622 1855 108 104 non
684 1855 155 104 semper
792 1855 108 104 est
854 1855 186 104 aequalis
993 1855 139 104 valor
1086 1855 124 104 ouis
1164 1855 77 104 &
1195 1855 217 104 calceorum.
1365 1855 170 104 propter
1489 1855 124 104 quid
1566 1855 155 104 nummus
1674 1855 108 104 est
1736 1855 186 104 inuentus
1876 1855 93 104 ad
1922 1855 201 104 aequandum
2077 1855 232 104 conmutatio-

490 1909 101 84 nes
547 1909 72 84 &
576 1909 86 84 in
619 1909 173 84 praetium
748 1909 72 84 l
777 1909 201 84 conmutati.
935 1909 72 84 &
964 1909 101 84 hoc
1022 1909 101 84 non
1079 1909 101 84 per
1137 1909 115 84 vsum
1209 1909 158 84 aliquem
1324 1909 129 84 alium
1410 1909 72 84 a
1439 1909 115 84 suba
1511 1909 129 84 eius:
1597 1909 101 84 sed
1655 1909 101 84 per
1712 1909 259 84 translationem:
1928 1909 72 84 &
1957 1909 101 84 ita
2014 1909 101 84 per
2057 1909 216 84 consumptionem

488 1963 137 89 subae
579 1963 137 89 eius:
670 1963 91 89 vt
716 1963 106 89 sic
777 1963 91 89 in
822 1963 167 89 pecunia
944 1963 137 89 nullo
1035 1963 122 89 modo
1111 1963 106 89 sub
1172 1963 122 89 alio
1248 1963 167 89 praetio
1369 1963 152 89 possit
1476 1963 152 89 cadere
1582 1963 137 89 suba:
1673 1963 76 89 &
1704 1963 106 89 sub
1764 1963 122 89 alio
1840 1963 122 89 vsus
1916 1963 137 89 eius.
2007 1963 91 89 Et
2053 1963 122 89 ideo
2129 1963 137 89 dicit
2205 1963 76 89 Phi

504 2021 182 99 losophus
641 2021 122 99 quod
717 2021 167 99 numisma
838 2021 152 99 factum
945 2021 106 99 est
1005 2021 258 99 translationis
1218 2021 152 99 genra:
1325 2021 91 99 vt
1370 2021 106 99 non
1431 2021 152 99 possit
1537 2021 213 99 transferri
1704 2021 122 99 vsus
1780 2021 122 99 sine
1856 2021 122 99 suba
1932 2021 122 99 eius
2008 2021 106 99 nec
2069 2021 213 99 econverso.
2221 2021 61 99 Di

502 2080 83 88 co
544 2080 83 88 de
586 2080 97 88 vsu
641 2080 83 88 ad
683 2080 111 88 quem
753 2080 97 88 est
808 2080 97 88 per
864 2080 97 88 se:
919 2080 97 88 qui
975 2080 97 88 est
1031 2080 209 88 translatio.
1198 2080 209 88 Philosophus
1365 2080 111 88 enim
1434 2080 195 88 distinguit
1587 2080 167 88 duplicem
1713 2080 97 88 rei
1768 2080 125 88 vsum:
1852 2080 111 88 vnum
1921 2080 83 88 ad
1963 2080 111 88 quem
2033 2080 97 88 est
2088 2080 97 88 per
2144 2080 97 88 se:
2186 2080 97 88 alium

493 2132 89 85 ad
538 2132 118 85 quem
612 2132 104 85 est
671 2132 104 85 per
730 2132 192 85 accidens:
878 2132 89 85 vt
922 2132 163 85 sotular
1041 2132 89 85 ad
1085 2132 207 85 calceandum
1248 2132 104 85 est
1307 2132 104 85 per
1366 2132 104 85 se:
1426 2132 74 85 &
1455 2132 89 85 ad
1500 2132 207 85 hauriendum
1662 2132 133 85 aquam
1751 2132 148 85 potest
1855 2132 118 85 esse
1929 2132 104 85 per
1988 2132 192 85 accidens.
2136 2132 104 85 sic
2180 2132 104 85 nummi

504 2191 115 82 vsus
576 2191 101 82 per
633 2191 87 82 se
677 2191 101 82 est
734 2191 202 82 translatio
893 2191 115 82 sua,
965 2191 101 82 per
1023 2191 173 82 accidens
1153 2191 130 82 autem
1239 2191 115 82 vsus
1311 2191 115 82 eius
1384 2191 144 82 potest
1485 2191 115 82 esse
1557 2191 159 82 potespa
1672 2191 72 82 &
1701 2191 216 82 apparentia.
1874 2191 72 82 &
1903 2191 115 82 ideo
1975 2191 87 82 ad
2018 2191 130 82 talem
2105 2191 115 82 vsum
2163 2191 115 82 potest

500 2243 170 96 aliquis
623 2243 155 96 alteri
732 2243 155 96 locare
840 2243 186 96 pecuniam
979 2243 201 96 numeratam
1134 2243 93 96 in
1181 2243 155 96 sacco,
1289 2243 108 96 pro
1351 2243 186 96 praetio,
1490 2243 77 96 &
1521 2243 186 96 pecuniam
1661 2243 186 96 integram
1800 2243 217 96 reseruare.
1970 2243 124 96 Quod
2048 2243 139 96 nullo
2141 2243 124 96 modo
2203 2243 77 96 con

501 2299 130 79 uenit
587 2299 87 79 in
631 2299 101 79 vsu
689 2299 116 79 eius
761 2299 174 79 proprio:
892 2299 159 79 quoniam
1008 2299 130 79 talis
1095 2299 101 79 est
1153 2299 145 79 natura
1254 2299 203 79 locationis
1413 2299 101 79 vbi
1471 2299 101 79 pro
1529 2299 188 79 locatione
1674 2299 159 79 aliquid
1790 2299 145 79 potest
1892 2299 130 79 iuste
1979 2299 145 79 recipi
2080 2299 101 79 cum
2138 2299 116 79 suba
2196 2299 87 79 rei.

501 2352 119 81 quod
575 2352 163 81 aliquis
694 2352 104 81 sit
753 2352 163 81 fructus
872 2352 208 81 proueniens
1035 2352 208 81 conducenti
1198 2352 89 81 ex
1243 2352 104 81 vsu
1302 2352 119 81 rei:
1376 2352 104 81 qui
1436 2352 163 81 differt
1554 2352 89 81 ab
1599 2352 119 81 eius
1673 2352 89 81 sa
1717 2352 119 81 quam
1792 2352 178 81 recipere
1925 2352 148 81 posset
2029 2352 89 81 ex
2073 2352 119 81 suba
2148 2352 104 81 rei
2192 2352 89 81 ipse

496 2402 165 91 locans:
616 2402 120 91 quod
691 2402 135 91 nullo
781 2402 120 91 modo
856 2402 195 91 contingit
1007 2402 90 91 in
1052 2402 165 91 nummis.
1172 2402 165 91 propter
1292 2402 120 91 quid
1367 2402 105 91 pro
1427 2402 135 91 nummi
1517 2402 195 91 locatione
1667 2402 135 91 nihil
1757 2402 150 91 potest
1863 2402 135 91 iuste
1953 2402 135 91 vltra
2043 2402 135 91 subam
2133 2402 120 91 eius
2193 2402 90 91 reci

504 2460 103 96 pi.
563 2460 118 96 Quia
637 2460 88 96 si
681 2460 132 96 fiat,
769 2460 162 96 accipit
887 2460 162 96 aliquid
1004 2460 103 96 pro
1063 2460 103 96 quo
1122 2460 132 96 nihil
1210 2460 147 96 dedit:
1313 2460 74 96 &
1343 2460 103 96 ita
1402 2460 103 96 cum
1460 2460 103 96 suo
1519 2460 162 96 alienum
1637 2460 162 96 tollit:
1755 2460 118 96 quod
1828 2460 103 96 est
1887 2460 162 96 directe
2005 2460 147 96 contra
2108 2460 206 96 aequitatem

505 2523 185 78 naturalis
647 2523 185 78 iustitiae
790 2523 243 78 conmutatiuae:
990 2523 86 78 in
1033 2523 114 78 quae
1104 2523 128 78 debet
1190 2523 114 78 esse
1261 2523 200 78 aequalitas
1418 2523 171 78 omnimoda
1546 2523 86 78 in
1589 2523 157 78 praetio
1703 2523 114 78 dati
1774 2523 71 78 &
1803 2523 171 78 recepti,
1931 2523 86 78 vt
1974 2523 143 78 dictum
2074 2523 114 78 est.
2145 2523 71 78 &
2174 2523 100 78 hoc
2217 2523 71 78 est

505 2567 122 95 quid
581 2567 137 95 dicit
672 2567 244 95 Chrysostomus
870 2567 122 95 supe
947 2567 137 95 illud
1038 2567 198 95 Matthaei.
1190 2567 122 95 xxi.
1266 2567 198 95 Eiiciebat
1419 2567 91 95 de
1464 2567 152 95 templo
1571 2567 137 95 omnes
1662 2567 168 95 ementes
1784 2567 76 95 &
1815 2567 213 95 vendentes.
1982 2567 137 95 Super
2074 2567 137 95 omnes
2165 2567 152 95 inquit

500 2622 219 86 mercatores
673 2622 125 86 plus
751 2622 219 86 maledictus
923 2622 110 86 est
986 2622 219 86 vsurarius:
1159 2622 125 86 quia
1237 2622 188 86 mercator
1378 2622 110 86 dat
1441 2622 110 86 rem
1503 2622 94 86 vt
1550 2622 110 86 non
1613 2622 141 86 illam
1707 2622 188 86 repetat.
1848 2622 125 86 lste
1927 2622 141 86 autem
2021 2622 188 86 postquam
2146 2622 141 86 foenera

510 2676 153 89 uerit:
617 2676 77 89 &
647 2676 122 89 suum
724 2676 153 89 iterum
831 2676 184 89 repetit:
969 2676 77 89 &
999 2676 168 89 alienum
1122 2676 153 89 tollit
1229 2676 107 89 cum
1290 2676 122 89 suo.
1367 2676 92 89 Ad
1413 2676 122 89 haec
1489 2676 107 89 (ut
1550 2676 122 89 ait)
1627 2676 138 89 dicet
1719 2676 184 89 aliquis,
1856 2676 107 89 qui
1918 2676 138 89 agrum
2010 2676 138 89 locat
2101 2676 92 89 vt
2132 2676 153 89 agrariam

511 2738 195 73 accipiat,
661 2738 135 73 nonne
752 2738 105 73 est
812 2738 165 73 similis
932 2738 90 73 ei
977 2738 105 73 qui
1037 2738 180 73 pecuniam
1172 2738 120 73 suam
1248 2738 105 73 dat
1308 2738 90 73 ad
1353 2738 165 73 vsuram:
1473 2738 150 73 absit.
1578 2738 150 73 Primum
1684 2738 165 73 quidem:
1804 2738 165 73 quoniam
1924 2738 165 73 pecunia
2044 2738 105 73 non
2105 2738 90 73 ad
2150 2738 165 73 aliquem

517 2785 125 90 vsum
595 2785 187 90 deputata
735 2785 125 90 est:
813 2785 109 90 sed
875 2785 140 90 solum
969 2785 93 90 ad
1016 2785 187 90 praetium
1156 2785 156 90 emendi
1265 2785 78 90 &
1296 2785 202 90 vendendi.
1451 2785 187 90 secundum
1592 2785 125 90 quod
1669 2785 93 90 si
1716 2785 140 90 agrum
1809 2785 140 90 habet
1903 2785 140 90 homo:
1996 2785 125 90 arat
2074 2785 109 90 eum
2136 2785 78 90 &
2152 2785 140 90 fructum

516 2852 183 65 accipit
650 2852 100 65 ex
700 2852 117 65 eo:
766 2852 83 65 &
800 2852 117 65 qui
866 2852 150 65 habet
966 2852 167 65 domum,
1083 2852 133 65 vsum
1166 2852 217 65 mansionis
1333 2852 183 65 accipit
1466 2852 100 65 ex
1516 2852 117 65 ea.
1582 2852 133 65 ideo
1666 2852 117 65 qui
1732 2852 150 65 locat
1832 2852 150 65 agrum
1932 2852 117 65 vel
1999 2852 167 65 domum:
2115 2852 133 65 vsum
2182 2852 100 65 suum

520 2901 129 83 quem
601 2901 129 83 erat
682 2901 129 83 ipse
762 2901 226 83 accepturus
940 2901 129 83 dare
1021 2901 178 83 videtur
1151 2901 81 83 &
1183 2901 194 83 pecuniam
1329 2901 210 83 accipere:
1490 2901 81 83 &
1523 2901 194 83 quodammo
1668 2901 146 83 quasi
1765 2901 210 83 commutare
1927 2901 178 83 videtur
2057 2901 162 83 lucrum
2170 2901 113 83 cum
2218 2901 65 83 lu

526 2959 117 77 cro.
599 2959 175 77 Pecuniam
731 2959 131 77 autem
818 2959 88 77 si
862 2959 88 77 in
906 2959 131 77 sacco
994 2959 190 77 repositam
1140 2959 146 77 teneas
1242 2959 117 77 apud
1315 2959 102 77 te:
1373 2959 146 77 nullum
1476 2959 117 77 vsum
1549 2959 146 77 capies
1651 2959 88 77 ex
1695 2959 102 77 ea.
1753 2959 88 77 Si
1797 2959 131 77 autem
1885 2959 102 77 vti
1943 2959 88 77 ea
1987 2959 117 77 vis:
2060 2959 161 77 necesse
2177 2959 102 77 est
2221 2959 58 77 vt

524 3002 101 73 eam
581 3002 217 73 transseras:
755 3002 101 73 nec
812 3002 116 73 plus
885 3002 116 73 quam
957 3002 173 73 praetium
1087 3002 72 73 &
1116 3002 159 73 valorem
1231 3002 116 73 eius
1303 3002 101 73 pro
1361 3002 87 73 ea
1404 3002 188 73 recipias,
1549 3002 87 73 vt
1592 3002 130 73 infra
1679 3002 173 73 dicetur.
1809 3002 130 73 Patet
1895 3002 116 73 ergo
1967 3002 188 73 manifeste
2112 3002 87 73 si
2141 3002 144 73 pecuniam

520 3055 120 78 tuam
595 3055 149 78 alteri
699 3055 149 78 locare
804 3055 179 78 volueris
939 3055 90 78 vt
983 3055 164 78 aliquid
1103 3055 135 78 vltra
1193 3055 194 78 recipias,
1342 3055 105 78 cum
1402 3055 105 78 non
1462 3055 105 78 sit
1522 3055 90 78 in
1566 3055 164 78 pecunia
1686 3055 120 78 quam
1761 3055 105 78 das
1821 3055 164 78 aliquid
1940 3055 120 78 quid
2015 3055 105 78 pro
2075 3055 120 78 illa
2149 3055 135 78 vltra
2224 3055 60 78 ac

514 3112 196 74 cipiendo
661 3112 196 74 commutes
808 3112 82 74 &
840 3112 229 74 conducenti
1020 3112 196 74 tribuas:
1167 3112 98 74 tu
1216 3112 229 74 necessario
1396 3112 114 74 pro
1461 3112 163 74 aliquo
1576 3112 131 74 quod
1657 3112 180 74 simplum
1788 3112 180 74 dedisti
1919 3112 163 74 duplum
2033 3112 196 74 repetis,
2180 3112 82 74 &
2196 3112 82 74 sic

517 3161 192 84 congregas
665 3161 103 84 vbi
724 3161 103 84 non
783 3161 206 84 sparsisti,
945 3161 74 84 &
974 3161 118 84 meti
1048 3161 103 84 vbi
1107 3161 103 84 non
1166 3161 206 84 seminasti:
1328 3161 88 84 vt
1372 3161 162 84 dicitur
1490 3161 147 84 Lucae.
1593 3161 118 84 xix.
1667 3161 74 84 &
1696 3161 133 84 sumis
1785 3161 162 84 aliquid
1903 3161 103 84 pro
1962 3161 147 84 nihilo
2065 3161 133 84 quasi
2153 3161 88 84 id
2198 3161 118 84 quid

519 3227 88 63 de
563 3227 103 63 tuo
622 3227 117 63 erat
695 3227 117 63 apud
769 3227 132 63 alium
857 3227 161 63 aliquid
974 3227 220 63 generasset,
1151 3227 88 63 vt
1195 3227 161 63 pecunia
1312 3227 103 63 tua
1371 3227 206 63 consimilem
1532 3227 191 63 pecuniam:
1679 3227 117 63 quod
1752 3227 132 63 aprta
1841 3227 191 63 iniquitas
1987 3227 103 63 est
2046 3227 73 63 &
2075 3227 147 63 omnino
2164 3227 117 63 contra

506 3283 132 97 legem
594 3283 176 97 naturae:
726 3283 117 97 quam
799 3283 190 97 vsurarius
946 3283 132 97 facit
1034 3283 88 97 se
1078 3283 205 97 inaequalem
1239 3283 88 97 ei
1283 3283 73 97 a
1312 3283 103 97 quo
1371 3283 161 97 accipit
1488 3283 103 97 per
1547 3283 220 97 iniustitiam
1722 3283 190 97 auferendo
1869 3283 88 97 ei
1913 3283 176 97 pecuniam
2045 3283 190 97 vsurariam
2191 3283 117 97 quam
