2413 3746
152 267 118 68 aut
219 267 118 68 per
287 267 168 68 illam.
404 267 135 68 Dico
488 267 185 68 visione
623 267 235 68 distincta:
808 267 135 68 quia
892 267 252 68 indistincte
1094 267 101 68 ad
1144 267 151 68 minus
1245 267 185 68 necesse
1380 267 118 68 est
1447 267 118 68 vel
1514 267 135 68 dere
1598 267 219 68 creaturas
1766 267 185 68 videndo
1901 267 101 68 di

151 329 159 59 uinam
257 329 247 59 essentiam:
451 329 141 59 quid
539 329 176 59 tangit
663 329 176 59 opinio
786 329 247 59 praetacta.
980 329 88 59 &
1016 329 123 59 hoc
1086 329 265 59 quemadmodum
1298 329 141 59 visa
1386 329 194 59 imagine
1527 329 212 59 Hexculis
1686 329 106 59 in
1739 329 141 59 ipsa
1809 329 159 59 videtur

147 374 212 73 Hercules
307 374 283 73 indistincte:
537 374 124 73 non
608 374 283 73 distinguende
838 374 212 73 scilicet
997 374 212 73 Herculem
1157 374 106 73 ab
1210 374 142 73 eius
1298 374 195 73 imagine
1440 374 124 73 nec
1511 374 248 73 econverso.
1705 374 212 73 Secundum
1847 374 124 73 tamen

145 429 185 66 aliquam
280 429 252 66 eleuationem
481 429 235 66 superiorem
666 429 202 66 secundum
817 429 151 66 qua.m
918 429 202 66 scilicet
1069 429 185 66 videtur
1203 429 235 66 conmuniter
1388 429 84 66 a
1422 429 185 66 beatis:
1556 429 118 66 non
1623 429 118 66 pot
1690 429 101 66 st
1741 429 168 66 videri
1841 429 118 66 diui-

147 486 107 75 na
201 486 214 75 essentia
361 486 125 75 non
432 486 196 75 videndo
575 486 232 75 creaturas
753 486 107 75 in
807 486 160 75 illa:
914 486 250 75 manentibus
1110 486 143 75 tali
1199 486 250 75 eleuatione
1395 486 89 75 &
1431 486 267 75 ostensione:
1645 486 143 75 quia
1734 486 178 75 altero
1841 486 125 75 varia

144 538 103 74 to
195 538 172 74 posset
316 538 138 74 deus
402 538 190 74 facere:
540 538 138 74 quod
626 538 190 74 videndo
764 538 224 74 essentiam
936 538 207 74 diuinam,
1091 538 121 74 non
1160 538 190 74 videret
1298 538 241 74 creaturas.
1488 538 103 74 Et
1539 538 207 74 secundum
1695 538 121 74 hoc
1746 538 207 74 concedenda

152 590 117 67 est
219 590 151 67 prima
320 590 151 67 ratio
420 590 117 67 hoc
487 590 234 67 ostendens.
671 590 100 67 AD
721 590 217 67 secundum,
888 590 134 67 quod
972 590 167 67 diuina
1089 590 201 67 essentia
1239 590 117 67 est
1306 590 234 67 sufficiens
1490 590 151 67 ratio
1591 590 251 67 cognoscendi
1791 590 151 67 alia:
1875 590 67 67 di

146 645 174 77 cendum
268 645 140 77 quod
355 645 157 77 verum
460 645 140 77 est:
547 645 122 77 sed
616 645 122 77 non
686 645 262 77 necessaria:
896 645 140 77 immo
983 645 262 77 voluntaria.
1192 645 105 77 Et
1244 645 122 77 cum
1314 645 122 77 hoc
1384 645 105 77 si
1436 645 157 77 esset
1541 645 244 77 necessaria
1733 645 192 77 quantum
1855 645 87 77 est

148 705 105 72 ex
200 705 105 72 se
252 705 209 72 perfecte
409 705 262 72 cognoscenti
618 705 140 72 eam:
706 705 262 72 quemadmodum
915 705 227 72 cognoscit
1089 705 209 72 seipsam:
1246 705 157 72 sicut
1351 705 209 72 perfecta
1508 705 209 72 cognitio
1665 705 209 72 subiecti
1822 705 122 72 est
1874 705 70 72 ra

148 750 113 72 tio
212 750 242 72 cognoscendi
406 750 145 72 omnia
503 750 161 72 illius
616 750 242 72 accidentia:
810 750 113 72 non
874 750 145 72 tamen
971 750 178 72 oportet
1100 750 129 72 quod
1181 750 113 72 sit
1246 750 226 72 necessaria
1423 750 242 72 cognoscenti
1617 750 210 72 limitato,
1778 750 113 72 qui
1827 750 129 72 potest

144 815 191 65 sistere
283 815 104 65 in
335 815 261 65 cognoscendo
543 815 104 65 id
595 815 139 65 quod
682 815 122 65 est
752 815 209 65 secundum
908 815 122 65 se:
978 815 122 65 non
1047 815 156 65 tamen
1152 815 122 65 sub
1221 815 191 65 ratione
1360 815 122 65 qua
1430 815 122 65 est
1499 815 139 65 idea
1586 815 174 65 omnium
1708 815 209 65 aliorum,
1864 815 87 65 &
1881 815 70 65 ra

148 863 127 73 tio
220 863 290 73 cognoscendi:
456 863 272 73 quemadmodum
673 863 181 73 potest
800 863 217 73 cognosci
962 863 163 73 imago
1071 863 109 73 in
1125 863 199 73 speculo
1270 863 91 73 &
1306 863 127 73 per
1379 863 217 73 speculum
1542 863 127 73 sub
1614 863 199 73 ratione
1759 863 145 73 eius
1849 863 145 73 quod

150 923 146 65 est:
241 923 128 65 non
314 923 274 65 cognoscendo
533 923 164 65 ipsam
643 923 128 65 per
716 923 110 65 id
771 923 164 65 cuius
881 923 128 65 est
954 923 183 65 imago.

491 958 135 90 Irca
575 958 202 90 secundum
727 958 219 90 arguitur:
895 958 135 90 quod
979 958 252 90 intellectus
1181 958 185 90 creatus
1316 958 202 90 naturali
1467 958 236 90 cognitione
1652 958 118 90 non
1720 958 151 90 videt
1821 958 151 90 omnia
1905 958 67 90 qv

492 1030 94 59 in
539 1030 110 59 ea.
602 1030 172 59 quoniam
727 1030 125 59 tunc
806 1030 172 59 videret
931 1030 204 59 infinita:
1088 1030 125 59 quod
1166 1030 110 59 non
1229 1030 157 59 potest
1339 1030 204 59 creatura.
1495 1030 157 59 CONtra
1605 1030 125 59 est.
1683 1030 172 59 quoniam
1809 1030 110 59 est
1856 1030 78 59 suf

487 1083 192 73 ficiens
626 1083 157 73 ratio
731 1083 297 73 videndiomnia.
975 1083 140 73 lsta
1062 1083 209 73 quaestio
1220 1083 227 73 coniuncta
1394 1083 122 73 est
1464 1083 279 73 praecedenti:
1691 1083 87 73 &
1726 1083 157 73 solum
1813 1083 122 73 diffe

485 1148 144 59 runt
575 1148 108 59 in
629 1148 144 59 hoc:
718 1148 144 59 quod
808 1148 144 59 illa
898 1148 215 59 fundatur
1059 1148 162 59 super
1167 1148 197 59 naturae
1311 1148 287 59 pluralitatem
1544 1148 108 59 in
1598 1148 197 59 videndo
1742 1148 126 59 tam
1813 1148 108 59 ex
1849 1148 90 59 par

487 1196 109 64 te
541 1196 219 64 videntis
706 1196 146 64 quam
797 1196 109 64 ex
851 1196 164 64 parte
961 1196 164 64 visi.
1070 1196 146 64 Ista
1161 1196 146 64 vero
1252 1196 164 64 super
1362 1196 164 64 actum
1471 1196 201 64 videndi
1617 1196 219 64 secundum
1763 1196 182 64 communem

485 1248 177 65 cursum
609 1248 142 65 quem
698 1248 177 65 habent
822 1248 159 65 beati
928 1248 106 65 in
981 1248 195 65 videndo
1123 1248 195 65 diuinam
1265 1248 248 65 essentiam.
1460 1248 106 65 ET
1513 1248 124 65 est
1584 1248 213 65 dicendum
1743 1248 142 65 quod
1814 1248 124 65 iuxta

156 1306 112 67 iam
220 1306 144 67 dicta
316 1306 144 67 nihil
411 1306 176 67 videtur
539 1306 96 67 ex
587 1306 207 67 creaturis
746 1306 128 67 visa
826 1306 160 67 diuina
938 1306 191 67 essentia
1081 1306 128 67 nisi
1161 1306 144 67 cuius
1257 1306 112 67 est
1321 1306 128 67 ipsa
1401 1306 176 67 idealis
1528 1306 160 67 ratio.
1640 1306 128 67 Nunc
1720 1306 191 67 secundum
1847 1306 96 67 prae

147 1368 140 58 dicta
241 1368 202 58 quorundam
396 1368 109 58 est
458 1368 171 58 idealis
582 1368 140 58 ratio
675 1368 109 58 per
737 1368 93 58 se
784 1368 78 58 &
815 1368 186 58 propria:
955 1368 202 58 quorundam
1110 1368 124 58 vero
1187 1368 217 58 nequaquam:
1358 1368 124 58 nisi
1436 1368 109 58 per
1498 1368 109 58 hoc
1560 1368 124 58 quod
1638 1368 124 58 ipsa
1715 1368 155 58 quorum
1824 1368 109 58 est
1870 1368 78 58 per

149 1408 98 74 se
198 1408 179 74 idealis
328 1408 163 74 ratio,
442 1408 196 74 quodammo
589 1408 98 74 se
638 1408 163 74 habent
752 1408 98 74 ad
800 1408 147 74 illa,
898 1408 130 74 quae
980 1408 163 74 quidem
1094 1408 196 74 habitudo
1240 1408 114 74 non
1306 1408 114 74 est
1371 1408 130 74 nisi
1452 1408 277 74 accidentalis:
1680 1408 244 74 quemadmodum
1860 1408 81 74 spe

153 1464 132 67 cies
235 1464 132 67 siue
317 1464 198 67 essentia
466 1464 214 67 specifica
630 1464 297 67 accidentaliter
877 1464 99 67 se
927 1464 148 67 habet
1026 1464 99 67 ad
1075 1464 198 67 secundas
1223 1464 264 67 intentiones,
1437 1464 99 67 ad
1487 1464 198 67 numeros,
1635 1464 82 67 &
1668 1464 231 67 indiuidua:
1849 1464 82 67 &
1882 1464 99 67 ad

154 1519 158 69 caetera
269 1519 201 69 huiusmodi.
427 1519 144 69 quorum
527 1519 101 69 non
585 1519 101 69 est
643 1519 101 69 per
700 1519 86 69 se
743 1519 72 69 &
772 1519 158 69 propria
887 1519 129 69 idea:
973 1519 86 69 vt
1016 1519 158 69 habitum
1131 1519 101 69 est
1189 1519 144 69 supra.
1290 1519 129 69 Quare
1376 1519 101 69 cum
1433 1519 115 69 illa
1505 1519 101 69 non
1563 1519 86 69 se
1606 1519 144 69 habent
1707 1519 86 69 ad
1750 1519 129 69 ideam
1822 1519 129 69 speciei

147 1575 125 63 siue
226 1575 203 63 essentiae
382 1575 125 63 nisi
460 1575 203 63 inquantum
617 1575 94 63 se
663 1575 141 63 habet
757 1575 172 63 species
882 1575 188 63 quodammo
1023 1575 94 63 ad
1070 1575 141 63 illa:
1164 1575 125 63 illa
1242 1575 125 63 ergo
1320 1575 141 63 omnia
1414 1575 282 63 accidentaliter
1649 1575 94 63 se
1696 1575 156 63 habent
1805 1575 94 63 ad
1837 1575 109 63 ideam

146 1631 119 65 per
214 1631 136 65 quam
299 1631 187 65 videndo
434 1631 187 65 diuinam
570 1631 221 65 essentiam
740 1631 187 65 debeant
875 1631 170 65 videri
994 1631 102 65 in
1045 1631 153 65 illa.
1147 1631 136 65 Nunc
1232 1631 153 65 autem
1333 1631 136 65 viso
1418 1631 119 65 aut
1486 1631 187 65 cognito
1622 1631 170 65 aliquo
1740 1631 119 65 non
1791 1631 153 65 necessa

147 1689 127 56 rio,
226 1689 95 56 eo
274 1689 174 56 cognito
401 1689 253 56 cognoscuntur
607 1689 143 56 omnia
702 1689 127 56 illa
781 1689 127 56 quae
860 1689 285 56 accidentaliter
1098 1689 95 56 se
1145 1689 158 56 habent
1256 1689 95 56 ad
1303 1689 158 56 illud.
1414 1689 127 56 Dico
1494 1689 95 56 ab
1541 1689 238 56 intellectum
1731 1689 174 56 finito:
1842 1689 95 56 quia

154 1735 133 56 illa
238 1735 133 56 sunt
321 1735 216 56 infinita.
487 1735 200 56 Quamquam
637 1735 133 56 ergo
720 1735 200 56 secundum
870 1735 200 56 communem
1019 1735 150 56 modum
1119 1735 200 56 visionis
1269 1735 166 56 beatae
1385 1735 166 56 diuina
1502 1735 200 56 essentia
1652 1735 200 56 videatur
1801 1735 83 56 a
1818 1735 133 56 beatis

150 1797 119 58 non
218 1797 153 58 solum
320 1797 119 58 sub
388 1797 187 58 ratione
524 1797 119 58 qua
592 1797 204 58 secundum
744 1797 102 58 se
795 1797 85 58 &
829 1797 204 58 absolute
982 1797 119 58 est
1050 1797 204 58 essentia
1203 1797 204 58 quaedam:
1356 1797 119 58 sed
1424 1797 153 58 etiam
1525 1797 119 58 sub
1593 1797 187 58 ratione
1729 1797 119 58 qua
1797 1797 119 58 est
1848 1797 102 58 idea

157 1836 253 67 creaturarum:
363 1836 111 67 ita
426 1836 95 67 vt
474 1836 142 67 omnes
569 1836 206 67 essentiae
727 1836 253 67 creaturarum,
932 1836 111 67 per
996 1836 190 67 proprias
1138 1836 142 67 ideas
1233 1836 206 67 videantur
1391 1836 95 67 in
1439 1836 142 67 ipsa:
1534 1836 111 67 Sed
1597 1836 142 67 tamen
1692 1836 206 67 essentiae
1834 1836 111 67 rerum

153 1897 113 69 non
218 1897 130 69 sunt
299 1897 162 69 numero
412 1897 227 69 infinitae:
590 1897 130 69 quae
671 1897 194 69 proprias
817 1897 146 69 ideas
914 1897 178 69 habent:
1043 1897 97 69 de
1092 1897 162 69 quibus
1205 1897 146 69 dicit
1302 1897 162 69 Greti.
1416 1897 146 69 iiii.
1513 1897 162 69 dialo.
1626 1897 130 69 Quia
1707 1897 130 69 illi
1788 1897 146 69 omnes
1869 1897 81 69 com

155 1962 130 56 muni
236 1962 210 56 claritate
398 1962 130 56 deum
479 1962 259 56 conspiciunt:
689 1962 130 56 quid
770 1962 113 56 est
835 1962 130 56 quod
916 1962 113 56 ibi
981 1962 194 56 nesciant
1126 1962 113 56 vbi
1191 1962 194 56 scientem
1337 1962 146 56 omnia
1434 1962 178 56 sciunt:
1563 1962 113 56 Non
1628 1962 146 56 tamen
1725 1962 178 56 oportet
1855 1962 130 56 quod

152 2003 144 65 omnia
248 2003 241 65 singularia:
441 2003 80 65 &
473 2003 176 65 numeros
601 2003 144 65 rerum
697 2003 80 65 &
730 2003 176 65 caetera
858 2003 209 65 huiusmodi
1018 2003 128 65 quae
1099 2003 193 65 proprias
1243 2003 144 65 ideas
1339 2003 112 65 non
1403 2003 176 65 habent:
1532 2003 80 65 &
1564 2003 128 65 sunt
1644 2003 209 65 infinita,
1805 2003 144 65 simul
1885 2003 64 65 vi

153 2060 164 72 deant.
267 2060 148 72 talia
366 2060 131 72 enim
448 2060 131 72 nisi
530 2060 164 72 quodam
645 2060 131 72 modo
727 2060 197 72 speciali
874 2060 115 72 eis
940 2060 295 72 manifestentur,
1186 2060 197 72 naturali
1333 2060 180 72 notitia
1464 2060 164 72 videri
1579 2060 115 72 non
1645 2060 180 72 possunt
1776 2060 131 72 visa
1842 2060 98 72 diui

146 2114 106 68 na
199 2114 211 68 essentia
357 2114 193 68 visione
498 2114 229 68 gloriosa:
674 2114 123 68 sed
744 2114 211 68 indigent
903 2114 211 68 speciali
1061 2114 281 68 reuelatione,
1290 2114 264 68 quemadmodum
1501 2114 106 68 vt
1553 2114 193 68 dicitur
1694 2114 158 68 datum
1800 2114 123 68 est
1870 2114 123 68 ani

146 2171 117 62 mae
213 2171 184 62 Christi
347 2171 134 62 quod
431 2171 151 62 videt
531 2171 151 62 omnia
632 2171 134 62 quae
716 2171 134 62 deus
799 2171 117 62 est
866 2171 201 62 facturus
1017 2171 100 62 in
1067 2171 167 62 rebus:
1185 2171 151 62 licet
1285 2171 117 62 non
1352 2171 151 62 omnia
1453 2171 134 62 quae
1536 2171 184 62 possent
1670 2171 167 62 fieri.
1788 2171 100 62 Et
1821 2171 134 62 secun-

154 2218 124 66 dum
225 2218 124 66 hoc
296 2218 247 66 concedenda
490 2218 124 66 est
560 2218 265 66 primaratio.
772 2218 106 66 AD
825 2218 212 66 rationem
984 2218 106 66 in
1037 2218 247 66 oppositum:
1231 2218 141 66 quod
1319 2218 124 66 est
1390 2218 247 66 sufficiens
1584 2218 159 66 ratio
1690 2218 194 66 videndi
1831 2218 159 66 omnia
1919 2218 53 66 A

149 2270 215 67 dicendum
310 2270 143 67 quod
399 2270 161 67 verum
507 2270 125 67 est
578 2270 197 67 quantum
721 2270 125 67 est
793 2270 107 67 ex
846 2270 107 67 se
900 2270 107 67 si
954 2270 161 67 esset
1061 2270 268 67 intellectus
1276 2270 107 67 ad
1329 2270 125 67 hoc
1401 2270 250 67 sufficiens
1597 2270 107 67 vt
1651 2270 161 67 omnia
1758 2270 232 67 accidenta
1919 2270 54 67 o

147 2330 157 59 liter
251 2330 104 59 ad
303 2330 157 59 ipsam
408 2330 209 59 ordinata
564 2330 174 59 posset
686 2330 209 59 referre:
843 2330 261 59 quemadmodum
1051 2330 157 59 facit
1156 2330 261 59 intellectus
1364 2330 226 59 infinitus
1538 2330 209 59 diuinus.
1695 2330 139 59 Nunc
1782 2330 157 59 autem
1886 2330 104 59 ad

154 2384 118 65 hoc
222 2384 118 65 non
289 2384 202 65 sufficit
441 2384 253 65 intellectus
643 2384 202 65 creatus:
795 2384 135 65 quia
879 2384 186 65 finitus
1014 2384 135 65 est:
1099 2384 253 65 quemadmodum
1301 2384 253 65 intellectus
1503 2384 169 65 noster
1622 2384 135 65 viso
1706 2384 219 65 principio
1858 2384 84 65 non

160 2432 187 74 sufficit
301 2432 156 74 videre
410 2432 93 74 in
456 2432 125 74 illo
534 2432 125 74 illa
612 2432 93 74 ad
659 2432 125 74 quae
737 2432 109 74 per
799 2432 93 74 se
846 2432 218 74 sufficiens
1017 2432 109 74 est
1080 2432 140 74 ratio
1173 2432 234 74 cognoscendi
1360 2432 171 74 quantum
1485 2432 109 74 est
1547 2432 93 74 de
1594 2432 109 74 se:
1656 2432 109 74 non
1718 2432 140 74 solum
1812 2432 125 74 illa
1890 2432 93 74 ad

158 2486 127 64 quae
238 2486 95 64 se
285 2486 143 64 habet
380 2486 111 64 per
444 2486 207 64 accidens:
603 2486 111 64 sed
666 2486 111 64 nec
730 2486 127 64 illa
809 2486 95 64 ad
857 2486 127 64 quae
936 2486 95 64 se
984 2486 143 64 habet
1079 2486 111 64 per
1143 2486 95 64 se
1191 2486 111 64 sed
1254 2486 191 64 mediate.

490 2536 136 74 lrca
575 2536 187 74 tertium
711 2536 221 74 arguitur:
881 2536 136 74 quod
966 2536 136 74 homo
1051 2536 153 74 purus
1153 2536 102 74 in
1204 2536 119 74 hac
1272 2536 136 74 vita
1357 2536 153 74 vtens
1459 2536 204 74 sensibus
1612 2536 170 74 possit
1731 2536 170 74 videre
1850 2536 136 74 deum

487 2610 123 56 per
558 2610 228 56 essentiam
733 2610 88 56 &
768 2610 140 56 esse
856 2610 210 56 persecte
1014 2610 193 56 beatus,
1154 2610 140 56 quia
1242 2610 105 56 si
1294 2610 140 56 vsus
1382 2610 193 56 sensuum
1522 2610 123 56 hoc
1592 2610 246 56 impediret,
1785 2610 140 56 tunc
1855 2610 88 56 san

491 2653 130 65 cti
566 2653 111 65 in
621 2653 204 65 gloria,
769 2653 148 65 quia
862 2653 241 65 resumptis
1047 2653 259 65 corporibus
1251 2653 222 65 habebunt
1417 2653 148 65 vsum
1510 2653 222 65 sensuum,
1677 2653 130 65 eum
1751 2653 130 65 non
1806 2653 130 65 vide-

491 2704 165 70 rent.
600 2704 183 70 CONtra
729 2704 128 70 est
802 2704 165 70 illud
911 2704 146 70 exo.
1003 2704 201 70 xxxiii.
1149 2704 128 70 Non
1223 2704 201 70 videbit
1369 2704 110 70 me
1424 2704 146 70 homo
1515 2704 91 70 &
1552 2704 183 70 viuet.
1680 2704 146 70 tunc
1771 2704 165 70 autem
1863 2704 73 70 ma

488 2759 142 60 xime
577 2759 160 60 viuit
684 2759 125 60 cum
755 2759 125 60 est
826 2759 107 60 in
880 2759 125 60 vsu
951 2759 214 60 sensuum.
1111 2759 142 60 ergo
1200 2759 125 60 &c.
1271 2759 231 60 DIcendum,
1449 2759 142 60 quod
1538 2759 160 60 omnis
1645 2759 142 60 deum
1734 2759 178 60 videns
1841 2759 89 60 per

454 2795 239 88 essentiam
637 2795 110 88 in
692 2795 202 88 videndo
839 2795 129 88 eum
913 2795 184 88 beatus
1041 2795 147 88 est.
1133 2795 129 88 Sed
1207 2795 110 88 in
1262 2795 202 88 vidente
1408 2795 202 88 aliquid
1555 2795 257 88 requiritur
1757 2795 110 88 vt
1794 2795 147 88 absolu

166 2874 101 60 te
217 2874 169 60 videre
335 2874 186 60 possit:
470 2874 186 60 aliquid
605 2874 101 60 vt
656 2874 203 60 perfecte
808 2874 169 60 videre
926 2874 186 60 possit:
1061 2874 84 60 &
1095 2874 169 60 primum
1213 2874 186 60 illorum
1348 2874 169 60 potest
1466 2874 135 60 esse
1551 2874 135 60 sine
1635 2874 203 60 secundo,
1787 2874 118 60 non
1838 2874 101 60 ecom

158 2925 144 64 uerso.
258 2925 144 64 potest
359 2925 115 64 enim
431 2925 158 64 aliquis
546 2925 115 64 deum
618 2925 144 64 videre
719 2925 101 64 per
776 2925 187 64 essentiam
920 2925 230 64 aliqualiter:
1107 2925 72 64 &
1136 2925 115 64 esse
1208 2925 216 64 aliqualiter
1381 2925 158 64 beatus:
1496 2925 101 64 cum
1553 2925 130 64 tamen
1640 2925 173 64 perfecte
1769 2925 101 64 non
1827 2925 144 64 videt:

158 2975 102 69 nec
217 2975 102 69 est
275 2975 175 69 perfecte
406 2975 160 69 beatus.
522 2975 102 69 Est
581 2975 146 69 igitur
683 2975 189 69 sciendum:
828 2975 116 69 quod
901 2975 87 69 ex
945 2975 131 69 parte
1032 2975 175 69 videntis
1163 2975 160 69 aliquid
1279 2975 204 69 requiritur
1439 2975 87 69 vt
1483 2975 116 69 deum
1556 2975 102 69 per
1614 2975 189 69 essentiam
1760 2975 160 69 videat:
1876 2975 102 69 quo

148 3028 95 71 non
203 3028 177 71 existente
339 3028 204 71 impossibile
502 3028 95 71 est
556 3028 82 71 vt
597 3028 95 71 eum
651 3028 95 71 per
706 3028 177 71 essentiam
842 3028 136 71 videat
937 3028 163 71 scilicet
1059 3028 109 71 quod
1127 3028 95 71 vis
1182 3028 136 71 visiua
1277 3028 95 71 non
1331 3028 95 71 sit
1386 3028 177 71 retracta:
1522 3028 95 71 nec
1576 3028 177 71 impedita.
1712 3028 109 71 nisi
1780 3028 109 71 enim
1834 3028 109 71 totali

150 3084 108 63 ter
211 3084 77 63 &
242 3084 186 63 perfecte
382 3084 93 63 in
428 3084 93 63 se
475 3084 186 63 collecta
614 3084 170 63 fuerit,
738 3084 201 63 essentiam
893 3084 139 63 illam
986 3084 155 63 videre
1094 3084 108 63 non
1156 3084 186 63 poterit.
1296 3084 170 63 dicente
1419 3084 139 63 Greg.
1512 3084 155 63 xxiii.
1621 3084 139 63 mora.
1714 3084 108 63 xx.
1776 3084 108 63 ca.
1822 3084 124 63 Sancti

144 3146 157 78 omnes
248 3146 192 78 quamdiu
388 3146 105 78 in
441 3146 122 78 hac
511 3146 140 78 vita
598 3146 157 78 sunt,
703 3146 192 78 diuinae
843 3146 192 78 naturae
983 3146 192 78 secreta
1122 3146 175 78 nondum
1245 3146 157 78 sicut
1350 3146 140 78 sunt
1437 3146 315 78 contemplantur.
1699 3146 140 78 quia
1787 3146 192 78 nimirum
