2391 3719
485 263 172 81 vltimo
605 263 103 81 ad
657 263 206 81 noctuam:
812 263 138 81 quam
898 263 189 81 ponatur
1035 263 206 81 deficere
1190 263 103 81 in
1242 263 172 81 nouem,
1362 263 155 81 vltra
1465 263 138 81 quae
1551 263 120 81 non
1620 263 120 81 est
1689 263 206 81 defectus
1844 263 138 81 siue
1930 263 224 81 descensus
2085 263 189 81 vlterius.

479 349 85 62 &
513 349 120 62 hoc
581 349 171 62 agente
701 349 171 62 semper
821 349 103 62 in
872 349 205 62 singulis
1026 349 137 62 alia
1111 349 85 62 &
1146 349 137 62 alia
1231 349 154 62 anima
1334 349 222 62 sensitiua
1505 349 103 62 in
1556 349 171 62 natura
1676 349 85 62 &
1710 349 222 62 essentia:
1881 349 103 62 vt
1932 349 120 62 sic
2000 349 188 62 ponamus
2120 349 154 62 ordines

473 398 241 66 angelorum
658 398 278 66 differentes
880 398 167 66 penes
991 398 185 66 formas
1120 398 259 66 specificas
1324 398 130 66 quo
1398 398 111 66 ad
1453 398 167 66 actum
1564 398 315 66 intelligendi:
1823 398 167 66 sicut
1934 398 111 66 in
1990 398 167 66 bruto
2082 398 185 66 secundum

477 451 266 68 differentes
690 451 177 68 animas
814 451 248 68 sensitiuas
1009 451 248 68 specificas
1204 451 195 68 ponimus
1346 451 142 68 ipsa
1434 451 213 68 differre
1594 451 159 68 penes
1700 451 159 68 actus
1806 451 213 68 videndi.
1966 451 106 68 Et
2019 451 142 68 quot
2108 451 142 68 sunt
2178 451 89 68 gra

482 506 137 54 dus,
568 506 120 54 tot
636 506 137 54 sunt
722 506 274 54 differentiae
945 506 257 54 specificae:
1151 506 137 54 quae
1236 506 189 54 virtute
1373 506 291 54 comprehendunt
1613 506 240 54 superiores
1802 506 154 54 omnes
1905 506 154 54 vsque
2008 506 103 54 ad
2059 506 154 54 genus
2145 506 120 54 gene-

483 559 254 60 ralissimum.
686 559 118 60 PER
754 559 220 60 praedicta
923 559 152 60 patet
1024 559 220 60 responsio
1193 559 101 60 ad
1244 559 237 60 argumentum
1430 559 186 60 probans
1566 559 135 60 quod
1650 559 101 60 in
1701 559 186 60 angelis
1836 559 118 60 non
1904 559 118 60 est
1972 559 237 60 compositio
2158 559 101 60 ex
2208 559 101 60 ge

477 609 143 54 nere
566 609 89 54 &
602 609 285 54 differentia:
834 609 143 54 quia
923 609 143 54 tunc
1012 609 160 54 magis
1119 609 250 54 compositus
1315 609 160 54 esset
1422 609 267 54 perfectior.
1636 609 160 54 Patet
1743 609 143 54 enim
1832 609 143 54 quod
1921 609 125 54 hoc
1993 609 160 54 solum
2100 609 125 54 est
2153 609 125 54 verum

472 664 108 77 in
526 664 180 77 genere
652 664 198 77 naturae
795 664 198 77 vsitato
939 664 162 77 circa
1047 664 269 77 generabilia
1262 664 90 77 &
1298 664 323 77 corruptibilia.
1568 664 108 77 In
1621 664 180 77 genere
1747 664 162 77 autem
1855 664 144 77 pure
1945 664 180 77 logico
2070 664 162 77 circa
2160 664 108 77 alia

479 719 231 63 nequaquam
657 719 124 63 est
728 719 178 63 verum,
852 719 107 63 vt
906 719 160 63 visum
994 719 107 63 est.

841 772 190 59 Equuntur
984 772 190 59 quaesita
1126 772 95 59 de
1173 772 206 59 creaturis
1332 772 253 59 materialibus
1537 772 190 59 secundum
1680 772 111 59 se.
1743 772 95 59 Et
1791 772 142 59 erant
1885 772 174 59 quaedam
2012 772 222 59 communiter
2170 772 111 59 perti

858 831 155 56 entia
961 831 103 56 ad
1012 831 155 56 omnes
1116 831 223 56 creaturas
1287 831 258 56 materiales:
1494 831 189 56 quaedam
1631 831 137 56 vero
1717 831 258 56 specialiter
1923 831 258 56 pertinentia
2130 831 103 56 ad
2181 831 120 56 ho-

857 878 161 54 minem.
969 878 145 54 Circa
1066 878 161 54 primum
1178 878 257 54 quaerebantur
1387 878 193 54 quatuor.
1532 878 112 54 Duo
1596 878 241 54 pertinentia
1789 878 96 54 ad
1837 878 225 54 principium
2014 878 225 54 materiale.
2175 878 96 54 Pri-

834 923 121 78 mum
903 923 104 78 vt
955 923 121 78 est
1024 923 242 78 principium
1214 923 294 78 generationis:
1456 923 156 78 vtrum
1560 923 104 78 ex
1611 923 156 78 costa
1715 923 225 78 possibile
1888 923 138 78 fuit
1974 923 190 78 formari
2095 923 173 78 mulierem

837 985 142 64 sine
926 985 213 64 materiae
1086 985 248 64 additione.
1281 985 213 64 Secundum
1440 985 106 64 vt
1494 985 124 64 est
1565 985 248 64 principium
1760 985 355 64 transmutationis:
2061 985 160 64 vtrum
2150 985 124 64 trans

827 1032 205 65 mutatio
976 1032 186 65 aliqua
1106 1032 186 65 possit
1237 1032 167 65 fieri
1348 1032 149 65 sine
1441 1032 223 65 subiecta
1609 1032 223 65 materia.
1776 1032 112 65 Et
1832 1032 130 65 duo
1907 1032 149 65 alia
2000 1032 167 65 circa
2093 1032 167 65 numerum

829 1086 121 68 qui
898 1086 121 68 est
967 1086 207 68 accidens
1123 1086 190 68 quoddam
1261 1086 242 68 consequens
1451 1086 225 68 materiam,
1624 1086 294 68 proponebantur
1866 1086 138 68 sine
1953 1086 259 68 argumentis.
2143 1086 138 68 Primum

479 1148 100 66 de
529 1148 167 66 quadam
647 1148 134 66 eius
730 1148 301 66 appropriatione
981 1148 201 66 scilicet
1132 1148 151 66 quare
1232 1148 234 66 tricesimus
1416 1148 184 66 fructus
1550 1148 100 66 ab
1601 1148 285 66 expositoribus
1835 1148 167 66 sacris
1952 1148 268 66 appropriatur
2153 1148 117 66 mari-

490 1201 159 70 tatis.
602 1201 111 70 Ix.
665 1201 175 70 viduis:
793 1201 239 70 centenarius
984 1201 127 70 vero
1063 1201 239 70 virginibus.
1254 1201 191 70 Secundum
1397 1201 127 70 erat
1477 1201 111 70 de.
1541 1201 127 70 xxx.
1620 1201 96 70 &.
1668 1201 111 70 lx.
1732 1201 239 70 formatione:
1923 1201 143 70 quare
2018 1201 191 70 dicuntur
2146 1201 127 70 transi

487 1265 98 60 re
536 1265 82 60 a
569 1265 180 60 dextera
700 1265 98 60 in
749 1265 180 60 laeuam.
880 1265 148 60 ClRca
979 1265 164 60 primum
1094 1265 197 60 arguitur
1241 1265 131 60 quod
1323 1265 131 60 sic.
1405 1265 131 60 quia
1487 1265 164 60 quando
1602 1265 164 60 aliqua
1717 1265 148 60 sunt:
1816 1265 164 60 quorum
1930 1265 197 60 vtrumque
2078 1265 98 60 in
2127 1265 98 60 se
2160 1265 115 60 habet

486 1304 172 64 aliqua
606 1304 223 64 infinita:
777 1304 189 64 quantum
915 1304 172 64 potest
1035 1304 154 64 fieri
1138 1304 103 64 ex
1189 1304 137 64 vno,
1275 1304 86 64 &
1309 1304 103 64 ex
1361 1304 189 64 altero.
1498 1304 120 64 Sed
1567 1304 120 64 tam
1635 1304 189 64 materia
1772 1304 172 64 minima
1893 1304 137 64 quam
1978 1304 172 64 maxima
2098 1304 154 64 aeque
2201 1304 103 64 ha

483 1359 152 57 bent
578 1359 190 57 partes
711 1359 266 57 infinitas,
920 1359 171 57 quare
1033 1359 114 57 si
1090 1359 114 57 ex
1147 1359 171 57 magna
1261 1359 209 57 materia
1413 1359 190 57 potuit
1546 1359 171 57 fieri
1660 1359 209 57 mulier,
1812 1359 95 57 &
1849 1359 114 57 ex
1906 1359 190 57 parua.
2039 1359 152 57 ergo
2134 1359 133 57 &c.
2191 1359 76 57 IN

485 1419 238 62 contrarium
672 1419 136 62 est:
757 1419 136 62 quia
842 1419 136 62 tunc
927 1419 102 62 ex
979 1419 170 62 minima
1098 1419 221 62 scintilla
1268 1419 153 62 ignis
1370 1419 170 62 posset
1489 1419 153 62 fieri
1591 1419 136 62 vnus
1676 1419 170 62 globus
1795 1419 119 62 vel
1864 1419 119 62 vna
1932 1419 153 62 gleba
2034 1419 187 62 terrae,
2170 1419 136 62 quid

481 1467 176 64 falsum
605 1467 141 64 est.
693 1467 211 64 DIcendum
851 1467 141 64 quod
939 1467 211 64 quaestio
1098 1467 141 64 ista
1186 1467 194 64 quaerit
1327 1467 106 64 de
1380 1467 229 64 principio
1556 1467 229 64 materiali
1732 1467 123 64 quo
1802 1467 106 64 ad
1855 1467 229 64 potentiam
2031 1467 211 64 passiuam
2172 1467 88 64 ge-

482 1522 173 60 nerandi
608 1522 189 60 mulierem
750 1522 94 60 ex
797 1522 110 60 ea.
860 1522 94 60 Et
907 1522 126 60 quia
986 1522 173 60 materia
1112 1522 157 60 costae
1222 1522 157 60 potest
1332 1522 220 60 dupliciter
1505 1522 252 60 considerari:
1710 1522 110 60 Vno
1773 1522 126 60 modo
1852 1522 189 60 secundum
1993 1522 110 60 se:
2056 1522 94 60 vt
2104 1522 110 60 est
2167 1522 126 60 mate

483 1573 118 60 ria
551 1573 269 60 simpliciter:
769 1573 135 60 Alio
854 1573 135 60 modo
938 1573 101 60 vt
988 1573 118 60 est
1056 1573 118 60 sub
1123 1573 320 60 dispositionibus
1392 1573 84 60 &
1426 1573 303 60 proprietatibus
1679 1573 185 60 costae,
1813 1573 118 60 aut
1881 1573 185 60 aliarum
2015 1573 286 60 dispositionum

483 1631 94 63 &
521 1631 264 63 qualitatum
728 1631 302 63 materialium:
974 1631 94 63 &
1012 1631 245 63 differunt
1200 1631 151 63 modi
1295 1631 302 63 considerandi
1540 1631 151 63 eam:
1634 1631 189 63 Primus
1766 1631 151 63 enim
1861 1631 170 63 modus
1974 1631 226 63 pertinet
2125 1631 151 63 princi

478 1689 188 62 paliter
614 1689 102 62 ad
666 1689 324 62 considerationem
939 1689 273 62 metaphysici:
1160 1689 188 62 Secunds
1297 1689 136 62 vero
1382 1689 102 62 ad
1433 1689 324 62 considerationem
1706 1689 222 62 naturalis
1877 1689 136 62 siue
1962 1689 205 62 physici:
2115 1689 102 62 Si
2167 1689 136 62 ergo

478 1745 275 60 consideremus
701 1745 206 60 materiam
855 1745 154 60 primo
958 1745 154 60 modo:
1061 1745 120 60 sic
1130 1745 137 60 dico
1216 1745 137 60 quod
1302 1745 189 60 quantum
1439 1745 120 60 est
1508 1745 103 60 ex
1559 1745 189 60 ratione
1697 1745 223 60 principii
1868 1745 120 60 mat
1937 1745 189 60 erialis
2057 1745 206 60 existentis

485 1791 102 67 in
536 1791 170 67 costa,
655 1791 153 67 aeque
758 1791 222 67 possibile
928 1791 119 67 est
996 1791 187 67 formari
1132 1791 204 67 mulierem
1286 1791 102 67 de
1337 1791 153 67 costa
1439 1791 136 67 sine
1524 1791 204 67 materiae
1678 1791 204 67 alterius
1831 1791 239 67 additione,
2018 1791 85 67 &
2053 1791 119 67 cum
2121 1791 136 67 eius
2206 1791 102 67 ad

481 1844 210 64 ditione:
639 1844 140 64 quia
727 1844 105 64 ad
780 1844 123 64 tot
850 1844 88 64 &
885 1844 158 64 tanta
990 1844 123 64 est
1060 1844 105 64 in
1113 1844 210 64 potentia
1271 1844 175 64 minima
1393 1844 140 64 pars
1481 1844 228 64 materiae,
1656 1844 88 64 &
1691 1844 140 64 tota
1779 1844 175 64 simul:
1902 1844 140 64 quia
1989 1844 105 64 in
2042 1844 228 64 principio
2200 1844 70 64 ma

482 1908 171 60 teriali
607 1908 140 60 nulla
700 1908 109 60 est
762 1908 248 60 differentia,
964 1908 140 60 nihil
1057 1908 217 60 distinctum
1228 1908 140 60 neque
1321 1908 264 60 determinatum:
1538 1908 186 60 secundum
1678 1908 217 60 philosopum
1849 1908 78 60 &
1880 1908 217 60 commenento
2051 1908 109 60 ii.
2113 1908 171 60 Metaph.
2221 1908 47 60 &

478 1960 188 55 habitum
615 1960 120 55 est
683 1960 102 55 in
734 1960 256 55 praecedente
939 1960 256 55 quaestione.
1144 1960 120 55 Per
1212 1960 137 55 hunc
1298 1960 137 55 enim
1383 1960 154 55 modum
1485 1960 188 55 materia
1622 1960 188 55 minimae
1759 1960 239 55 scintillae
1947 1960 239 55 sufficiens
2134 1960 120 55 est
2203 1960 102 55 ad

476 2006 220 63 formandum
645 2006 102 63 de
696 2006 102 63 ea
747 2006 152 63 totam
848 2006 152 63 molem
950 2006 169 63 mundi:
1068 2006 118 63 sed
1136 2006 118 63 hoc
1204 2006 118 63 non
1271 2006 135 63 nisi
1356 2006 203 63 respectu
1508 2006 186 63 agentis
1644 2006 322 63 supernaturalis:
1915 2006 118 63 qui
1982 2006 169 63 potest
2101 2006 152 63 agere
2185 2006 85 63 ali

486 2059 143 64 quid
575 2059 107 64 ex
629 2059 196 64 materia
771 2059 214 64 secundum
932 2059 143 64 quod
1021 2059 196 64 materia
1164 2059 125 64 est
1235 2059 232 64 absolute:
1413 2059 125 64 non
1485 2059 214 64 secundum
1645 2059 214 64 rationes
1805 2059 303 64 dispositionum
2055 2059 250 64 naturalium

483 2111 92 66 in
529 2111 108 66 ea:
590 2111 123 66 quia
667 2111 123 66 quid
744 2111 139 66 magis
837 2111 123 66 est,
914 2111 154 66 potest
1021 2111 139 66 agere
1114 2111 108 66 non
1175 2111 92 66 ex
1221 2111 231 66 praeiacente
1406 2111 185 66 materia.
1545 2111 185 66 Respectu
1683 2111 123 66 vero
1760 2111 169 66 agentis
1883 2111 215 66 naturalis,
2053 2111 169 66 materia
2160 2111 108 66 secun

485 2169 118 68 dum
553 2169 135 68 quod
637 2169 202 68 materia,
789 2169 118 68 non
856 2169 118 68 est
923 2169 101 68 in
974 2169 202 68 potentia
1126 2169 101 68 vt
1176 2169 185 68 aliquid
1311 2169 135 68 fiat
1395 2169 101 68 ex
1446 2169 118 68 ea:
1513 2169 135 68 quia
1598 2169 152 68 agens
1699 2169 202 68 naturale
1851 2169 152 68 nihil
1952 2169 152 68 natum
2053 2169 118 68 est
2120 2169 152 68 agere
2205 2169 67 68 ex

475 2224 131 64 nuda
557 2224 197 64 materia:
705 2224 148 64 neque
803 2224 99 64 ex
852 2224 99 64 ea
902 2224 197 64 secundum
1049 2224 131 64 quod
1132 2224 181 64 materia
1263 2224 115 64 est
1329 2224 263 64 simpliciter:
1542 2224 115 64 sed
1608 2224 148 64 solum
1707 2224 197 64 secundum
1854 2224 131 64 quod
1936 2224 115 64 est
2002 2224 115 64 sub
2051 2224 214 64 dispositio-

482 2261 158 86 nibus
588 2261 280 86 naturalibus,
815 2261 88 86 &
850 2261 123 86 non
921 2261 140 86 nisi
1008 2261 158 86 iuxta
1113 2261 158 86 modum
1219 2261 193 86 illarum
1359 2261 315 86 dispositionum:
1622 2261 123 86 ita
1692 2261 140 86 quod
1779 2261 210 86 quicquid
1937 2261 140 86 ipsa
2025 2261 193 86 materia
2147 2261 123 86 secun

486 2328 114 66 dum
551 2328 98 66 se
600 2328 147 66 esset
698 2328 98 66 in
747 2328 196 66 potentia
893 2328 98 66 ad
942 2328 196 66 aliquid,
1089 2328 147 66 agens
1187 2328 147 66 tamen
1285 2328 196 66 naturale
1431 2328 147 66 nihil
1529 2328 163 66 posset
1643 2328 147 66 agere
1741 2328 98 66 ex
1790 2328 98 66 ea
1839 2328 130 66 nisi
1921 2328 98 66 vt
1969 2328 114 66 sub
2018 2328 245 66 dispositioni-

485 2377 114 73 bus
550 2377 260 73 naturalibus:
761 2377 98 73 vt
810 2377 114 73 iam
875 2377 195 73 dicetur.
1021 2377 163 73 aliter
1135 2377 130 73 enim
1216 2377 179 73 materia
1346 2377 211 73 naturalis
1509 2377 114 73 non
1574 2377 130 73 est:
1655 2377 114 73 nis
1720 2377 195 73 scilicet
1867 2377 98 73 vt
1915 2377 114 73 est
1980 2377 114 73 sub
2045 2377 211 73 quibusdam
2192 2377 81 73 dis

483 2438 270 67 positionibus
702 2438 270 67 naturalibus.
921 2438 101 67 Si
972 2438 135 67 vero
1056 2438 270 67 consideremus
1275 2438 202 67 materiam
1427 2438 185 67 secundo
1562 2438 135 67 mod.
1646 2438 202 67 scilicet
1798 2438 101 67 vt
1849 2438 118 67 est
1916 2438 118 67 sub
1983 2438 270 67 dispositione
2203 2438 101 67 di

483 2486 221 66 mensionum
653 2486 85 66 &
687 2486 238 66 densitatis
874 2486 187 66 costae:
1011 2486 119 66 sic
1079 2486 340 66 subdistinguendum
1368 2486 119 66 est
1436 2486 102 66 de
1487 2486 136 66 modo
1572 2486 204 66 formandi
1725 2486 204 66 mulierem
1879 2486 102 66 de
1930 2486 170 66 essica
2049 2486 119 66 Aut
2117 2486 136 66 enim
2185 2486 85 66 est

473 2540 240 60 intentio
653 2540 300 60 quaestionis
893 2540 120 60 de
953 2540 160 60 modo
1053 2540 240 60 formandi
1233 2540 240 60 mulierem
1414 2540 240 60 secundum
1594 2540 180 60 modum
1714 2540 100 60 &
1754 2540 200 60 cursum
1894 2540 240 60 actionis
2054 2540 220 60 naturalis

477 2599 135 69 aut
554 2599 231 69 secundum
727 2599 174 69 modum
843 2599 96 69 &
882 2599 193 69 cursum
1017 2599 231 69 actionis
1190 2599 366 69 supernaturalis.
1499 2599 116 69 Si
1557 2599 174 69 primo
1672 2599 174 69 modo,
1788 2599 135 69 sic
1865 2599 386 69 subdistinguendum
2174 2599 96 69 est

487 2653 146 64 quia
578 2653 164 64 modus
687 2653 219 64 formandi
851 2653 200 64 aliquid
997 2653 219 64 secundum
1161 2653 182 64 cursum
1288 2653 219 64 actionis
1452 2653 237 64 naturalis
1634 2653 182 64 potest
1762 2653 237 64 intelligi
1944 2653 128 64 vel
2017 2653 109 64 ex
2072 2653 164 64 parte
2163 2653 109 64 prin

486 2704 157 59 cipii
590 2704 262 59 materialis,
800 2704 122 59 vel
870 2704 105 59 ex
922 2704 157 59 parte
1027 2704 175 59 ipsius
1150 2704 210 59 agentis.
1307 2704 105 59 Si
1359 2704 157 59 autem
1464 2704 157 59 modus
1569 2704 280 59 intelligatur
1796 2704 105 59 ex
1849 2704 157 59 parte
1953 2704 227 59 principii
2111 2704 157 59 materia

480 2755 145 64 lis,
570 2755 127 64 sic
643 2755 217 64 formatio
806 2755 199 64 dicitur
951 2755 163 64 fieri
1059 2755 217 64 secundum
1222 2755 181 64 cursum
1349 2755 217 64 actionis
1512 2755 253 64 naturalis,
1711 2755 181 64 quando
1838 2755 217 64 secundum
1982 2755 290 64 possibilitatem

476 2811 236 62 naturalem
657 2811 200 62 illarum
802 2811 308 62 dispositionum
1056 2811 218 62 formatur
1220 2811 109 62 id
1274 2811 145 62 quid
1365 2811 218 62 formatur
1528 2811 109 62 de
1583 2811 200 62 materia
1728 2811 163 62 illa.
1837 2811 163 62 Actio
1945 2811 145 62 enim
2036 2811 218 62 secundum
2181 2811 91 62 cur

485 2863 128 69 sum
558 2863 200 69 naturae
703 2863 237 69 procedens
886 2863 164 69 nihil
995 2863 219 69 producit
1159 2863 109 69 ex
1214 2863 200 69 materia
1360 2863 146 69 nisi
1451 2863 219 69 secundum
1615 2863 328 69 possibilitatem
1888 2863 237 69 naturalem
2052 2863 219 69 dispositio

481 2918 126 64 num
553 2918 253 64 naturalium
752 2918 271 64 existentium
968 2918 108 64 in
1022 2918 216 64 materia.
1185 2918 144 64 Isto
1275 2918 162 64 autem
1383 2918 144 64 modo
1473 2918 144 64 dico
1563 2918 144 64 quod
1654 2918 271 64 simpliciter
1870 2918 271 64 impossibile
2087 2918 126 64 est
2159 2918 108 64 ex
2195 2918 72 64 co

482 2972 117 55 sta
549 2972 133 55 fine
632 2972 217 55 additione
799 2972 200 55 materiae
949 2972 150 55 fieri
1049 2972 217 55 mulierem:
1216 2972 133 55 quia
1299 2972 100 55 de
1349 2972 183 55 materia
1483 2972 117 55 sub
1549 2972 167 55 minori
1666 2972 233 55 quantitate
1849 2972 200 55 secundum
1999 2972 167 55 cursum
2116 2972 183 55 naturae

489 3024 114 66 non
554 3024 114 66 est
619 3024 147 66 natum
717 3024 147 66 fieri
816 3024 147 66 maius
914 3024 131 66 sine
995 3024 196 66 materiae
1142 3024 229 66 additione,
1322 3024 131 66 nisi
1404 3024 114 66 per
1469 3024 294 66 rarefactionem.
1714 3024 114 66 ita
1780 3024 131 66 quod
1861 3024 180 66 manente
1992 3024 147 66 eadem
2090 3024 82 66 &
2123 3024 180 66 aequali

486 3076 234 56 densitate
666 3076 270 56 impossibile
883 3076 126 56 est
955 3076 180 56 omnino
1081 3076 144 56 quod
1171 3076 216 56 secundum
1333 3076 180 56 cursum
1460 3076 90 56 &
1496 3076 162 56 modum
1604 3076 216 56 actionis
1766 3076 234 56 naturalis
1946 3076 108 56 de
2001 3076 180 56 minori
2127 3076 144 56 fiat
2199 3076 72 56 ma

482 3131 116 81 ius
549 3131 133 81 quod
632 3131 116 81 sit
698 3131 199 81 aequalis
847 3131 232 81 densitatis
1030 3131 116 81 cum
1096 3131 182 81 minore.
1229 3131 100 81 Et
1279 3131 100 81 si
1328 3131 116 81 hoc
1395 3131 249 81 simpliciter
1594 3131 116 81 est
1660 3131 249 81 impossibile
1859 3131 100 81 ex
1909 3131 149 81 parte
2009 3131 216 81 materiae:
2158 3131 116 81 omni
