2426 3755
537 203 182 85 haberet
670 203 166 85 omnino
786 203 215 85 materiam,
952 203 83 85 &
985 203 149 85 esset
1084 203 182 85 penitus
1217 203 232 85 substantia
1399 203 215 85 separata,
1565 203 149 85 nihil
1664 203 149 85 minus
1763 203 298 85 transmutaretur
2012 203 248 85 naturaliter
2194 203 116 85 secun

534 281 107 62 dum
595 281 137 62 locum
686 281 168 62 virtute
808 281 198 62 existente
961 281 91 62 in
1006 281 259 62 dimensionibus
1220 281 137 62 illis
1311 281 91 62 ad
1357 281 137 62 illum
1448 281 152 62 motum:
1555 281 122 62 quam
1631 281 122 62 modo
1708 281 91 62 si
1753 281 137 62 habet
1845 281 198 62 materiam.
1997 281 91 62 Et
2043 281 244 62 consimiliter
2226 281 76 62 sit

526 336 149 72 circa
626 336 149 72 illas
725 336 182 72 species
857 336 264 72 transmutatio
1072 336 198 72 secundum
1220 336 231 72 qualitates
1402 336 99 72 de
1452 336 165 72 tertia
1567 336 165 72 specie
1683 336 248 72 qualitatis:
1881 336 149 72 cuius
1981 336 215 72 subiectum
2146 336 116 72 est
2212 336 132 72 quam

535 393 153 57 titas
637 393 256 57 dimensionum
842 393 256 57 separatarum
1046 393 222 57 habentium
1217 393 102 57 in
1268 393 102 57 se
1319 393 102 57 ad
1370 393 119 57 hoc
1438 393 119 57 vim
1506 393 85 57 &
1540 393 204 57 virtutem
1694 393 222 57 materiae:
1864 393 170 57 qualem
1983 393 204 57 haberent
2137 393 102 57 si
2171 393 136 57 essent

530 446 94 68 in
577 446 188 68 materia.
718 446 110 68 Vlt
781 446 110 68 en.
843 446 94 68 vt
890 446 141 68 alias
984 446 235 68 determinaui
1172 446 125 68 tota
1250 446 110 68 vis
1313 446 125 68 quae
1391 446 125 68 nata
1469 446 110 68 est
1532 446 125 68 esse
1610 446 94 68 in
1657 446 203 68 composito
1814 446 250 68 substantiali
2017 446 110 68 sub
2064 446 235 68 dimensionibus

528 499 129 72 siue
608 499 97 72 ad
657 499 177 72 agendum
786 499 129 72 siue
866 499 97 72 ad
915 499 226 72 patiendum,
1092 499 177 72 virtute
1221 499 161 72 diuina
1333 499 129 72 quae
1414 499 113 72 eas
1478 499 177 72 separat
1607 499 177 72 maneret
1736 499 97 72 in
1784 499 145 72 ipsa:
1881 499 81 72 &
1913 499 113 72 quo
1978 499 97 72 ad
2026 499 113 72 hoc
2091 499 129 72 quod
2171 499 113 72 ibi
2219 499 81 72 non

525 555 119 70 est
593 555 204 70 materia,
746 555 221 70 solummodo
916 555 119 70 est
984 555 136 70 illa
1069 555 272 70 transmutatio
1290 555 323 70 supernaturalis.
1563 555 102 70 Et
1614 555 221 70 similiter
1784 555 119 70 fit
1852 555 119 70 quo
1920 555 102 70 ad
1971 555 323 70 transmutationem
2226 555 85 70 cir

526 616 103 62 ca
577 616 154 62 illas
680 616 103 62 de
732 616 172 62 quarta
852 616 172 62 specie
972 616 257 62 qualitatis:
1178 616 137 62 quae
1264 616 137 62 sunt
1350 616 154 62 rarum
1453 616 86 62 &
1487 616 189 62 densum:
1624 616 189 62 praeter
1762 616 137 62 duo.
1848 616 172 62 Quorum
1968 616 137 62 vnum
2054 616 120 62 est
2122 616 137 62 quod
2191 616 120 62 circa

517 667 152 69 rarum
619 667 85 69 &
653 667 169 69 densum
771 667 119 69 non
839 667 119 69 sit
907 667 220 69 naturalis
1076 667 271 69 transmutatio
1296 667 136 69 nisi
1381 667 119 69 per
1449 667 220 69 accidens.
1618 667 119 69 Per
1686 667 119 69 se,
1754 667 102 69 ne
1805 667 119 69 non
1872 667 119 69 fit
1940 667 136 69 nisi
2025 667 152 69 circa
2110 667 203 69 accidentia

525 719 88 58 de
569 719 147 58 tertia
673 719 147 58 specie
776 719 221 58 qualitatis.
953 719 177 58 secundum
1085 719 206 58 philosopum
1248 719 103 58 in.
1307 719 118 58 vii.
1380 719 147 58 Physi.
1483 719 162 58 Alterum
1601 719 118 58 vero
1675 719 118 58 est:
1749 719 118 58 quod
1823 719 88 58 ad
1867 719 265 58 trasmutationem
2088 719 177 58 secundum
2206 719 103 58 rarum

522 776 85 71 &
556 776 169 71 densum
675 776 203 71 sequitur
827 776 119 71 per
895 776 203 71 accidens
1047 776 254 71 trasmutatio
1251 776 203 71 secundum
1403 776 254 71 quantitatem
1606 776 85 71 a
1640 776 169 71 maiori
1759 776 102 71 in
1810 776 169 71 minus,
1928 776 85 71 &
1962 776 237 71 econuerso.
2149 776 119 71 vbi
2199 776 102 71 illa

514 833 248 56 transmutatio
715 833 124 56 quae
792 833 108 56 est
854 833 186 56 secundum
993 833 248 56 quaetitatem:
1195 833 139 56 licet
1287 833 108 56 non
1349 833 108 56 sit
1411 833 139 56 verum
1504 833 217 56 augmentum,
1674 833 108 56 est
1736 833 139 56 tamen
1829 833 139 56 circa
1922 833 232 56 quantitatem
2108 833 77 56 &
2139 833 93 56 in
2170 833 139 56 quanti-

512 888 154 57 tatem
615 888 154 57 sicut
718 888 103 57 in
769 888 206 57 terminum
924 888 103 57 ad
975 888 154 57 quem,
1078 888 86 57 &
1112 888 86 57 a
1147 888 240 57 quantitate
1335 888 154 57 sicut
1438 888 86 57 a
1472 888 189 57 termino
1610 888 86 57 a
1644 888 137 57 quo:
1730 888 86 57 &
1764 888 120 57 hoc
1833 888 189 57 penitus
1970 888 172 57 absque
2073 888 240 57 subiectonisi

523 946 109 71 per
586 946 203 71 accidens.
742 946 109 71 cum
805 946 141 71 tamen
898 946 141 71 omnes
992 946 141 71 aliae
1086 946 125 71 sunt
1164 946 109 71 per
1227 946 94 71 se
1274 946 94 71 in
1320 946 125 71 ipsa
1399 946 219 71 quantitate
1570 946 94 71 vt
1617 946 94 71 in
1664 946 203 71 subiecto.
1821 946 109 71 Per
1883 946 188 71 accidens
2024 946 125 71 enim
2102 946 109 71 non
2164 946 109 71 est
2227 946 109 71 in-

520 997 252 73 conueniens
718 997 144 73 quod
808 997 144 73 idem
898 997 126 73 sit
970 997 234 73 subiectum
1151 997 342 73 transmutationis
1439 997 90 73 &
1475 997 216 73 terminus
1637 997 90 73 a
1673 997 144 73 quo,
1763 997 162 73 atque
1872 997 216 73 terminus
2034 997 108 73 ad
2088 997 162 73 quem.
2196 997 90 73 &
2214 997 90 73 hoc

511 1063 123 64 non
582 1063 211 64 secundum
740 1063 176 64 eandem
863 1063 228 64 rationem.
1039 1063 141 64 Quia
1127 1063 211 64 dimensio
1285 1063 105 64 vt
1337 1063 123 64 est
1408 1063 281 64 determinata,
1636 1063 211 64 terminus
1794 1063 123 64 est
1865 1063 88 64 a
1900 1063 123 64 quo
1970 1063 88 64 &
2005 1063 105 64 ad
2058 1063 158 64 quem:
2163 1063 105 64 vt
2199 1063 105 64 vero

523 1108 118 73 est
591 1108 303 73 indeterminata,
843 1108 219 73 subiectum
1011 1108 118 73 est
1079 1108 185 73 commune
1214 1108 168 73 manens
1331 1108 118 73 sub
1399 1108 185 73 vtroque
1533 1108 253 73 terminorum:
1736 1108 101 73 vt
1786 1108 118 73 sic
1853 1108 219 73 huiusmodi
2022 1108 269 73 transmutatio
2224 1108 84 73 sit

525 1169 216 61 naturalis
692 1169 83 61 &
725 1169 133 61 modo
808 1169 200 61 naturae,
958 1169 183 61 praeter
1091 1169 116 61 hoc
1157 1169 133 61 quod
1241 1169 116 61 non
1307 1169 116 61 est
1374 1169 100 61 ex
1424 1169 200 61 potentia
1573 1169 216 61 materiae,
1740 1169 116 61 est
1806 1169 150 61 tamen
1906 1169 100 61 in
1956 1169 200 61 potentia
2089 1169 216 61 dimensionum

522 1225 335 61 determinatarum:
805 1225 141 61 quae
893 1225 106 61 in
946 1225 106 61 se
999 1225 123 61 quo
1069 1225 106 61 ad
1122 1225 123 61 hoc
1193 1225 212 61 retinent
1351 1225 123 61 vim
1422 1225 229 61 materiae.
1598 1225 123 61 PER
1669 1225 141 61 haec
1757 1225 159 61 patet
1863 1225 212 61 obiectum
2022 1225 194 61 primum:
2145 1225 159 61 dicendo

523 1285 127 69 quod
602 1285 111 69 hic
666 1285 95 69 in
713 1285 285 69 transmutatione
951 1285 142 69 circa
1046 1285 174 69 species
1172 1285 111 69 est
1235 1285 206 69 subiectum
1394 1285 79 69 &
1425 1285 190 69 potentia
1568 1285 285 69 transmutabile:
1805 1285 127 69 quod
1884 1285 142 69 licet
1979 1285 111 69 non
2043 1285 111 69 sit
2106 1285 190 69 materia,
2233 1285 63 69 vt

516 1340 142 62 ideo
605 1340 124 62 non
676 1340 124 62 sit
747 1340 142 62 illa
835 1340 283 62 transmutatio
1066 1340 195 62 penitus
1207 1340 142 62 modo
1296 1340 213 62 naturae:
1455 1340 124 62 est
1526 1340 159 62 tamen
1632 1340 177 62 habens
1756 1340 124 62 vim
1827 1340 230 62 materiae:
2005 1340 106 62 vt
2058 1340 213 62 secundum
2199 1340 89 62 hoc

517 1394 130 76 sit
592 1394 242 76 naturalis
778 1394 93 76 &
816 1394 149 76 modo
909 1394 205 76 naturae
1058 1394 112 76 ac
1114 1394 112 76 si
1170 1394 168 76 esset
1282 1394 112 76 in
1338 1394 224 76 materia.
1505 1394 130 76 PER
1580 1394 168 76 dicta
1692 1394 168 76 etiam
1804 1394 168 76 patet
1916 1394 280 76 inspicienti
2139 1394 112 76 ad
2177 1394 130 76 obie-

520 1452 171 75 ctum
627 1452 128 75 in
669 1452 257 75 oppositum.

856 1511 82 61 D
888 1511 181 61 tertiam
1020 1511 247 61 quaestionem
1218 1511 231 61 propositam
1399 1511 132 61 sine
1482 1511 247 61 argumentis,
1680 1511 198 61 Dicendum
1828 1511 132 61 quod
1910 1511 165 61 numeri
2026 1511 148 61 dicti
2125 1511 115 61 non
2174 1511 132 61 appro-

851 1564 199 70 priantur
1001 1564 166 70 dictis
1117 1564 199 70 statibus
1266 1564 99 70 ex
1315 1564 166 70 aliqua
1431 1564 166 70 natura
1547 1564 133 70 rei:
1630 1564 116 70 sed
1696 1564 99 70 ex
1746 1564 265 70 similitudine
1962 1564 83 70 &
1995 1564 249 70 proportione
2194 1564 133 70 qua-

856 1602 114 86 dam
921 1602 98 86 in
970 1602 179 86 illorum
1100 1602 212 86 numerorum
1263 1602 277 86 compositione,
1491 1602 82 86 &
1524 1602 179 86 viuendi
1654 1602 130 86 modo
1736 1602 98 86 in
1785 1602 147 86 illis
1883 1602 212 86 statibus.
2046 1602 114 86 Est
2111 1602 163 86 igitur
2225 1602 147 86 intel

850 1665 206 84 ligendum:
1009 1665 127 84 quod
1088 1665 159 84 duplex
1199 1665 111 84 est
1262 1665 143 84 modus
1358 1665 190 84 viuendi.
1500 1665 190 84 secundum
1643 1665 127 84 quod
1722 1665 111 84 est
1786 1665 127 84 vita
1865 1665 159 84 actiua
1976 1665 79 84 &
2008 1665 127 84 vira
2071 1665 238 84 contemplatiua

838 1718 180 72 Quarum
964 1718 162 72 prima
1072 1718 216 72 pertinet
1233 1718 126 72 per
1305 1718 108 72 se
1359 1718 108 72 ad
1413 1718 162 72 vitam
1521 1718 180 72 beatam
1646 1718 108 72 in
1700 1718 180 72 futura
1826 1718 198 72 gloria:
1970 1718 198 72 secunda
2113 1718 144 72 vero
2203 1718 108 72 ad
2239 1718 72 72 vi

829 1776 139 73 ltam
915 1776 191 73 miseram
1054 1776 104 73 in
1106 1776 225 73 praesenti
1279 1776 243 73 tristitia:
1470 1776 87 73 &
1504 1776 173 73 quarum
1625 1776 156 73 prima
1729 1776 208 73 inchoata
1885 1776 139 73 fuit
1972 1776 243 73 quodammodo
2162 1776 104 73 in
2197 1776 104 73 vita

822 1830 154 73 beata
925 1830 172 73 status
1045 1830 257 73 innocentiae
1251 1830 103 73 in
1302 1830 206 73 paradiso
1457 1830 240 73 terrestri:
1646 1830 120 73 sed
1714 1830 240 73 intermissa
1903 1830 172 73 homine
2023 1830 103 73 de
2075 1830 206 73 paradiso
2212 1830 86 73 ex-

509 1880 169 96 pulso:
627 1880 101 96 vt
678 1880 203 96 oporteat
830 1880 152 96 ipsum
932 1880 220 96 tribulari
1101 1880 101 96 in
1152 1880 135 96 vita
1236 1880 186 96 actiua:
1372 1880 135 96 quae
1456 1880 220 96 deducitur
1625 1880 118 96 per
1693 1880 169 96 fidem,
1811 1880 85 96 &
1845 1880 135 96 bona
1930 1880 203 96 virtutum
2082 1880 152 96 opera
2167 1880 118 96 secun

507 1938 130 79 dum
582 1938 168 79 decem
694 1938 223 79 decalogi
861 1938 223 79 mandata:
1029 1938 130 79 per
1103 1938 186 79 quorum
1234 1938 317 79 obseruationem
1494 1938 261 79 reuertitur
1699 1938 112 79 ad
1755 1938 298 79 contemplanda
1997 1938 223 79 aeterna.
2146 1938 149 79 Actiua

516 1993 145 86 autem
613 1993 129 86 vita
693 1993 226 86 imperfecta
871 1993 113 86 est
935 1993 97 86 ex
984 1993 161 86 genere
1096 1993 113 86 suo
1161 1993 194 86 respectu
1306 1993 306 86 contemplatiuae,
1564 1993 81 86 &
1596 1993 145 86 habet
1693 1993 194 86 duplicem
1838 1993 177 86 statum:
1967 1993 177 86 insimum
2096 1993 113 86 qui
2161 1993 113 86 est
2209 1993 81 86 com

516 2041 242 97 iugatorum:
706 2041 87 97 &
741 2041 242 97 superiorem
931 2041 121 97 qui
1000 2041 121 97 est
1070 2041 277 97 continentium
1295 2041 139 97 post
1381 2041 242 97 connubium.
1572 2041 156 97 super
1676 2041 139 97 quem
1762 2041 121 97 est
1832 2041 208 97 supremus
1987 2041 225 97 virginum:
2160 2041 173 97 quorum

517 2097 207 90 munditia
672 2097 224 90 congruens
844 2097 120 90 est
913 2097 172 90 statui
1033 2097 327 90 contemplantium.
1309 2097 241 90 QVLAigitur
1498 2097 189 90 insimus
1636 2097 172 90 gradus
1756 2097 155 90 vitae
1859 2097 189 90 actiuae
1997 2097 224 90 consistit
2169 2097 103 90 in
2221 2097 103 90 de
2255 2097 52 90 i

515 2154 173 93 calogi
636 2154 259 93 obseruantia
843 2154 104 93 ex
895 2154 138 93 fide
981 2154 259 93 trinitatis:
1188 2154 104 93 vt
1240 2154 155 93 opera
1343 2154 224 93 procedant
1516 2154 104 93 ex
1568 2154 155 93 fide:
1671 2154 86 93 &
1706 2154 155 93 fides
1809 2154 259 93 viuificetur
2017 2154 121 93 per
2086 2154 173 93 opera:
2206 2154 86 93 &
2224 2154 86 93 sic

513 2208 213 89 ternarius
677 2208 148 89 fidei
775 2208 148 89 quasi
873 2208 279 89 multiplicatur
1103 2208 115 89 per
1169 2208 197 89 denarium
1316 2208 246 89 mandatorum:
1513 2208 148 89 talis
1611 2208 148 89 autem
1710 2208 279 89 multiplicatio
1939 2208 180 89 denarii
2070 2208 115 89 per
2120 2208 180 89 ternarium

509 2269 85 81 &
543 2269 237 81 econuerso,
729 2269 186 81 exurgit
865 2269 119 81 in.
933 2269 136 81 xxx.
1018 2269 203 81 numerum:
1170 2269 136 81 quia
1255 2269 170 81 igitur
1374 2269 186 81 infimus
1509 2269 170 81 gradus
1628 2269 153 81 vitae
1730 2269 186 81 actiuae
1865 2269 220 81 consistit
2035 2269 102 81 in
2086 2269 203 81 decalogi
2238 2269 102 81 ob

514 2317 214 97 seruantia
678 2317 99 97 ex
728 2317 132 97 fide
810 2317 247 97 trinitatis:
1008 2317 132 97 sine
1091 2317 115 97 qua
1157 2317 115 97 non
1223 2317 115 97 est
1289 2317 165 97 salus:
1404 2317 132 97 ideo
1487 2317 231 97 tricesimus
1668 2317 165 97 infimo
1784 2317 165 97 statui
1899 2317 99 97 in
1949 2317 214 97 ecclesia,
2114 2317 214 97 cuiusmodi

517 2387 114 75 est
582 2387 278 75 coniugatorum,
811 2387 278 75 appropriatur:
1040 2387 147 75 quasi
1138 2387 180 75 illorum
1268 2387 114 75 qui
1334 2387 245 75 regulariter
1530 2387 212 75 obseruare
1693 2387 114 75 non
1759 2387 229 75 sufficiunt
1938 2387 131 75 nisi
2020 2387 212 75 decalogum
2167 2387 131 75 multi-

524 2420 189 101 plicatum
666 2420 110 101 per
729 2420 205 101 ternarium
887 2420 142 101 fidei
981 2420 236 101 trinitatis.
1170 2420 126 101 Quia
1249 2420 126 101 vero
1328 2420 158 101 gradus
1438 2420 189 101 superior
1580 2420 126 101 post
1659 2420 142 101 illum
1753 2420 95 101 in
1801 2420 126 101 vita
1880 2420 158 101 actiua
1990 2420 110 101 non
2053 2420 142 101 solum
2147 2420 95 101 in
2195 2420 142 101 deca-

513 2480 127 97 logi
593 2480 239 97 obseruantia
784 2480 191 97 simplici
927 2480 96 97 in
975 2480 127 97 fide
1054 2480 223 97 trinitatis
1229 2480 223 97 consistit:
1405 2480 111 97 sed
1468 2480 96 97 in
1516 2480 175 97 illorum
1643 2480 239 97 obseruantia
1834 2480 207 97 perfecta:
1994 2480 207 97 perfectio
2153 2480 143 97 autem
2232 2480 80 97 ope

514 2550 99 84 rum
570 2550 99 84 per
627 2550 170 84 senarium
754 2550 240 84 intelligitur:
952 2550 113 84 quia
1023 2550 170 84 secundum
1150 2550 141 84 legen.
1249 2550 99 84 vi.
1305 2550 141 84 diebus
1404 2550 141 84 quibus
1503 2550 127 84 licet
1588 2550 170 84 operari,
1715 2550 113 84 tota
1786 2550 170 84 praesens
1913 2550 113 84 vita
1984 2550 184 84 decurrit:
2125 2550 85 84 in
2154 2550 141 84 perfecta

516 2597 135 83 autem
606 2597 225 83 obseruantia
786 2597 135 83 opera
876 2597 240 83 perfectionem
1071 2597 195 83 generant:
1221 2597 75 83 &
1251 2597 90 83 ex
1296 2597 225 83 perfectione
1477 2597 180 83 generata
1612 2597 135 83 opera
1702 2597 180 83 perfecta
1837 2597 210 83 procedunt:
2002 2597 75 83 &
2032 2597 105 83 sic
2092 2597 180 83 senarius
2227 2597 105 83 par

517 2657 164 78 fectus
631 2657 147 78 quasi
730 2657 278 78 multiplicatur
959 2657 115 78 per
1024 2657 197 78 denarium
1172 2657 180 78 operum:
1303 2657 278 78 multiplicatio
1532 2657 147 78 autem
1630 2657 180 78 senarii
1761 2657 115 78 per
1827 2657 197 78 denarium
1974 2657 82 78 &
2007 2657 213 78 econuerso
2155 2657 147 78 exuigit

519 2705 93 90 in
566 2705 233 90 sexagesimum
753 2705 187 90 numerum:
893 2705 124 90 quia
971 2705 156 90 igitur
1080 2705 171 90 secunds
1204 2705 156 90 gradus
1313 2705 140 90 vitae
1406 2705 171 90 actiuae
1531 2705 202 90 consistit
1686 2705 93 90 in
1733 2705 187 90 perfecta
1873 2705 187 90 decalogi
2013 2705 249 90 obsernantia:
2215 2705 109 90 ium

515 2759 242 104 sexagesimus.
711 2759 151 104 statui
817 2759 166 104 viduali
938 2759 106 104 qui
998 2759 106 104 est
1059 2759 166 104 secunds
1179 2759 121 104 post
1255 2759 211 104 maritalem,
1421 2759 257 104 appropriatur.
1632 2759 121 104 Quia
1708 2759 121 104 vero
1784 2759 151 104 status
1889 2759 121 104 siue
1965 2759 151 104 gradus
2070 2759 181 104 superior
2191 2759 106 104 illis

515 2822 97 90 ab
563 2822 178 90 actione
693 2822 211 90 transfert
855 2822 97 90 se
904 2822 97 90 ad
952 2822 324 90 contemplationem,
1228 2822 97 90 in
1277 2822 113 90 qua
1342 2822 146 90 vitae
1439 2822 178 90 humanae
1569 2822 211 90 perfectio
1731 2822 259 90 consummatur,
1941 2822 81 90 &
1974 2822 195 90 quiescit
2120 2822 97 90 in
2152 2822 146 90 idipsum

518 2876 117 89 per
585 2876 317 89 contemplationem
852 2876 250 89 aeternorum,
1052 2876 150 89 quasi
1152 2876 184 89 denario
1286 2876 234 89 mandatorum
1470 2876 100 89 in
1520 2876 184 89 seipsum
1653 2876 200 89 deducto:
1803 2876 100 89 ex
1853 2876 117 89 qua
1920 2876 234 89 deductione
2104 2876 184 89 exurgit
2221 2876 83 89 nu-

518 2929 141 85 merus
612 2929 250 85 centenarius:
815 2929 125 85 ideo
894 2929 250 85 dispositioni
1097 2929 141 85 vitae
1191 2929 203 85 perfectae
1347 2929 281 85 contemplatiuae
1582 2929 94 85 in
1629 2929 219 85 virginibus
1801 2929 266 85 appropriatur.
2020 2929 125 85 Vnde
2098 2929 141 85 dicit
2176 2929 125 85 beatus

523 2981 156 85 Gretiu.
636 2981 127 85 super
721 2981 113 85 Eze,
792 2981 113 85 par.
862 2981 99 85 ii.
919 2981 141 85 Homil.
1018 2981 71 85 v
1046 2981 113 85 post
1117 2981 156 85 medium.
1230 2981 156 85 Fructus
1343 2981 141 85 terrae
1442 2981 141 85 bonae.
1541 2981 113 85 xxx.
1612 2981 156 85 affert:
1725 2981 99 85 cum
1782 2981 113 85 mens
1853 2981 226 85 perfectionem
2036 2981 127 85 fidei
2121 2981 113 85 quae
2192 2981 99 85 est
2234 2981 57 85 in

527 3035 196 87 trinitate
677 3035 226 87 conceperit.
858 3035 105 87 lx.
918 3035 165 87 affert,
1038 3035 105 87 cum
1099 3035 135 87 vitae
1189 3035 135 87 bonae
1279 3035 135 87 opera
1369 3035 181 87 perfecta
1505 3035 226 87 protulerit:
1685 3035 150 87 centum
1791 3035 120 87 vero
1866 3035 150 87 affert
1971 3035 105 87 cum
2031 3035 90 87 ad
2076 3035 181 87 aeternae
2197 3035 105 87 vitae

518 3088 313 89 contemplationem
781 3088 247 89 profecerit.
979 3088 99 89 Et
1029 3088 115 89 est
1095 3088 132 89 ista
1177 3088 148 89 ratio
1276 3088 132 89 siue
1358 3088 214 89 expositio
1523 3088 198 89 moralis.
1672 3088 132 89 Alia
1754 3088 132 89 vero
1836 3088 115 89 est
1902 3088 148 89 magis
2001 3088 214 89 literalis
2150 3088 148 89 accepta

520 3148 106 95 ex
573 3148 141 95 modo
662 3148 212 95 formandi
821 3148 195 95 numeros
962 3148 265 95 designantes
1175 3148 159 95 dicta
1281 3148 212 95 praemia.
1440 3148 248 95 Trigesimus
1635 3148 141 95 enim
1723 3148 283 95 appropriatur
1953 3148 248 95 coniugatis
2130 3148 159 95 propter
