2437 3767
489 224 201 78 signat.
635 224 128 78 xx.
708 224 219 78 Summitas
872 224 164 78 autem
982 224 201 78 indicis
1128 224 183 78 iuncta
1255 224 237 78 summitati
1438 224 219 78 pollicis
1602 224 201 78 signat.
1748 224 146 78 xxx.
1840 224 164 78 Index
1949 224 91 78 &
1986 224 183 78 pollex
2113 224 110 78 in
2150 224 146 78 longum

494 296 204 73 protensi
647 296 85 73 &
681 296 255 73 lateraliter
885 296 170 73 iuncti
1003 296 204 73 signant.
1156 296 119 73 xl.
1224 296 204 73 Pollicis
1377 296 153 73 autem
1479 296 221 73 articulus
1649 296 204 73 superior
1802 296 204 73 curuatus
1954 296 153 73 super
2056 296 170 73 primam
2158 296 136 73 iunctu

502 349 124 67 ram
573 349 195 67 indicis
715 349 195 67 signat.
856 349 106 67 l.
909 349 159 67 Index
1016 349 142 67 vero
1104 349 301 67 circuncingens
1352 349 177 67 partem
1476 349 212 67 pollicis
1635 349 124 67 sic
1706 349 212 67 curuatam
1865 349 195 67 signat.
2007 349 124 67 lx.
2078 349 177 67 Pollex
2184 349 106 67 vero

497 407 210 70 erectus
650 407 134 70 sub
726 407 191 70 indice
859 407 286 70 circunflexo
1088 407 114 70 vt
1145 407 191 70 prius,
1279 407 172 70 vngue
1393 407 172 70 tamen
1508 407 153 70 eius
1603 407 267 70 transeunte
1813 407 191 70 medium
1947 407 248 70 articulum
2118 407 172 70 indicis

496 461 197 65 signat.
639 461 143 65 lxx.
729 461 179 65 Pollex
854 461 232 65 similiter
1032 461 197 65 erectus
1176 461 215 65 infigens
1336 461 179 65 vnguem
1462 461 107 65 in
1515 461 179 65 medium
1640 461 232 65 articulum
1819 461 197 65 indicis
1962 461 232 65 similiter
2123 461 161 65 circun-

499 520 150 67 flexi
600 520 184 67 signat.
733 520 150 67 lxxx.
834 520 201 67 Summitas
984 520 184 67 indicis
1118 520 184 67 inflexa
1252 520 201 67 secundae
1402 520 217 67 iuncturae
1569 520 201 67 pollicis
1720 520 184 67 signat.
1853 520 117 67 xc.
1920 520 167 67 Deinde
2037 520 134 67 fiat
2104 520 184 67 transitus

500 565 112 73 de
556 565 224 73 sinistra
724 565 149 73 manu
817 565 112 73 ad
873 565 224 73 dextram:
1041 565 93 73 &
1079 565 131 73 ibi
1153 565 224 73 signetur
1321 565 187 73 centum
1452 565 131 73 vbi
1526 565 112 73 in
1582 565 224 73 finistra
1750 565 149 73 manu
1843 565 280 73 signabatur.
2067 565 112 73 x.
2104 565 187 73 secundum

502 628 238 61 Hieronice
685 628 91 61 &
721 628 201 61 Abacum:
868 628 165 61 licet
977 628 220 61 secundum
1142 628 256 61 Algoristas
1343 628 128 61 vbi
1417 628 165 61 prius
1526 628 256 61 signabatur
1728 628 201 61 vnitas:
1874 628 128 61 qui
1947 628 128 61 sic
2021 628 238 61 comparant
2185 628 110 61 cen-

502 685 131 58 tum
577 685 112 58 ad
633 685 187 58 mille,
763 685 168 58 sicut
875 685 149 58 vnum
969 685 112 58 ad
1025 685 187 58 decem.
1155 685 112 58 Et
1211 685 261 58 procedetur
1416 685 224 58 vlterius
1584 685 131 58 per
1659 685 168 58 eadem
1771 685 168 58 signa
1883 685 112 58 in
1939 685 205 58 dextera
2088 685 149 58 manu
2162 685 131 58 sicut

496 738 97 60 in
544 738 210 60 sinistra:
706 738 113 60 ita
771 738 129 60 quod
852 738 146 60 mille
949 738 194 60 signetur
1094 738 97 60 in
1143 738 178 60 dextera
1272 738 113 60 vbi
1337 738 162 60 vnitas
1450 738 226 60 signabatur
1628 738 97 60 in
1676 738 210 60 finistra.
1838 738 97 60 Et
1887 738 113 60 sic
1951 738 97 60 in
2000 738 162 60 duabus
2113 738 162 60 palmis
2210 738 81 60 pro

498 792 195 64 ceditur
640 792 160 64 vsque
746 792 106 64 ad
800 792 160 64 decem
906 792 160 64 milia
1012 792 230 64 exclusiue
1190 792 177 64 tantum
1314 792 213 64 secundum
1473 792 195 64 Abacum:
1615 792 160 64 licet
1722 792 213 64 secundum
1881 792 248 64 Algoristas
2076 792 213 64 vlterius
2218 792 71 64 su

504 849 108 69 per
565 849 169 69 brachia
688 849 185 69 procedat
827 849 185 69 scilicet
966 849 139 69 vsque
1058 849 92 69 ad
1105 849 154 69 centum
1212 849 154 69 milia.
1320 849 154 69 Reuera
1428 849 123 69 iste
1505 849 139 69 modus
1598 849 185 69 signandi
1736 849 139 69 minus
1829 849 169 69 videtur
1952 849 216 69 conueniens
2122 849 123 69 quam
2183 849 108 69 praec

505 904 139 73 dens.
597 904 108 73 Qua
659 904 185 73 ratione,
798 904 93 73 n.
844 904 124 73 tres
922 904 170 73 digiti,
1045 904 263 73 auricularius,
1262 904 185 73 medicus,
1401 904 77 73 &
1432 904 155 73 medius
1540 904 232 73 circunflexi
1725 904 93 73 in
1772 904 155 73 medium
1880 904 170 73 palmae,
2003 904 77 73 &
2034 904 155 73 erecti
2142 904 170 73 iterum,
2251 904 46 73 &

504 962 150 73 iterum
609 962 180 73 protensi
744 962 135 73 super
834 962 150 73 palmam
939 962 90 73 in
984 962 195 73 directum,
1134 962 180 73 quilibet
1269 962 165 73 illorum
1389 962 150 73 signat
1494 962 120 73 tres
1569 962 180 73 numeros:
1704 962 150 73 simili
1809 962 120 73 modo
1884 962 135 73 index
1974 962 75 73 &
2004 962 150 73 pollex
2109 962 165 73 situati
2214 962 75 73 sin

507 1022 129 66 guli
587 1022 177 66 signare
716 1022 177 66 possunt
844 1022 209 66 similiter
1005 1022 145 66 tres:
1102 1022 129 66 quod
1182 1022 113 66 non
1246 1022 145 66 ponit
1343 1022 145 66 modus
1439 1022 145 66 iste.
1536 1022 129 66 ltem
1616 1022 145 66 sicut
1712 1022 209 66 contactus
1873 1022 193 66 pollicis
2018 1022 113 66 cum
2082 1022 161 66 indice
2195 1022 80 66 &
2211 1022 80 66 me-

499 1074 132 73 dio
575 1074 227 73 diuersos
745 1074 227 73 designat
915 1074 227 73 numeros:
1084 1074 245 73 similiter
1273 1074 94 73 &
1311 1074 245 73 contactus
1500 1074 208 73 similes
1651 1074 227 73 pollicis
1821 1074 132 73 cum
1896 1074 189 73 medico
2029 1074 94 73 &
2048 1074 245 73 auriculario

508 1130 188 71 aliquos
645 1130 188 71 numeros
782 1130 188 71 signare
919 1130 206 71 possent,
1073 1130 137 71 quid
1159 1130 154 71 tamen
1262 1130 120 71 non
1330 1130 154 71 ponit
1433 1130 137 71 iste
1519 1130 171 71 modus.
1639 1130 137 71 ltem
1725 1130 206 71 pluribus
1879 1130 154 71 aliis
1982 1130 154 71 modis
2084 1130 154 71 situs
2187 1130 86 71 &
2204 1130 86 71 con

509 1185 182 65 tactus
636 1185 236 65 digitorum
817 1185 200 65 possent
963 1185 218 65 diuersos
1126 1185 200 65 numeros
1271 1185 200 65 signare
1417 1185 163 65 eadem
1526 1185 200 65 ratione
1671 1185 127 65 qua
1743 1185 254 65 praedicti.
1943 1185 163 65 nulla
2052 1185 127 65 est
2125 1185 145 65 ergo
2197 1185 91 65 ne-

509 1240 215 67 cessitas
671 1240 108 67 vt
724 1240 215 67 videtur,
886 1240 108 67 in
940 1240 162 67 istis
1048 1240 162 67 modis
1155 1240 233 67 signandi.
1335 1240 197 67 PROpter
1478 1240 144 67 quod
1568 1240 162 67 dixit
1676 1240 197 67 quidam,
1819 1240 179 67 dictum
1945 1240 162 67 modum
2053 1240 126 67 per
2107 1240 179 67 complica

512 1301 181 64 tionem
638 1301 235 64 digitorum
819 1301 144 64 esse
909 1301 235 64 figmentum
1090 1301 90 64 &
1126 1301 181 64 falsam
1252 1301 325 64 imaginationem:
1523 1301 90 64 &
1560 1301 144 64 quod
1650 1301 199 64 retenta
1794 1301 289 64 imaginatione
2029 1301 144 64 quod
2119 1301 144 64 vnus
2210 1301 108 64 nu

499 1354 193 68 merorum
640 1354 105 68 de
692 1354 175 68 quibus
815 1354 123 68 est
885 1354 228 68 quaestio,
1060 1354 210 68 transeat
1217 1354 88 68 a
1252 1354 210 68 finistra
1410 1354 140 68 manu
1497 1354 105 68 in
1550 1354 210 68 dextram,
1707 1354 88 68 &
1742 1354 140 68 alii
1830 1354 123 68 duo
1900 1354 88 68 a
1935 1354 175 68 dextra
2057 1354 105 68 in
2092 1354 193 68 sinistran

501 1413 271 70 impossibile
718 1413 126 70 est
790 1413 126 70 non
862 1413 181 70 errare
989 1413 108 70 in
1043 1413 271 70 expositione
1260 1413 217 70 dictorum
1422 1413 235 70 verborum.
1603 1413 199 70 Propter
1747 1413 144 70 quod
1837 1413 163 70 ponit
1946 1413 144 70 quod
2036 1413 144 70 ista
2108 1413 181 70 computa-

503 1462 116 71 tio
570 1462 149 71 debet
669 1462 215 71 intelligi
835 1462 99 71 in
884 1462 116 71 vna
951 1462 132 71 manu
1033 1462 182 71 tantum:
1166 1462 182 71 dicendo
1298 1462 132 71 quod
1381 1462 99 71 in
1431 1462 182 71 pollice
1563 1462 182 71 nullius
1696 1462 166 71 numeri
1812 1462 132 71 fiat
1895 1462 215 71 signatio:
2060 1462 132 71 quia
2143 1462 132 71 ipse
2209 1462 83 71 est

505 1520 236 64 numerator:
691 1520 118 64 sed
758 1520 135 64 quod
843 1520 152 64 solum
944 1520 118 64 sit
1011 1520 219 64 numeratio
1180 1520 101 64 in
1231 1520 186 64 quatuor
1366 1520 203 64 digitis:
1518 1520 152 64 inter
1619 1520 152 64 quos,
1720 1520 270 64 numerantenem
1940 1520 203 64 scilicet
2091 1520 84 64 &
2108 1520 186 64 numeratos

501 1571 191 64 medius
634 1571 134 64 est
711 1571 210 64 maximus
863 1571 191 64 habens
997 1571 210 64 indicem
1149 1571 95 64 a
1188 1571 210 64 dextris
1340 1571 191 64 versus
1474 1571 248 64 pollicem,
1665 1571 95 64 &
1703 1571 191 64 medium
1836 1571 172 64 atque
1951 1571 305 64 auricularium
2199 1571 95 64 a
2218 1571 76 64 si

497 1632 218 73 nistris.
660 1632 109 73 In
715 1632 218 73 quolibet
878 1632 163 73 autem
987 1632 200 73 istorum
1132 1632 200 73 quatuor
1277 1632 236 73 digitorum
1459 1632 127 73 est
1532 1632 236 73 assignare
1713 1632 200 73 quatuor
1858 1632 200 73 puncta,
2004 1632 145 73 tria
2094 1632 109 73 in
2131 1632 163 73 iunctu-

508 1686 145 73 ris:
599 1686 91 73 &
635 1686 145 73 vnum
726 1686 109 73 in
780 1686 236 73 summitate
962 1686 272 73 cuiuslibet.
1180 1686 127 73 Quo
1252 1686 182 73 posito
1379 1686 163 73 quasi
1488 1686 218 73 formando
1652 1686 200 73 numeros
1797 1686 163 73 omnes
1906 1686 109 73 in
1960 1686 145 73 manu
2051 1686 200 73 dextra:
2196 1686 127 73 di-

502 1752 125 57 cit
574 1752 143 57 quod
663 1752 107 57 in
716 1752 179 57 infima
841 1752 214 57 iunctura
1002 1752 196 57 indicis
1145 1752 214 57 incipies
1306 1752 232 57 numerare:
1484 1752 89 57 &
1520 1752 125 57 ibi
1592 1752 214 57 signabis
1752 1752 161 57 vnum:
1859 1752 89 57 &
1895 1752 107 57 in
1949 1752 196 57 secunda
2092 1752 143 57 duo:
2181 1752 89 57 &
2217 1752 107 57 in

501 1793 186 65 tertia
631 1793 167 65 tria:
743 1793 93 65 &
780 1793 111 65 in
836 1793 241 65 summitate
1021 1793 204 65 eiusdem
1170 1793 223 65 quatuor:
1337 1793 93 65 &
1374 1793 111 65 in
1430 1793 241 65 summitate
1616 1793 167 65 medii
1727 1793 223 65 quinque,
1894 1793 93 65 &
1931 1793 111 65 in
1987 1793 204 65 proxima
2117 1793 167 65 iunctu-

508 1861 98 58 ra
557 1861 196 58 eiusdem.
704 1861 114 58 vi.
769 1861 82 58 &
802 1861 98 58 in
851 1861 213 58 sequenti.
1015 1861 131 58 vii.
1096 1861 82 58 &
1129 1861 98 58 in
1178 1861 180 58 infima.
1309 1861 147 58 viii.
1407 1861 82 58 &
1440 1861 164 58 deinde
1554 1861 98 58 in
1603 1861 164 58 insima
1718 1861 196 58 iunctura
1865 1861 180 58 medici.
1996 1861 114 58 ix.
2061 1861 82 58 &
2094 1861 98 58 in
2127 1861 147 58 sequen-

500 1909 118 67 te.
568 1909 101 67 x.
618 1909 101 67 in
669 1909 185 67 tertia.
803 1909 118 67 xi.
871 1909 101 67 in
921 1909 219 67 summitate
1089 1909 135 67 vero
1174 1909 202 67 eiusdem.
1325 1909 135 67 xii.
1409 1909 168 67 Deinde
1527 1909 101 67 in
1578 1909 219 67 summitate
1746 1909 269 67 auricularis.
1965 1909 152 67 xiii.
2066 1909 84 67 &
2100 1909 101 67 in
2133 1909 152 67 proxima

507 1960 205 66 iunctura
661 1960 154 66 eius.
763 1960 171 66 xiiii.
883 1960 85 66 &
917 1960 103 66 in
969 1960 205 66 secunda.
1122 1960 120 66 xv.
1191 1960 103 66 in
1242 1960 171 66 tertia
1362 1960 154 66 vero.
1464 1960 137 66 xvi.
1550 1960 171 66 Deinde
1670 1960 188 66 iterato
1806 1960 205 66 incipies
1960 1960 103 66 ab
2011 1960 171 66 insima
2114 1960 171 66 iunctura

512 2019 210 62 indicis,
669 2019 88 62 &
704 2019 123 62 ibi
774 2019 228 62 signabis.
949 2019 140 62 xvi.
1037 2019 88 62 &
1072 2019 123 62 sic
1142 2019 210 62 deinceps
1299 2019 105 62 vt
1352 2019 158 62 prius
1457 2019 158 62 vsque
1562 2019 105 62 ad
1614 2019 210 62 proximam
1772 2019 228 62 iuncturam
1947 2019 228 62 summitati
2104 2019 175 62 auricula

510 2076 128 73 ris:
590 2076 112 73 vbi
654 2076 191 73 inuenies
797 2076 191 73 signari.
941 2076 128 73 xxx.
1020 2076 96 73 in
1068 2076 159 73 laeua.
1180 2076 191 73 scilicet
1323 2076 144 73 parte
1419 2076 191 73 respectu
1562 2076 159 73 medii:
1674 2076 112 73 cum
1738 2076 144 73 tamen
1834 2076 207 73 numeratio
1993 2076 175 73 incepit
2121 2076 96 73 in
2152 2076 128 73 dexte-

502 2126 109 77 ra
556 2126 181 77 parte.
683 2126 109 77 Et
738 2126 145 77 tunc
828 2126 254 77 procedendo
1028 2126 218 77 vlterius
1191 2126 181 77 simili
1318 2126 145 77 modo
1409 2126 109 77 vt
1463 2126 181 77 prius,
1590 2126 254 77 assignabis
1789 2126 109 77 in
1844 2126 218 77 iunctura
2007 2126 199 77 secunda
2134 2126 145 77 auricu

500 2188 163 73 larii.
614 2188 146 73 xxxi.
711 2188 81 73 &
744 2188 98 73 in
792 2188 179 73 tertia.
922 2188 163 73 xxxii.
1036 2188 98 73 Et
1085 2188 146 73 adhuc
1183 2188 163 73 tertio
1296 2188 195 73 incipies
1443 2188 98 73 ab
1491 2188 163 73 insima
1605 2188 195 73 iunctura
1752 2188 195 73 indicis:
1898 2188 81 73 &
1930 2188 114 73 ibi
1995 2188 211 73 signabis.
2142 2188 146 73 xxxiii.

504 2245 87 67 &
538 2245 280 67 consimiliter
766 2245 210 67 vlterius
923 2245 210 67 procedes
1080 2245 105 67 vt
1133 2245 175 67 prius,
1255 2245 87 67 &
1290 2245 227 67 inuenies.
1465 2245 122 67 lx.
1535 2245 192 67 signari
1674 2245 105 67 in
1727 2245 227 67 summitate
1902 2245 192 67 medici:
2041 2245 87 67 &
2076 2245 122 67 ita
2146 2245 105 67 in
2181 2245 105 67 par-

505 2299 105 71 te
557 2299 227 71 sinistra.
731 2299 175 71 Deinde
854 2299 209 71 vlterius
1011 2299 209 71 procedes
1168 2299 87 71 &
1203 2299 209 71 signabis
1360 2299 105 71 in
1412 2299 227 71 summitate
1587 2299 279 71 auricularis.
1814 2299 140 71 lxi.
1901 2299 87 71 &
1936 2299 105 71 in
1988 2299 192 71 proxima
2110 2299 175 71 iunctura

501 2356 134 69 lxii.
590 2356 74 69 &
620 2356 89 69 in
665 2356 178 69 secunda.
799 2356 149 69 lxiii.
903 2356 74 69 &
932 2356 89 69 in
977 2356 164 69 tertia.
1096 2356 164 69 lxiiii.
1215 2356 89 69 Et
1260 2356 149 69 iterum
1364 2356 178 69 incipies
1498 2356 149 69 quarto
1602 2356 89 69 ab
1646 2356 149 69 indice
1751 2356 89 69 vt
1795 2356 149 69 prius:
1899 2356 74 69 &
1929 2356 178 69 signabis
2063 2356 119 69 ibi.
2137 2356 104 69 lx.
2197 2356 74 69 &
2227 2356 89 69 pr

501 2401 169 75 cedes
614 2401 225 75 signando
783 2401 94 75 &
820 2401 244 75 numerando
1008 2401 113 75 vt
1064 2401 188 75 prius,
1195 2401 94 75 &
1233 2401 225 75 inuenies
1401 2401 113 75 in
1458 2401 188 75 infima
1589 2401 225 75 iunctura
1758 2401 281 75 auricularis
1983 2401 300 75 signarilxxx.
2208 2401 75 75 De

504 2463 126 72 inde
583 2463 158 72 quinto
694 2463 190 72 incipies
836 2463 95 72 ab
883 2463 158 72 indice
994 2463 95 72 vt
1042 2463 158 72 prius:
1152 2463 79 72 &
1184 2463 190 72 signabis
1326 2463 126 72 ibi.
1405 2463 158 72 lxxxi.
1516 2463 79 72 &
1547 2463 221 72 procedendo
1721 2463 95 72 vt
1768 2463 142 72 prius
1863 2463 190 72 inuenies
2006 2463 174 72 signari
2132 2463 95 72 in
2164 2463 126 72 insima

504 2514 188 76 iunctura
645 2514 251 76 auricularis.
849 2514 141 76 xcvi.
943 2514 125 76 Dein
1021 2514 141 76 sexto
1115 2514 188 76 incipies
1256 2514 94 76 ab
1303 2514 172 76 indice:
1428 2514 78 76 &
1460 2514 188 76 signabis
1601 2514 94 76 in
1648 2514 157 76 infima
1757 2514 188 76 iunctura
1898 2514 125 76 eius
1977 2514 172 76 xcviii.
2102 2514 94 76 in
2149 2514 172 76 secunda

498 2565 172 78 xcviii.
624 2565 94 78 in
671 2565 172 78 tertia.
796 2565 141 78 xcix.
890 2565 94 78 in
937 2565 204 78 summitate
1093 2565 125 78 vero
1172 2565 172 78 indicis
1297 2565 172 78 centum.
1422 2565 78 78 &
1453 2565 110 78 sic
1516 2565 219 78 terminatur
1688 2565 188 78 compotus
1829 2565 94 78 in
1876 2565 172 78 dextera
2002 2565 141 78 parte
2095 2565 94 78 in
2142 2565 141 78 eodem
2236 2565 94 78 di

506 2614 131 88 gito
587 2614 82 88 a
620 2614 114 88 quo
686 2614 196 88 incepit,
833 2614 180 88 faciens
964 2614 213 88 circulum:
1127 2614 180 88 propter
1258 2614 131 88 quod
1340 2614 164 88 signat
1454 2614 196 88 virginum
1601 2614 196 88 coronam.
1748 2614 131 88 Quia
1830 2614 147 88 vero.
1928 2614 114 88 lx.
1994 2614 196 88 signatur
2141 2614 98 88 in
2174 2614 114 88 summi

498 2681 149 76 tate
592 2681 205 76 medici,
741 2681 130 76 qui
815 2681 205 76 breuior
964 2681 130 76 est
1039 2681 168 76 medio
1150 2681 93 76 &
1188 2681 186 76 altior
1318 2681 279 76 auriculari:
1542 2681 149 76 ideo
1635 2681 130 76 per
1709 2681 168 76 illum
1821 2681 205 76 numerum
1970 2681 224 76 signatur
2119 2681 168 76 praemi-

498 2737 117 73 um
556 2737 253 73 viduarum:
750 2737 155 73 quod
847 2737 136 73 est
925 2737 175 73 minus
1042 2737 214 73 praemio
1197 2737 253 73 virginum,
1391 2737 97 73 &
1430 2737 175 73 maius
1547 2737 214 73 praemio
1702 2737 330 73 coniugatorum.
1974 2737 272 73 Tricesimus
2168 2737 117 73 vero

497 2795 231 69 signatur
670 2795 115 69 in
727 2795 173 69 prima
843 2795 231 69 iunctura
1016 2795 135 69 sub
1093 2795 250 69 summitate
1285 2795 307 69 auricularis,
1535 2795 96 69 &
1573 2795 173 69 tenet
1688 2795 231 69 rationem
1861 2795 211 69 vxoris,
2015 2795 96 69 &
2053 2795 211 69 medicus
2188 2795 96 69 ra-

508 2816 160 88 tionem
620 2816 176 88 mariti:
748 2816 176 88 propter
876 2816 128 88 quod
956 2816 128 88 ille
1036 2816 176 88 numerus
1164 2816 192 88 competit
1308 2816 240 88 coniugatis.
1501 2816 128 88 Quia
1581 2816 128 88 ista
1661 2816 160 88 opinio
1773 2816 144 88 dicit
1869 2816 96 88 in
1917 2816 144 88 eadem
2013 2816 128 88 manu
2093 2816 160 88 debere
2205 2816 128 88 acci

503 2903 110 70 pi
558 2903 221 70 dexteram
723 2903 92 70 &
760 2903 202 70 laeuam,
907 2903 92 70 &
944 2903 147 70 quod
1036 2903 202 70 dextera
1183 2903 92 70 &
1220 2903 165 70 laeua
1330 2903 129 70 non
1404 2903 202 70 signant
1551 2903 165 70 manus
1661 2903 239 70 diuersas:
1845 2903 129 70 sed
1918 2903 165 70 situs
2029 2903 110 70 in
2084 2903 165 70 eadem
2194 2903 129 70 ma-

508 2955 110 76 nu
563 2955 257 76 diuersorum
764 2955 238 76 digitorum
948 2955 220 76 respectu
1113 2955 165 76 vnius
1223 2955 165 76 medii
1333 2955 165 76 inter
1443 2955 183 76 illos:
1572 2955 92 76 &
1608 2955 147 76 quod
1700 2955 202 76 retenta
1847 2955 294 76 imaginatione
2085 2955 110 76 de
2122 2955 165 76 dextera

510 3015 91 62 &
546 3015 164 62 laeua
655 3015 255 62 accipienda
856 3015 109 62 in
910 3015 218 62 diuersis
1074 3015 218 62 manibus,
1238 3015 273 62 impossibile
1457 3015 127 62 est
1529 3015 127 62 non
1602 3015 182 62 errare
1730 3015 109 62 in
1784 3015 218 62 dictorum
1948 3015 218 62 verborum
2094 3015 200 62 expositio

506 3062 123 75 ne:
577 3062 123 75 non
647 3062 123 75 est
718 3062 158 75 verum
823 3062 299 75 vsquequamque.
1070 3062 141 75 Quin
1158 3062 141 75 enim
1246 3062 106 75 in
1299 3062 158 75 eadem
1405 3062 141 75 manu
1493 3062 141 75 illa
1581 3062 176 75 accipi
1704 3062 211 75 possunt:
1862 3062 88 75 &
1898 3062 211 75 secundum
2056 3062 123 75 hoc
2127 3062 106 75 vt
2162 3062 123 75 signa

512 3111 115 75 tum
577 3111 115 75 est
643 3111 148 75 dicta
741 3111 148 75 verba
839 3111 180 75 exponi,
971 3111 115 75 non
1036 3111 164 75 abnuo.
1151 3111 115 75 nec
1216 3111 148 75 tamen
1315 3111 98 75 ex
1364 3111 115 75 hoc
1430 3111 164 75 potest
1544 3111 197 75 concludi
1692 3111 131 75 quod
1774 3111 164 75 exponi
1889 3111 115 75 non
1954 3111 180 75 possunt
2085 3111 229 75 accipiendo

506 3166 176 90 dextram
634 3166 80 90 &
666 3166 208 90 sinistram
827 3166 96 90 in
875 3166 192 90 diuersis
1019 3166 192 90 manibus:
1163 3166 80 90 &
1196 3166 112 90 hoc
1260 3166 241 90 diuersimode
1452 3166 192 90 secundum
1596 3166 128 90 duos
1677 3166 144 90 modos
1773 3166 112 90 iam
1837 3166 225 90 expositos:
2013 3166 80 90 &
2045 3166 192 90 secundum
2174 3166 112 90 illum
