2495 3727
541 252 189 79 mantur.
679 252 103 79 c.
730 252 103 79 &.
782 252 103 79 x.
834 252 138 79 Quod
920 252 241 79 intendebat
1109 252 241 79 Hieronymus
1299 252 121 79 cum
1367 252 172 79 dixit.
1488 252 258 79 Centenarius
1695 252 189 79 numerus
1833 252 241 79 diligenter
2022 252 189 79 quaeso:
2160 252 103 79 vt
2194 252 138 79 supra.

545 320 199 58 Secunda
690 320 163 58 etiam
798 320 199 58 istarum
943 320 290 58 expositionum
1179 320 163 58 nullo
1287 320 145 58 modo
1378 320 181 58 potest
1504 320 235 58 assignare
1685 320 253 58 centesimum
1885 320 163 58 fieri
1993 320 199 58 circulo
2120 320 199 58 exprimen-

550 373 97 58 te
598 373 194 58 virginum
744 373 194 58 coronam:
889 373 129 58 quia
969 373 113 58 non
1034 373 178 58 incipit
1163 373 81 58 a
1195 373 161 58 puncto
1308 373 97 58 in
1357 373 129 58 quem
1437 373 242 58 terminatur:
1631 373 97 58 vt
1679 373 145 58 patet
1776 373 258 58 inspicienti.
1986 373 97 58 Si
2035 373 145 58 autem
2115 373 210 58 inspiciamus

539 426 143 60 illam
635 426 255 60 expositionem
842 426 127 60 quam
921 426 143 60 alias
1017 426 159 60 posui,
1128 426 175 60 videtur
1255 426 127 60 mihi
1335 426 127 60 quod
1415 426 143 60 magis
1510 426 239 60 sufficiens,
1701 426 80 60 &
1733 426 271 60 compendiosior
1956 426 111 60 sit
2020 426 207 60 caeteris.
2179 426 175 60 quoniam

532 478 170 63 modus
645 478 264 63 computandi
853 478 151 63 quem
947 478 245 63 assignat,
1135 478 170 63 nihil
1248 478 207 63 omittit
1399 478 113 63 ex
1456 478 207 63 numeris
1607 478 170 63 inter
1720 478 283 63 centenarium
1946 478 226 63 numerum,
2116 478 94 63 &
2134 478 189 63 vnitatem

539 532 199 64 primam:
684 532 109 64 vt
738 532 199 64 faciunt
883 532 127 64 duo
956 532 163 64 primi
1064 532 163 64 modi:
1173 532 127 64 nec
1246 532 199 64 omittit
1391 532 199 64 aliquam
1536 532 272 64 diuisionem,
1753 532 127 64 aut
1826 532 290 64 extremitatem
2061 532 109 64 in
2116 532 145 64 tota
2206 532 163 64 manu,

539 586 107 54 in
593 586 125 54 qua
664 586 125 54 non
735 586 214 54 assignet
896 586 196 54 aliquem
1039 586 214 54 numerum:
1200 586 161 54 sicut
1307 586 161 54 facit
1414 586 214 54 quilibet
1574 586 214 54 dictorum
1735 586 161 54 trium
1842 586 214 54 modorum:
2003 586 161 54 neque
2110 586 196 54 pluries
2235 586 89 54 re-

536 639 207 68 uertitur
691 639 104 68 ad
743 639 225 68 signandum
916 639 173 68 plures
1037 639 190 68 numeros
1175 639 156 68 super
1279 639 156 68 idis:
1383 639 156 68 sicut
1486 639 156 68 facit
1590 639 190 68 tertius
1728 639 173 68 modus.
1849 639 207 68 Congruit
2005 639 156 68 etiam
2108 639 156 68 magis
2195 639 138 68 dictis

541 688 290 70 expositorum:
777 688 127 70 aut
849 688 181 70 saltem
976 688 163 70 minus
1085 688 236 70 repugnat.
1267 688 145 70 Quod
1357 688 109 70 vt
1412 688 272 70 ostendamus,
1629 688 218 70 compotum
1793 688 218 70 incipere
1956 688 200 70 debemus
2101 688 163 70 super
2192 688 145 70 iunctu

541 742 116 69 ras
608 742 83 69 &
641 742 265 69 extremitates
856 742 199 69 pollicis
1005 742 199 69 dexterae
1154 742 166 69 manus:
1270 742 199 69 secundum
1419 742 149 69 modum
1519 742 215 69 expositum
1684 742 99 69 in
1734 742 149 69 dicta
1833 742 248 69 quaestione:
2032 742 116 69 sed
2098 742 99 69 ab
2148 742 132 69 alia
2214 742 116 69 extre

544 797 154 57 mitate
651 797 184 57 pollicis
789 797 215 57 incipiendo
958 797 123 57 quam
1035 797 169 57 diximus
1158 797 230 57 incipiendum
1343 797 92 57 in
1389 797 138 57 dicta
1481 797 230 57 quaestione.
1665 797 169 57 Diximus
1788 797 138 57 autem
1880 797 108 57 ibi
1942 797 123 57 quod
2019 797 230 57 incipiendum
2203 797 138 57 esset
2280 797 46 57 a

541 853 168 66 trunco
659 853 201 66 brachii.
809 853 117 66 hoc
876 853 134 66 enim
960 853 251 66 sufficiebat
1161 853 117 66 ibi
1228 853 101 66 ad
1278 853 251 66 ostendendum
1480 853 218 66 transitum
1647 853 251 66 centenarii:
1848 853 84 66 &
1882 853 235 66 sufficeret
2066 853 117 66 hic
2133 853 101 66 ad
2166 853 168 66 ostendem

537 903 111 62 dum
601 903 222 62 transitum.
775 903 127 62 xxx.
854 903 95 62 &.
902 903 111 62 Ix.
965 903 111 62 Quo
1029 903 95 62 ad
1076 903 111 62 hoc
1140 903 127 62 enim
1219 903 143 62 nulla
1314 903 111 62 est
1378 903 238 62 differentia
1568 903 127 62 siue
1647 903 222 62 incipiatur
1822 903 79 62 a
1853 903 159 62 trunco
1964 903 174 62 brachii
2091 903 127 62 siue
2170 903 143 62 super
2250 903 79 62 vn-

548 960 123 67 guem
625 960 200 67 pollicis.
779 960 108 67 Sed
841 960 216 67 incipiendo
1010 960 139 67 super
1103 960 154 67 vnguem
1211 960 185 67 pollicis
1349 960 139 67 illam
1442 960 247 67 expositionem
1642 960 185 67 facilius
1781 960 262 67 concordabimus
1997 960 154 67 dictis
2105 960 231 67 expositorum
2274 960 62 67 sa

537 1013 143 53 crae
627 1013 269 53 scripturae.
842 1013 251 53 Incipiendo
1039 1013 143 53 ergo
1128 1013 215 53 compotum
1290 1013 161 53 super
1397 1013 179 53 vnguem
1523 1013 215 53 pollicis
1684 1013 179 53 dextri
1809 1013 233 53 exterius,
1989 1013 125 53 ibi
2060 1013 251 53 formabimus
2239 1013 90 53 vni

541 1065 177 69 tatem:
665 1065 89 69 &
701 1065 266 69 discurrendo
914 1065 106 69 vt
967 1065 124 69 ibi
1038 1065 248 69 descriptum
1233 1065 124 69 est
1304 1065 248 69 reuertemur
1499 1065 106 69 ad
1552 1065 248 69 summitatem
1748 1065 195 69 eiusdem
1890 1065 213 69 pollicis
2049 1065 231 69 interius:
2227 1065 89 69 &
2244 1065 89 69 ibi

548 1117 126 73 per
620 1117 180 73 tactum
746 1117 198 73 indicis
891 1117 180 73 dextri
1017 1117 307 73 assignabimus.
1270 1117 108 73 x.
1324 1117 90 73 &
1360 1117 180 73 deinde
1486 1117 162 73 eodem
1594 1117 144 73 modo
1685 1117 162 73 super
1793 1117 253 73 summitatem
1991 1117 180 73 vnguis
2118 1117 198 73 indicis
2244 1117 90 73 ex-

542 1175 176 51 terius
666 1175 264 51 formabimus.
877 1175 123 51 xi.
948 1175 88 51 &
983 1175 141 51 post
1071 1175 247 51 discursum,
1265 1175 106 51 vt
1318 1175 176 51 prius,
1441 1175 247 51 reuertendo
1635 1175 106 51 ad
1688 1175 194 51 indicis
1829 1175 247 51 summitatem
2023 1175 229 51 interius,
2199 1175 123 51 ibi
2252 1175 88 51 per

544 1224 181 64 tactum
671 1224 218 64 pollicis
834 1224 272 64 signabimus.
1052 1224 127 64 xx.
1124 1224 91 64 &
1161 1224 236 64 consimili
1342 1224 145 64 modo
1433 1224 163 64 primo
1542 1224 254 64 signabimus
1741 1224 163 64 super
1850 1224 290 64 extremitatem
2086 1224 163 64 medii
2177 1224 145 64 digiti

543 1282 192 60 eiusdem
682 1282 157 60 manus
787 1282 227 60 exterius.
961 1282 140 60 xxi.
1048 1282 105 60 Et
1101 1282 244 60 reuertendo
1293 1282 157 60 super
1397 1282 279 60 extremitatem
1624 1282 192 60 eiusdem
1764 1282 192 60 digiti:
1903 1282 122 60 per
1973 1282 174 60 tactum
2095 1282 209 60 pollicis
2252 1282 105 60 in

550 1330 130 62 dice
631 1330 146 62 super
728 1330 195 62 pollicem
874 1330 227 62 reclinato,
1053 1330 211 62 signabis.
1215 1330 130 62 xxx.
1296 1330 81 62 &
1329 1330 114 62 sic
1394 1330 195 62 vlterius
1540 1330 114 62 per
1605 1330 146 62 alios
1702 1330 179 62 digitos
1832 1330 179 62 eiusdem
1962 1330 162 62 manus.
2075 1330 97 62 In
2124 1330 114 62 qua
2173 1330 162 62 completo

536 1388 188 54 compoto
673 1388 120 54 in.
741 1388 85 54 l
775 1388 239 54 transiemus
963 1388 103 54 ad
1015 1388 154 54 manum
1117 1388 222 54 sinistram
1288 1388 222 54 signando.
1459 1388 154 54 libr.
1562 1388 154 54 super
1664 1388 171 54 vnguem
1784 1388 205 54 pollicis
1938 1388 222 54 exterius:
2109 1388 85 54 &
2126 1388 205 54 discurren-

539 1432 91 66 do
584 1432 166 66 reuerti
705 1432 166 66 debemus
826 1432 91 66 ad
871 1432 212 66 summitatem
1038 1432 121 66 eius
1113 1432 196 66 interius:
1264 1432 76 66 &
1294 1432 106 66 ibi
1355 1432 181 66 signare.
1491 1432 106 66 lx.
1551 1432 76 66 &
1581 1432 196 66 consimili
1733 1432 121 66 modo
1808 1432 106 66 per
1869 1432 136 66 omnes
1959 1432 166 66 digitos
2080 1432 136 66 alios
2171 1432 136 66 manus
2246 1432 91 66 fini

532 1490 165 62 strae,
648 1490 83 62 &
681 1490 231 62 inueniemus
863 1490 165 62 centum
979 1490 182 62 formari
1111 1490 99 62 in
1161 1490 215 62 summitate
1326 1490 215 62 interiore
1491 1490 264 62 auricularii.
1706 1490 99 62 Et
1756 1490 132 62 quia
1838 1490 132 62 isti
1921 1490 182 62 numeri.
2053 1490 149 62 x.xx.
2152 1490 132 62 xxx.
2235 1490 83 62 &
2251 1490 83 62 cae

538 1549 140 56 teri
625 1549 244 56 consimiles
817 1549 157 56 ipsis
921 1549 244 56 complentur
1113 1549 105 56 in
1165 1549 157 56 totis
1270 1549 209 56 digitis:
1427 1549 140 56 alii
1514 1549 140 56 vero
1601 1549 174 56 numeri
1724 1549 227 56 formantur
1898 1549 157 56 prius
2003 1549 157 56 ipsis
2107 1549 105 56 in
2142 1549 192 56 articulis

534 1593 198 72 singulis
682 1593 231 72 digitorum:
864 1593 132 72 ideo
946 1593 99 72 in
996 1593 149 72 dicta
1095 1593 231 72 quaestione
1276 1593 149 72 illos
1375 1593 198 72 numeros.
1524 1593 99 72 x.
1573 1593 116 72 xx.
1639 1593 132 72 xxx.
1722 1593 83 72 &
1755 1593 198 72 caeteros
1903 1593 215 72 huiusmodi
2068 1593 231 72 appellamus
2250 1593 116 72 nu-

542 1651 156 74 meros
645 1651 207 74 digitos,
801 1651 86 74 &
836 1651 156 74 alios
939 1651 173 74 maxime
1060 1651 156 74 vsque
1164 1651 121 74 ad.
1233 1651 104 74 x.
1285 1651 190 74 numeros
1423 1651 242 74 articulos:
1613 1651 156 74 licet
1717 1651 242 74 Algoristae
1907 1651 225 74 contrario
2080 1651 138 74 modo
2149 1651 190 74 appellare

543 1705 170 73 solent
662 1705 136 73 eos:
747 1705 187 73 dicendo
884 1705 136 73 quod
969 1705 187 73 numerus
1105 1705 222 73 articulus
1276 1705 119 73 est
1344 1705 153 73 omnis
1446 1705 187 73 numerus
1582 1705 256 73 diuisibilis
1787 1705 119 73 in.
1855 1705 102 73 x.
1906 1705 170 73 partes
2025 1705 222 73 aequales.
2179 1705 153 73 Digitus

543 1760 150 82 vero
637 1760 225 82 secundum
806 1760 131 82 eos
881 1760 131 82 est
956 1760 169 82 omnis
1068 1760 206 82 numerus
1218 1760 169 82 minor
1331 1760 225 82 denario.
1500 1760 188 82 Quibus
1631 1760 263 82 suppositis
1837 1760 169 82 patet
1950 1760 244 82 concordia
2137 1760 169 82 huius
2231 1760 94 82 ex-

538 1815 232 58 positionis
721 1815 116 58 cum
787 1815 166 58 dictis
903 1815 232 58 sanctorum.
1086 1815 149 58 patet
1185 1815 133 58 enim
1268 1815 182 58 quomodo
1401 1815 99 58 in
1450 1815 249 58 formatione.
1649 1815 133 58 xxx.
1732 1815 166 58 pollex
1848 1815 83 58 &
1881 1815 149 58 index
1981 1815 216 58 coniuncti
2147 1815 133 58 sunt
2230 1815 133 58 qua-

532 1874 102 64 si
583 1874 153 64 molli
685 1874 187 64 osculo,
821 1874 170 64 indice
940 1874 204 64 scilicet
1093 1874 221 64 reclinato
1263 1874 153 64 super
1365 1874 204 64 pollicem
1518 1874 221 64 tangentem
1688 1874 238 64 summitatem
1875 1874 170 64 mollem
1994 1874 170 64 digiti
2113 1874 170 64 medii:
2215 1874 119 64 quasi

537 1928 200 63 ambobus
683 1928 164 63 super
792 1928 164 63 ipsum
901 1928 328 63 recumbentibus:
1175 1928 109 63 vt
1229 1928 164 63 super
1339 1928 182 63 lectum
1466 1928 200 63 mollem.
1612 1928 146 63 Quod
1703 1928 219 63 apparent
1867 1928 182 63 dicere
1995 1928 273 63 interlinea.
2195 1928 128 63 glos.

536 1968 157 80 Matt.
640 1968 157 80 xiii.
745 1968 87 80 &
779 1968 244 80 Hieronymus
971 1968 174 80 contra
1093 1968 261 80 louinianum.
1302 1968 192 80 Propter
1442 1968 139 80 quod
1529 1968 209 80 numerus.
1685 1968 139 80 xxx.
1773 1968 174 80 nuptis
1894 1968 296 80 appropriatur:
2138 1968 139 80 quia
2208 1968 122 80 nupti

537 2021 100 75 in
587 2021 151 75 lecto
688 2021 167 75 solent
805 2021 201 75 coniungi
956 2021 151 75 molli
1056 2021 184 75 osculo.
1190 2021 117 75 Nec
1257 2021 184 75 differt
1391 2021 117 75 hic
1458 2021 100 75 in
1508 2021 117 75 hac
1575 2021 268 75 expositione,
1792 2021 84 75 &
1826 2021 100 75 in
1876 2021 318 75 praecedentibus:
2144 2021 134 75 nisi
2228 2021 134 75 quod

536 2076 97 77 in
584 2076 145 77 illis
681 2076 210 77 formatur.
842 2076 129 77 xxx.
923 2076 97 77 ex
971 2076 129 77 sola
1052 2076 258 77 coniunctione
1262 2076 194 77 pollicis
1407 2076 81 77 &
1439 2076 177 77 indicis
1568 2076 145 77 inter
1665 2076 113 77 se:
1729 2076 113 77 hic
1794 2076 129 77 vero
1874 2076 97 77 vt
1923 2076 129 77 ambo
2003 2076 210 77 coniuncti
2165 2076 194 77 reclinan

534 2136 115 59 tur
599 2136 148 59 super
698 2136 180 59 medium,
829 2136 131 59 quod
911 2136 230 59 expressius
1091 2136 180 59 indicat
1222 2136 279 59 coniunctionem
1452 2136 230 59 maritalem.
1632 2136 213 59 Similiter
1796 2136 164 59 multum
1911 2136 213 59 concordat
2075 2136 131 59 ista
2141 2136 180 59 expositio

533 2193 301 59 appropriationi.
787 2193 111 59 lx.
850 2193 174 59 viduis:
977 2193 127 59 quia
1056 2193 190 59 signatur
1199 2193 111 59 per
1263 2193 174 59 indicem
1389 2193 206 59 tangentem
1548 2193 222 59 summitatem
1722 2193 190 59 pollicis
1865 2193 190 59 interius
2008 2193 95 59 in
2055 2193 127 59 manu
2135 2193 190 59 sinistra
2262 2193 63 59 si

530 2246 103 65 ne
581 2246 274 65 reclinatione
804 2246 154 65 super
907 2246 171 65 mollem
1027 2246 274 65 extremitatem
1249 2246 206 65 interius
1403 2246 171 65 digiti
1523 2246 171 65 medii:
1643 2246 154 65 quasi
1746 2246 240 65 abstinendo
1934 2246 103 65 se
1986 2246 86 65 a
2020 2246 257 65 conmixtione
2208 2246 120 65 mari-

540 2292 133 62 tali.
629 2292 119 62 Quid
703 2292 133 62 satis
792 2292 193 62 concordat
941 2292 133 62 dicto
1030 2292 222 62 Hieroysicae
1208 2292 119 62 supr
1282 2292 104 62 hoc
1341 2292 148 62 contra
1445 2292 222 62 louinianum:
1623 2292 89 62 vt
1667 2292 133 62 patet
1756 2292 237 62 inspicienti.
1949 2292 193 62 Similiter
2098 2292 193 62 concordat
2231 2292 89 62 ista

538 2352 212 68 expositio
701 2352 98 68 in
750 2352 261 68 appropriando
963 2352 245 68 centenarium
1159 2352 245 68 virginibus,
1355 2352 147 68 iuxta
1453 2352 147 68 illud
1551 2352 196 68 Hieroysi
1698 2352 163 68 dictum
1812 2352 163 68 contra
1927 2352 245 68 louinianum.
2107 2352 212 68 Centenarius

538 2401 89 60 de
583 2401 178 60 finistra
716 2401 222 60 transfertur
893 2401 89 60 in
938 2401 178 60 dextram:
1071 2401 148 60 eisdem
1175 2401 148 60 quidem
1278 2401 163 60 digitis
1397 2401 148 60 quibus
1500 2401 89 60 in
1545 2401 133 60 laeua
1633 2401 192 60 signantur
1781 2401 163 60 nuptae:
1900 2401 104 60 sed
1959 2401 104 60 non
2018 2401 89 60 in
2063 2401 133 60 eadem
2151 2401 133 60 manu,
2240 2401 118 60 quia

538 2454 98 59 vt
587 2454 163 59 dictum
700 2454 130 59 est,
782 2454 163 59 viduae
896 2454 212 59 signantur
1059 2454 98 59 in
1107 2454 195 59 sinistra
1254 2454 98 59 in
1303 2454 212 59 interiore
1465 2454 244 59 extremitate
1661 2454 195 59 pollicis
1807 2454 146 59 tactu
1905 2454 179 59 indicis
2035 2454 212 59 sinistri.
2182 2454 146 59 Centena

534 2511 127 74 rius
613 2511 143 74 autem
708 2511 143 74 licet
803 2511 143 74 primo
898 2511 190 74 formatur
1041 2511 95 74 in
1089 2511 206 74 interiori
1247 2511 238 74 extremitate
1437 2511 253 74 auricularii,
1643 2511 222 74 translatus
1817 2511 143 74 tamen
1912 2511 95 74 in
1960 2511 174 74 dextram
2086 2511 190 74 formatur
2213 2511 111 74 super

532 2555 237 84 summitatem
718 2555 203 84 pollicis
871 2555 203 84 interius
1023 2555 119 84 per
1091 2555 169 84 tactum
1210 2555 186 84 indicis
1345 2555 186 84 dextri:
1481 2555 152 84 quasi
1583 2555 237 84 incipiendo
1769 2555 152 84 nouum
1871 2555 152 84 modum
1972 2555 203 84 signandi
2125 2555 186 84 numeros
2260 2555 102 84 ab

532 2608 223 66 interioribus
714 2608 195 66 digitorum.
867 2608 168 66 scilicet
993 2608 126 66 super
1077 2608 126 66 eadem
1160 2608 126 66 signa
1244 2608 112 66 quae
1314 2608 140 66 prius:
1412 2608 209 66 quemadmodum
1579 2608 126 66 prius
1663 2608 140 66 ibidem
1761 2608 223 66 formabantur.
1942 2608 84 66 x.
1984 2608 84 66 Et
2026 2608 140 66 eisdem
2124 2608 140 66 quidem
2207 2608 126 66 digitis

536 2670 96 70 vt
584 2670 159 70 dictum
695 2670 127 70 est,
775 2670 223 70 signabatur
950 2670 175 70 viduis.
1078 2670 111 70 lx.
1141 2670 96 70 in
1189 2670 159 70 laeua,
1301 2670 96 70 &.
1348 2670 127 70 xxx.
1428 2670 175 70 nuptis:
1555 2670 111 70 sed
1619 2670 223 70 reclinando
1794 2670 143 70 super
1890 2670 255 70 extremitatem
2097 2670 159 70 medii:
2209 2670 96 70 in
2240 2670 80 70 ma-

531 2717 98 81 nu
580 2717 163 81 tantum
694 2717 179 81 dextra.
824 2717 130 81 Vnde
906 2717 114 81 cum
971 2717 147 81 dicit
1069 2717 212 81 Hieronic.
1232 2717 163 81 Quibus
1346 2717 98 81 in
1395 2717 147 81 laeua
1493 2717 212 81 signantur
1656 2717 179 81 nuptae:
1787 2717 114 81 ibi
1852 2717 130 81 fiat
1934 2717 228 81 punctatio:
2113 2717 98 81 vt
2162 2717 130 81 post
2227 2717 98 81 pau-

535 2770 114 72 sam
600 2770 212 72 sequatur,
763 2770 98 72 Et
811 2770 179 72 viduae:
942 2770 114 72 sed
1007 2770 114 72 non
1072 2770 98 72 in
1121 2770 146 72 eadem
1218 2770 146 72 manu.
1316 2770 130 72 Huic
1397 2770 244 72 expositioni
1593 2770 146 72 etiam
1690 2770 212 72 concordat
1853 2770 130 72 quod
1934 2770 195 72 sequitur
2081 2770 98 72 in
2130 2770 146 72 dicto
2211 2770 114 72 Hiero

529 2832 147 72 nymi:
627 2832 196 72 Circulum
774 2832 180 72 faciens
905 2832 196 72 exprimit
1052 2832 262 72 virginitatis
1265 2832 196 72 coronam.
1412 2832 131 72 lste
1494 2832 131 72 enim
1576 2832 147 72 modus
1674 2832 180 72 compoti
1805 2832 147 72 facit
1903 2832 196 72 circulum
2050 2832 213 72 perfectum
2213 2832 82 72 &
2230 2832 98 72 inte

534 2890 149 68 grum,
634 2890 116 68 nec
700 2890 132 68 plus
782 2890 116 68 nec
848 2890 149 68 minus
947 2890 116 68 per
1013 2890 149 68 omnes
1112 2890 198 68 digitos,
1261 2890 83 68 &
1294 2890 231 68 articulos,
1476 2890 83 68 &
1509 2890 231 68 summitates
1690 2890 165 68 duarum
1806 2890 165 68 manuum
1921 2890 264 68 discurrendo,
2136 2890 132 68 quod
2218 2890 116 68 non
2268 2890 66 68 fa

535 2944 111 65 cit
599 2944 95 65 in
646 2944 158 65 aliqua
757 2944 174 65 aliarum
884 2944 269 65 expositionum:
1105 2944 143 65 sicut
1200 2944 143 65 patet
1295 2944 238 65 inspicienti
1486 2944 127 65 eas.
1565 2944 111 65 Sed
1628 2944 127 65 vnum
1707 2944 158 65 obest:
1818 2944 127 65 quod
1897 2944 127 65 isti
1977 2944 238 65 expositioni
2167 2944 111 65 non
2214 2944 111 65 video

530 2992 139 72 posse
622 2992 232 72 concordari:
808 2992 124 72 quod
886 2992 186 72 scilicet
1025 2992 139 72 dicit
1118 2992 124 72 illa
1195 2992 170 72 glossa.
1319 2992 124 72 Mat.
1397 2992 139 72 xiii.
1490 2992 232 72 Centenarius
1676 2992 77 72 a
1707 2992 139 72 laeua
1799 2992 217 72 translatus
1970 2992 93 72 in
2016 2992 201 72 dexteram,
2171 2992 155 72 eandem
2264 2992 62 72 te

526 3047 117 71 net
593 3047 218 71 digitorum
761 3047 251 71 inflexionem
961 3047 134 71 quam
1045 3047 201 71 denarius
1196 3047 100 71 in
1246 3047 167 71 laeua.
1363 3047 117 71 vbi
1430 3047 100 71 si
1480 3047 117 71 non
1547 3047 184 71 adderet
1681 3047 100 71 in
1731 3047 167 71 laeua,
1848 3047 268 71 concordaret:
2066 3047 100 71 vt
2116 3047 167 71 dictum
2217 3047 100 71 est.

519 3093 122 91 Sed
588 3093 104 91 si
640 3093 104 91 in
692 3093 156 91 laeua
797 3093 278 91 intelligatur
1022 3093 208 91 additum,
1179 3093 243 91 concordari
1370 3093 122 91 non
1439 3093 191 91 potest:
1578 3093 139 91 quia
1665 3093 208 91 secundum
1821 3093 139 91 hanc
1908 3093 295 91 expositionem.
2151 3093 104 91 x.
2203 3093 104 91 in
2238 3093 87 91 lae
