2485 3709
540 238 155 84 actio
643 238 86 84 &
678 238 104 84 vt
730 238 121 84 est
799 238 86 84 a
833 238 121 84 se,
902 238 86 84 &
937 238 104 84 vt
988 238 224 84 recipitur
1161 238 207 84 secundum
1316 238 173 84 dictum
1437 238 155 84 modum
1541 238 104 84 in
1593 238 207 84 subiecto
1748 238 207 84 materiae
1903 238 155 84 primo
2007 238 86 84 &
2041 238 207 84 secundo:
2197 238 121 84 est
2248 238 104 84 peni

546 308 127 65 tus
618 308 127 65 vna
691 308 182 65 actio:
818 308 109 65 ac
873 308 109 65 si
927 308 163 65 agens
1036 308 218 65 naturale
1199 308 182 65 eandem
1326 308 345 65 transmutationem
1617 308 182 65 numero
1744 308 163 65 circa
1853 308 182 65 eandem
1980 308 218 65 materiam
2125 308 218 65 repeteret.

571 364 118 60 PER
639 364 135 60 haec
723 364 152 60 patet
824 364 101 60 ad
875 364 186 60 primum:
1010 364 135 60 quod
1094 364 118 60 non
1161 364 236 60 producitur
1347 364 135 60 idem
1431 364 186 60 iterato
1566 364 135 60 nisi
1651 364 202 60 repetita
1802 364 304 60 transmutatione
2055 364 169 60 eadem.
2173 364 202 60 Dicendum

545 422 133 74 quod
629 422 150 74 verum
729 422 117 74 est
796 422 100 74 de
846 422 167 74 agente
962 422 217 74 naturali:
1129 422 133 74 quid
1213 422 133 74 eget
1296 422 300 74 transmutatione
1546 422 100 74 ad
1596 422 117 74 hoc
1663 422 133 74 quod
1746 422 150 74 agat:
1847 422 83 74 &
1880 422 117 74 non
1947 422 133 74 agit
2030 422 184 74 actione
2163 422 133 74 quae
2230 422 117 74 ipsum

552 473 135 69 est.
637 473 186 69 propter
772 473 135 69 quod
857 473 118 69 non
924 473 169 69 potest
1043 473 254 69 vniformiter
1246 473 101 69 se
1296 473 169 69 habere
1415 473 101 69 in
1465 473 186 69 secunda
1601 473 254 69 productione
1804 473 85 69 &
1838 473 101 69 in
1888 473 169 69 prima:
2007 473 85 69 &
2041 473 135 69 ideo
2125 473 118 69 nec
2193 473 135 69 idem
2260 473 85 69 pro

552 523 187 70 ducere.
688 523 119 70 Non
756 523 153 70 tamen
858 523 119 70 est
926 523 153 70 verum
1029 523 102 70 de
1080 523 170 70 agente
1199 523 289 70 supernaturali
1437 523 136 70 quod
1522 523 119 70 non
1590 523 136 70 eget
1675 523 289 70 trasmutatione
1914 523 102 70 in
1965 523 119 70 sua
2033 523 204 70 actione:
2186 523 119 70 sed
2237 523 102 70 ipse

548 584 123 64 est
619 584 158 64 agens
724 584 193 64 actione
864 584 140 64 quae
951 584 140 64 ipse
1039 584 140 64 est.
1126 584 193 64 Propter
1266 584 140 64 quod
1354 584 175 64 potest
1476 584 105 64 se
1529 584 263 64 vniformiter
1739 584 193 64 habendo
1879 584 105 64 in
1931 584 193 64 secunda
2071 584 280 64 productione:
2281 584 53 64 &

555 634 126 61 in
618 634 188 61 prima
743 634 167 61 idem
848 634 209 61 numero
974 634 251 61 producere.

885 688 127 54 Irca
964 688 174 54 quintum
1091 688 190 54 arguitur
1233 688 127 54 quod
1312 688 127 54 homo
1391 688 158 54 possit
1502 688 127 54 esse
1581 688 127 54 sine
1660 688 237 54 quantitate.
1850 688 174 54 quoniam
1976 688 127 54 plus
2055 688 190 54 dependet
2182 688 158 54 accidens

891 738 80 69 a
923 738 192 69 subiecto
1067 738 128 69 quam
1147 738 208 69 subiectum
1306 738 96 69 ab
1354 738 224 69 accidente.
1530 738 112 69 sed
1594 738 192 69 accidens
1737 738 96 69 vt
1785 738 208 69 quantitas
1945 738 96 69 in
1993 738 224 69 sacramento
2168 738 160 69 potest
2264 738 80 69 es-

893 799 98 60 se
942 799 131 60 sine
1024 799 246 60 substantia.
1220 799 131 60 ergo
1302 799 147 60 multo
1400 799 180 60 fortius
1531 799 229 60 substantia
1711 799 82 60 &
1744 799 131 60 homo
1826 799 180 60 poterit
1957 799 131 60 esse
2038 799 131 60 sine
2120 799 246 60 quantitate.

926 850 182 66 CONtra.
1059 850 166 66 corpus
1175 850 216 66 organicum
1341 850 116 66 est
1407 850 100 66 de
1457 850 182 66 ratione
1590 850 199 66 hominis:
1739 850 133 66 quia
1822 850 149 66 anima
1921 850 116 66 non
1988 850 116 66 est
2054 850 149 66 actus
2154 850 133 66 nisi
2220 850 116 66 talis

890 904 214 51 corporis.
1054 904 198 51 secundum
1202 904 264 51 definitionem
1417 904 132 51 eius
1499 904 181 51 secundo
1631 904 99 51 de
1680 904 165 51 anima.
1795 904 132 51 sine
1878 904 132 51 tali
1960 904 148 51 autem
2059 904 115 51 non
2125 904 165 51 potest
2224 904 115 51 esse:

856 955 125 62 non
928 955 125 62 est
999 955 161 62 autem
1106 955 179 62 corpus
1232 955 232 62 organicum
1410 955 143 62 sine
1500 955 268 62 quantitate.
1714 955 143 62 ergo
1804 955 125 62 &c.
1875 955 215 62 DIcendum
2036 955 107 62 ad
2090 955 125 62 hoc
2161 955 215 62 secundum

552 1014 128 63 quod
632 1014 144 63 alibi
728 1014 305 63 determinauimus:
985 1014 128 63 quod
1065 1014 193 63 quiditas
1210 1014 80 63 &
1242 1014 193 63 essentia
1386 1014 177 63 hominis
1515 1014 112 63 non
1579 1014 144 63 solum
1675 1014 177 63 nominat
1804 1014 160 63 formam
1916 1014 225 63 absolutam:
2092 1014 112 63 sed
2140 1014 193 63 comprehen-

564 1069 114 62 dit
629 1069 195 62 materiam
775 1069 81 62 &
807 1069 195 62 importat
954 1069 162 62 formam
1067 1069 97 62 in
1116 1069 195 62 materia:
1262 1069 81 62 &
1295 1069 162 62 nomine
1408 1069 179 62 hominis
1538 1069 114 62 non
1603 1069 260 62 intelligitur
1814 1069 130 62 nisi
1896 1069 162 62 habens
2009 1069 162 62 formam
2123 1069 97 62 in
2172 1069 195 62 materia:

562 1119 82 65 &
594 1119 99 65 in
644 1119 165 65 nomine
759 1119 247 65 humanitatis
957 1119 115 65 non
1022 1119 132 65 nisi
1105 1119 230 65 aggregatum
1286 1119 132 65 quod
1368 1119 115 65 est
1434 1119 148 65 forma
1533 1119 99 65 in
1582 1119 197 65 materia.
1730 1119 148 65 Quare
1829 1119 115 65 cum
1895 1119 148 65 nihil
1993 1119 165 65 potest
2109 1119 197 65 existere
2240 1119 99 65 nisi

562 1172 180 56 habendo
692 1172 98 56 in
741 1172 98 56 se
790 1172 98 56 ea
839 1172 131 56 quae
921 1172 131 56 sunt
1002 1172 229 56 quiditatis
1182 1172 131 56 suae
1264 1172 82 56 &
1296 1172 229 56 essentiae:
1476 1172 180 56 idcirco
1606 1172 131 56 homo
1688 1172 114 56 non
1753 1172 163 56 potest
1868 1172 131 56 esse
1949 1172 131 56 pura
2031 1172 163 56 forma:
2145 1172 114 56 sed
2194 1172 147 56 oportet

556 1223 151 63 ipsum
657 1223 134 63 esse
741 1223 168 63 formam
859 1223 101 63 in
909 1223 202 63 materia.
1060 1223 185 63 propter
1195 1223 134 63 quid
1279 1223 202 63 secundum
1430 1223 269 63 philosophum.
1649 1223 134 63 vii.
1733 1223 151 63 Meta.
1834 1223 101 63 in
1884 1223 252 63 definitione
2086 1223 151 63 rerum
2187 1223 185 63 natura-

566 1276 131 68 lium
648 1276 214 68 inuenitur
812 1276 197 68 materia.
960 1276 131 68 Nunc
1042 1276 148 68 autem
1141 1276 115 68 ita
1206 1276 115 68 est
1272 1276 99 68 de
1321 1276 148 68 forma
1420 1276 214 68 existente
1584 1276 99 68 in
1634 1276 181 68 materia
1765 1276 214 68 naturali:
1929 1276 131 68 quod
2011 1276 115 68 non
2077 1276 164 68 potest
2192 1276 131 68 esse
2274 1276 99 68 in

561 1331 180 64 materia
691 1331 131 64 nuda
773 1331 163 64 absque
887 1331 131 64 omni
969 1331 261 64 dispositione
1181 1331 180 64 aptante
1312 1331 196 64 materiam
1459 1331 98 64 ad
1507 1331 180 64 formam.
1638 1331 163 64 Aliter
1752 1331 131 64 enim
1834 1331 212 64 quaelibet
1997 1331 147 64 forma
2095 1331 131 64 nata
2177 1331 147 64 esset
2258 1331 82 64 fie

564 1381 100 66 ri
614 1381 100 66 in
664 1381 182 66 materia
797 1381 216 66 quacumque
962 1381 166 66 absque
1079 1381 265 66 dispositione
1294 1381 182 66 aptante
1427 1381 133 66 ipsi
1510 1381 216 66 materiam:
1676 1381 133 66 quia
1759 1381 100 66 in
1808 1381 182 66 materia
1941 1381 149 66 nulla
2040 1381 116 66 est
2107 1381 249 66 diuersitas:
2289 1381 50 66 &

558 1440 149 64 eadem
658 1440 182 64 ratione
790 1440 215 64 quaelibet
955 1440 149 64 anima
1054 1440 132 64 nata
1137 1440 149 64 esset
1236 1440 215 64 perficere
1401 1440 215 64 quamlibet
1566 1440 215 64 materiam:
1732 1440 132 64 quid
1814 1440 116 64 est
1880 1440 165 64 contra
1996 1440 248 64 philosophum
2194 1440 99 64 in
2227 1440 116 64 primo

562 1492 105 60 de
614 1492 175 60 anima:
736 1492 122 60 vbi
806 1492 122 60 hoc
876 1492 122 60 pro
946 1492 297 60 inconvenienti
1191 1492 175 60 habet:
1313 1492 140 60 quia
1400 1492 105 60 vt
1453 1492 175 60 dicit,
1575 1492 157 60 actus
1680 1492 227 60 actiuorum
1855 1492 140 60 sunt
1942 1492 105 60 in
1994 1492 210 60 patiente
2134 1492 210 60 disposito.

564 1544 125 65 Quod
642 1544 109 65 non
705 1544 109 65 est
767 1544 109 65 sic
830 1544 265 65 intelligendum
1048 1544 125 65 quod
1126 1544 265 65 dispositiones
1344 1544 140 65 illae
1438 1544 187 65 aptantes
1579 1544 187 65 materiam
1719 1544 156 65 formae
1828 1544 218 65 praecedunt
2000 1544 140 65 ipsam
2093 1544 156 65 formam
2203 1544 94 65 in
2249 1544 125 65 mate

559 1597 128 69 ria:
639 1597 128 69 nisi
719 1597 144 69 forte
815 1597 176 69 aliquae
944 1597 112 69 sub
1008 1597 128 69 esse
1088 1597 288 69 indeterminato:
1328 1597 80 69 &
1360 1597 112 69 hoc
1424 1597 112 69 non
1489 1597 160 69 formam
1601 1597 272 69 substantialem
1825 1597 240 69 simpliciter
2017 1597 80 69 &
2050 1597 192 69 absolute
2194 1597 112 69 sed
2242 1597 96 69 hanc

567 1653 107 58 aut
628 1653 153 58 illam:
735 1653 184 58 secundum
874 1653 123 58 quod
950 1653 215 58 accidentia
1119 1653 169 58 symbola
1242 1653 153 58 manent
1349 1653 92 58 in
1395 1653 184 58 generato
1534 1653 77 58 &
1564 1653 184 58 corrupto
1702 1653 200 58 communia:
1856 1653 184 58 secundum
1994 1653 215 58 philosopum
2163 1653 92 58 in
2209 1653 169 58 secundo

563 1712 106 62 de
616 1712 282 62 generatione:
845 1712 123 62 sed
916 1712 141 62 quod
1004 1712 141 62 ipsa
1092 1712 229 62 adueniens
1268 1712 211 62 materiae
1426 1712 176 62 statim
1550 1712 176 62 causat
1673 1712 229 62 huiusmodi
1849 1712 299 62 dispositiones
2095 1712 106 62 ad
2148 1712 158 62 minus
2254 1712 123 62 quo

564 1759 109 60 ad
618 1759 145 60 esse
709 1759 308 60 determinatum:
962 1759 145 60 sine
1053 1759 181 60 quibus
1179 1759 127 60 nec
1252 1759 145 60 ipsa
1342 1759 163 60 forma
1451 1759 145 60 nata
1541 1759 163 60 esset
1650 1759 181 60 omnino
1777 1759 217 60 generari
1940 1759 109 60 in
1994 1759 199 60 materia
2139 1759 127 60 aut
2193 1759 145 60 manere

569 1812 98 65 in
618 1812 147 65 ipsa.
716 1812 131 65 Vnde
797 1812 245 65 quemadmodum
994 1812 114 65 cum
1059 1812 147 65 anima
1157 1812 180 65 dicitur
1288 1812 147 65 actus
1386 1812 196 65 corporis
1533 1812 147 65 vitam
1631 1812 212 65 habentis:
1794 1812 114 65 non
1860 1812 261 65 intelligitur
2072 1812 147 65 vitam
2170 1812 163 65 habens
2285 1812 98 65 an

561 1863 89 60 te
606 1863 149 60 animae
710 1863 179 60 aduentum
844 1863 119 60 nisi
919 1863 89 60 in
964 1863 179 60 potentia
1098 1863 89 60 vt
1142 1863 149 60 semen:
1247 1863 104 60 sed
1306 1863 119 60 quod
1381 1863 134 60 habet
1470 1863 134 60 vitam
1560 1863 89 60 ex
1605 1863 104 60 hoc
1664 1863 119 60 quod
1739 1863 134 60 inest
1828 1863 89 60 ei
1873 1863 149 60 anima.
1977 1863 119 60 Quod
2052 1863 209 60 significat
2201 1863 149 60 philoso-

565 1921 122 66 phus
641 1921 107 66 cum
702 1921 137 66 dicit
794 1921 92 66 in
839 1921 198 66 principio
992 1921 168 66 secundi
1114 1921 92 66 de
1160 1921 153 66 anima.
1266 1921 107 66 Est
1327 1921 137 66 autem
1419 1921 107 66 non
1480 1921 198 66 abiiciens
1632 1921 168 66 animam.
1754 1921 107 66 &c.
1815 1921 107 66 Sic
1876 1921 107 66 cum
1937 1921 168 66 dicitur
2059 1921 137 66 actus
2151 1921 183 66 corporis
2273 1921 61 66 or

571 1985 176 57 ganici,
699 1985 112 57 non
763 1985 255 57 intelligitur
970 1985 128 57 quod
1050 1985 207 57 perfectio
1209 1985 207 57 organorum
1369 1985 112 57 sit
1433 1985 96 57 in
1480 1985 176 57 corpore
1608 1985 128 57 ante
1688 1985 160 57 animae
1800 1985 207 57 aduentum:
1959 1985 112 57 sed
2023 1985 128 57 quod
2103 1985 128 57 ipsa
2167 1985 176 57 adueniens

562 2030 89 60 &
598 2030 232 60 inueniens
776 2030 214 60 materiam
937 2030 268 60 dispositam:
1151 2030 179 60 causat
1276 2030 107 60 in
1330 2030 107 60 ea
1384 2030 179 60 organa
1509 2030 143 60 sua:
1598 2030 107 60 ad
1652 2030 161 60 minus
1759 2030 107 60 ea
1812 2030 304 60 determinando.
2062 2030 107 60 De
2116 2030 179 60 numero
2223 2030 125 60 autem

564 2080 173 60 talium
685 2080 295 60 dispositionum
927 2080 121 60 vna
997 2080 260 60 principalis
1205 2080 121 60 est
1274 2080 243 60 quantitas:
1465 2080 139 60 quia
1551 2080 139 60 sine
1638 2080 139 60 ipsa
1724 2080 121 60 non
1794 2080 156 60 habet
1898 2080 139 60 esse
1984 2080 277 60 organizatio.
2192 2080 156 60 Idcirco

566 2134 110 72 dico
635 2134 110 72 quod
704 2134 207 72 impossibile
869 2134 96 72 est
924 2134 152 72 hominem
1035 2134 110 72 esse
1103 2134 110 72 sine
1172 2134 207 72 quantitate:
1338 2134 96 72 nec
1393 2134 96 72 hoc
1448 2134 96 72 est
1503 2134 179 72 factibile
1641 2134 96 72 nec
1696 2134 248 72 intelligibile.
1902 2134 110 72 Vnde
1971 2134 124 72 dicit
2054 2134 207 72 philosophus
2219 2134 96 72 in.
2260 2134 83 72 vii.

560 2187 260 56 Metaphysicae
771 2187 146 56 Forma
868 2187 179 56 hominis
998 2187 162 56 semper
1112 2187 179 56 videtur
1241 2187 97 56 in
1290 2187 195 56 carnibus
1436 2187 81 56 &
1469 2187 179 56 ossibus
1598 2187 81 56 &
1631 2187 195 56 partibus
1777 2187 211 56 similibus
1939 2187 162 56 istis.
2053 2187 114 56 Vbi
2118 2187 146 56 dicit
2199 2187 146 56 Commen.

570 2241 245 55 Impossibile
766 2241 114 55 est
831 2241 131 55 enim
913 2241 180 55 hominem
1044 2241 245 55 intelligere
1240 2241 131 55 sine
1321 2241 147 55 carne
1419 2241 82 55 &
1452 2241 196 55 ossibus.
1599 2241 98 55 Et
1648 2241 180 55 constat
1779 2241 131 55 quod
1861 2241 163 55 carnem
1975 2241 82 55 &
2008 2241 131 55 ossa
2090 2241 114 55 non
2155 2241 114 55 est
2204 2241 147 55 possibi

569 2296 94 55 le
616 2296 235 55 intelligere
805 2296 126 55 sine
883 2296 235 55 quantitate:
1072 2296 235 55 concedendum
1260 2296 110 55 est
1323 2296 157 55 igitur
1433 2296 220 55 argumentum
1605 2296 204 55 secundum.
1762 2296 94 55 AD
1809 2296 157 55 primum
1919 2296 126 55 quod
1998 2296 204 55 quantitas
2155 2296 157 55 potest
2249 2296 94 55 esse

563 2340 139 66 sine
650 2340 262 66 substantia:
859 2340 139 66 ergo
946 2340 87 66 &
981 2340 244 66 econuerso:
1173 2340 209 66 Dicendum
1330 2340 139 66 quod
1417 2340 174 66 duplex
1539 2340 122 66 est
1609 2340 157 66 genus
1713 2340 262 66 accidentis.
1923 2340 192 66 Quoddam
2062 2340 139 66 quod
2149 2340 157 66 nulli
2236 2340 105 66 for-

577 2405 110 67 mae
640 2405 250 67 substantiali
843 2405 188 67 proprium
984 2405 125 67 est:
1062 2405 110 67 sed
1125 2405 94 67 ex
1172 2405 94 67 se
1219 2405 110 67 est
1281 2405 282 67 indeterminatum
1516 2405 94 67 ad
1563 2405 156 67 plures
1672 2405 110 67 aut
1735 2405 94 67 ad
1782 2405 156 67 omnes:
1891 2405 78 67 &
1923 2405 172 67 accidit
2048 2405 94 67 ei
2095 2405 110 67 per
2157 2405 219 67 quancumque

566 2457 174 69 formam
688 2457 296 69 substantialem
932 2457 279 69 determinari:
1158 2457 105 69 vt
1210 2457 139 69 sunt
1297 2457 244 69 accidentia
1489 2457 279 69 mathematicae
1716 2457 296 69 abstractionis
1960 2457 105 69 de
2012 2457 174 69 genere
2116 2457 227 69 quantitatis

580 2507 194 66 Quoddam
721 2507 141 66 vero
810 2507 159 66 aliud
915 2507 159 66 genus
1021 2507 247 66 accidentis
1215 2507 123 66 est
1285 2507 141 66 quod
1374 2507 212 66 proprium
1532 2507 229 66 subiectum
1708 2507 141 66 sibi
1797 2507 247 66 determinat
1990 2507 106 66 vt
2043 2507 141 66 alia
2131 2507 247 66 quaecumque

570 2560 88 61 &
606 2560 176 61 maxime
729 2560 246 61 qualitates
922 2560 264 61 sensibiles:
1134 2560 141 61 quae
1222 2560 264 61 determinant
1433 2560 141 61 sibi
1521 2560 229 61 subiectum
1697 2560 211 61 quantum,
1855 2560 106 61 vt
1908 2560 194 61 albedo:
2049 2560 141 61 quae
2137 2560 158 61 nullo
2242 2560 141 61 modo

573 2616 148 65 habet
671 2616 131 65 esse
753 2616 115 65 per
819 2616 99 65 se
868 2616 82 65 &
901 2616 148 65 primo
1000 2616 131 65 nisi
1082 2616 99 65 in
1131 2616 246 65 superficie.
1328 2616 131 65 Vnde
1410 2616 246 65 quantitates
1608 2616 246 65 immediatius
1805 2616 214 65 adhaerent
1969 2616 246 65 substantiae
2166 2616 131 65 quam
2232 2616 115 65 illae

570 2678 236 66 qualitates.
759 2678 94 66 Et
806 2678 204 66 similiter
963 2678 204 66 econverso
1120 2678 94 66 ex
1167 2678 141 66 parte
1261 2678 236 66 substantiae
1450 2678 110 66 sic
1513 2678 126 66 est:
1591 2678 126 66 quod
1670 2678 220 66 substantia
1842 2678 204 66 aliquando
1999 2678 126 66 sibi
2078 2678 220 66 determinat
2251 2678 126 66 quae

571 2727 125 64 dam
642 2727 267 64 accidentia:
856 2727 89 64 &
891 2727 196 64 quaedam
1034 2727 125 64 non
1105 2727 249 64 determinat
1301 2727 160 64 sibi:
1407 2727 267 64 quemadmodum
1621 2727 196 64 numerus
1763 2727 249 64 determinat
1959 2727 142 64 sibi
2048 2727 142 64 quod
2137 2727 125 64 sit
2208 2727 125 64 par
2261 2727 89 64 vel

575 2780 148 62 impar:
679 2780 74 62 &
708 2780 133 62 forma
797 2780 163 62 hominis
915 2780 118 62 quod
989 2780 118 62 ipse
1063 2780 104 62 sit
1122 2780 207 62 risibilis:
1285 2780 104 62 non
1344 2780 133 62 autem
1433 2780 118 62 quod
1507 2780 104 62 sit
1566 2780 148 62 albus.
1670 2780 89 62 Et
1714 2780 177 62 secundum
1847 2780 104 62 hoc
1906 2780 177 62 videndum
2039 2780 104 62 est
2099 2780 118 62 quae
2158 2780 192 62 accidentia.

570 2834 136 54 sint
655 2834 256 54 separabilia
860 2834 85 54 a
894 2834 256 54 substantia:
1098 2834 85 54 &
1132 2834 204 54 quomodo:
1286 2834 85 54 &
1320 2834 136 54 quae
1405 2834 136 54 non:
1490 2834 85 54 &
1524 2834 222 54 similiter
1695 2834 85 54 a
1729 2834 170 54 quibus
1848 2834 273 54 accidentibus
2069 2834 170 54 possit
2172 2834 170 54 substan-

571 2887 105 69 tia
631 2887 196 69 separari:
782 2887 75 69 &
812 2887 75 69 a
842 2887 151 69 quibus
947 2887 120 69 non.
1022 2887 166 69 Quoniam
1143 2887 120 69 illa
1218 2887 211 69 accidentia
1384 2887 120 69 quae
1459 2887 196 69 subiectum
1609 2887 120 69 sibi
1685 2887 241 69 determinant:
1880 2887 90 69 vt
1926 2887 151 69 albedo
2031 2887 241 69 superficiem,
2227 2887 90 69 ab
2257 2887 90 69 illo

576 2936 197 66 separari
724 2936 115 66 non
789 2936 197 66 possunt,
937 2936 115 66 non
1003 2936 132 66 enim
1085 2936 164 66 potest
1200 2936 197 66 secundum
1348 2936 99 66 se
1398 2936 197 66 existere
1545 2936 164 66 albedo
1661 2936 164 66 absque
1776 2936 247 66 substantia:
1973 2936 132 66 quia
2055 2936 99 66 ex
2104 2936 99 66 se
2154 2936 164 66 partes
2269 2936 115 66 non

572 2992 165 60 habet.
687 2992 132 60 Illa
769 2992 132 60 vero
851 2992 132 60 quae
934 2992 165 60 nullum
1049 2992 214 60 subiectum
1213 2992 132 60 sibi
1296 2992 263 60 determinant:
1510 2992 197 60 separari
1658 2992 181 60 possunt
1789 2992 181 60 quantum
1921 2992 115 60 est
1987 2992 99 60 de
2036 2992 99 60 se
2086 2992 99 60 in
2135 2992 148 60 esse:
2234 2992 115 60 cum
2283 2992 66 60 ha

575 3043 129 75 bent
656 3043 145 75 agens
753 3043 242 75 sufficiens:
946 3043 145 75 sicut
1043 3043 81 75 &
1076 3043 97 75 in
1124 3043 258 75 intellectum:
1334 3043 242 75 quemadmodum
1528 3043 242 75 quantitates
1722 3043 275 75 mathematicae,
1948 3043 178 75 numerus
2077 3043 194 75 scilicet
2223 3043 81 75 &
2239 3043 113 75 conti

567 3101 143 89 nuum,
662 3101 159 89 quibus
774 3101 206 89 separatis
932 3101 95 89 in
980 3101 143 89 ipsis
1075 3101 222 89 separantur
1250 3101 143 89 omnia
1345 3101 127 89 alia
1425 3101 238 89 accidentia:
1615 3101 127 89 quae
1695 3101 127 89 ipsa
1774 3101 143 89 sicut
1870 3101 175 89 propria
1997 3101 191 89 subiecta
2124 3101 222 89 determinant.
