2367 3650
117 222 141 90 loco
206 222 124 90 vbi
276 222 265 90 praedicatur
489 222 124 90 eam
559 222 248 90 subticere,
754 222 141 90 nisi
842 222 159 90 sicut
948 222 141 90 plus
1037 222 88 90 &
1072 222 177 90 minus.
1196 222 106 90 de
1249 222 177 90 quibus
1373 222 159 90 dicit
1479 222 230 90 Gregorius
1656 222 159 90 primo
1744 222 124 90 Mora-

110 304 169 62 lium.
223 304 131 62 Qui
298 304 206 62 prouidi
448 304 206 62 humanam
598 304 206 62 gratiam
747 304 225 62 amittere
916 304 281 62 formidantes
1141 304 169 62 loqui
1254 304 187 62 libere
1385 304 169 62 recta
1497 304 319 62 pertimescunt,
1741 304 131 62 impro

116 363 151 63 uidi
211 363 245 63 dicuntur,
399 363 151 63 quia
494 363 132 63 vbi
569 363 208 63 credunt
720 363 151 63 sibi
815 363 245 63 prouidere
1004 363 283 63 custodiendo
1230 363 208 63 gratiam
1381 363 227 63 hominum,
1551 363 227 63 amittunt
1702 363 170 63 gratiam

113 409 143 72 dei.
202 409 196 72 dicente
345 409 178 72 eodem.
470 409 143 72 vii.
559 409 160 72 Mora.
665 409 125 72 Qui
737 409 107 72 in
790 409 160 72 terra
897 409 196 72 hominem
1040 409 178 72 contra
1164 409 232 72 veritatem
1343 409 178 72 pauet,
1467 409 196 72 eiusdem
1610 409 232 72 veritatis
1770 409 107 72 iram

120 475 220 59 caelitus
285 475 239 59 sustinet.
469 475 184 59 Contra
597 475 239 59 veritatem
781 475 184 59 amator
909 475 239 59 veritatis
1093 475 184 59 pauere
1221 475 129 59 non
1295 475 165 59 debet
1405 475 165 59 damna
1515 475 165 59 rerum
1625 475 129 59 per
1680 475 184 59 iniuriam

113 515 265 63 auferentes:
326 515 124 63 nec
396 515 283 63 afflictionem
626 515 248 63 corporibus
821 515 124 63 per
891 515 248 63 violentiam
1086 515 265 63 inferentes:
1298 515 124 63 nec
1369 515 159 63 famam
1475 515 195 63 nominis
1616 515 124 63 per
1669 515 195 63 reprehen-

119 570 151 70 siones
225 570 241 70 denigrantes.
421 570 181 70 secundum
556 570 121 70 quod
632 570 91 70 de
677 570 151 70 duobus
783 570 151 70 primis
888 570 151 70 potest
994 570 196 70 intelligi
1145 570 136 70 illud
1235 570 121 70 quod
1311 570 136 70 dicit
1401 570 151 70 ibidem
1507 570 151 70 Grego.
1613 570 166 70 librox.
1733 570 166 70 Bonorum

115 632 139 56 mens
202 632 122 56 quo
271 632 192 56 duriora
411 632 122 56 pro
481 632 209 56 veritate
637 632 209 56 tolerat,
794 632 105 56 eo
847 632 279 56 aeternitatis
1073 632 192 56 praemia
1213 632 192 56 certius
1352 632 227 56 expectat:
1526 632 157 56 tanto
1631 632 157 56 maior
1718 632 157 56 fiducia

117 670 171 72 mentem
237 670 205 72 roborat,
390 670 171 72 quanto
510 670 137 72 hanc
596 670 188 72 fortior
732 670 120 72 pro
801 670 205 72 veritate
955 670 222 72 afflictio
1126 670 222 72 angustat.
1297 670 188 72 Tertium
1434 670 137 72 vero
1519 670 205 72 exprimit
1656 670 205 72 Augustinus

124 740 117 58 cum
191 740 150 58 dicit
291 740 100 58 in
342 740 217 58 principio
509 740 184 58 secundi
643 740 100 58 de
693 740 167 58 Trini.
810 740 167 58 Nullus
927 740 251 58 reprehensor
1127 740 251 58 formidandus
1328 740 117 58 est
1395 740 184 58 amatori
1529 740 234 58 veritatis.
1713 740 117 58 Per
1763 740 100 58 haec

125 778 134 74 patet
214 778 89 74 ad
259 778 164 74 primum.
378 778 89 74 Ad
423 778 179 74 secundum
557 778 119 74 quod
631 778 104 74 non
691 778 164 74 rediret
810 778 89 74 ad
854 778 238 74 praedicandum
1048 778 89 74 si
1092 778 164 74 diceret
1211 778 208 74 veritatem:
1375 778 134 74 verum
1464 778 104 74 est
1524 778 89 74 si
1568 778 89 74 in
1613 778 164 74 malitia
1717 778 149 74 quaestus

120 841 245 61 persisteret:
319 841 76 61 &
349 841 153 61 melius
456 841 138 61 esset
548 841 92 61 ei
594 841 107 61 non
655 841 153 61 redire
762 841 122 61 quam
838 841 92 61 ad
884 841 184 61 quaestum
1022 841 153 61 redire
1129 841 76 61 &
1160 841 229 61 praedicare,
1343 841 138 61 licet
1435 841 138 61 forte
1527 841 107 61 non
1588 841 138 61 esset
1679 841 153 61 melius
1771 841 92 61 popu

117 886 115 65 lo.
182 886 180 65 Propter
313 886 131 65 quod
395 886 148 65 dixit
494 886 164 65 Apost.
609 886 180 65 Philip.
740 886 115 65 ii.
805 886 131 65 Siue
887 886 115 65 per
953 886 230 65 occasionem
1133 886 131 65 siue
1215 886 115 65 per
1281 886 213 65 veritatem
1445 886 197 65 Christus
1593 886 262 65 annuncietur,
1789 886 66 65 in

112 939 127 75 hoc
185 939 200 75 gaudeo:
330 939 127 75 sed
403 939 109 75 in
457 939 127 75 hoc
530 939 91 75 &
566 939 218 75 gaudebo.
730 939 127 75 vbi
802 939 164 75 dicit
911 939 164 75 glos.
1020 939 109 75 Ex
1075 939 236 75 occasione
1256 939 291 75 euangelizant
1493 939 127 75 non
1565 939 127 75 tam
1638 939 200 75 salutem
1765 939 109 75 eius

113 1000 264 68 quaerentes
321 1000 132 68 cui
396 1000 264 68 annunciant
604 1000 151 68 quam
698 1000 227 68 commodum
868 1000 170 68 suum.
982 1000 132 68 Qui
1057 1000 245 68 annunciat
1246 1000 283 68 detrimentum
1473 1000 227 68 habebit,
1642 1000 132 68 cui
1718 1000 189 68 annum-

113 1049 201 65 ciatur,
259 1049 201 65 lucrum.
406 1049 110 65 Si
460 1049 165 65 tamen
570 1049 238 65 veritatem
753 1049 201 65 propter
900 1049 110 65 se
955 1049 256 65 diligerent
1156 1049 92 65 &
1193 1049 311 65 praedicarent,
1449 1049 183 65 redire
1577 1049 128 65 non
1632 1049 238 65 formidarent

116 1107 100 70 ad
166 1107 149 70 ipsam
266 1107 249 70 defendendum
465 1107 100 70 si
515 1107 166 70 aliqui
631 1107 183 70 vellent
764 1107 116 70 eam
830 1107 232 70 impugnare.
1013 1107 183 70 dicente
1145 1107 166 70 Grego,
1262 1107 149 70 perid
1361 1107 116 70 est
1428 1107 149 70 super
1527 1107 199 70 Ezechie.
1676 1107 166 70 homil.
1776 1107 83 70 ix.

118 1155 202 68 Inimicis
270 1155 219 68 veritatis
439 1155 270 68 aduersabitur
658 1155 118 68 qui
725 1155 152 68 eidem
826 1155 101 68 in
877 1155 152 68 mente
978 1155 253 68 subiicitur.
1181 1155 118 68 Nec
1248 1155 118 68 hoc
1315 1155 152 68 debet
1417 1155 219 68 dimittere
1585 1155 186 68 propter
1703 1155 169 68 refectio

120 1207 115 67 nem
185 1207 247 67 corporalem:
383 1207 132 67 quia
466 1207 115 67 per
532 1207 115 67 hoc
598 1207 198 67 meliorem
746 1207 214 67 recuperat
911 1207 264 67 spiritualem.
1126 1207 181 67 dicente
1258 1207 214 67 Gregorio.
1423 1207 115 67 ix.
1489 1207 148 67 Mora.
1588 1207 132 67 Tunc
1670 1207 181 67 quisque
1802 1207 99 67 in

122 1265 205 63 veritate
276 1265 222 63 valentius
446 1265 239 63 reficitur,
634 1265 119 63 cum
702 1265 222 63 ardentius
873 1265 119 63 pro
941 1265 102 63 ea
992 1265 239 63 fatigatur.
1180 1265 119 63 Sed
1249 1265 137 63 hanc
1334 1265 256 63 refectionem
1539 1265 171 63 aliqui
1658 1265 119 63 non
1709 1265 154 63 cupiunt

120 1318 161 63 quibus
233 1318 97 63 vt
281 1318 145 63 dicit
378 1318 226 63 Augustinus
555 1318 97 63 in
603 1318 161 63 origi.
716 1318 145 63 super
813 1318 161 63 psali,
925 1318 81 63 v
958 1318 145 63 panis
1054 1318 209 63 veritatis
1216 1318 161 63 amarus
1328 1318 129 63 est.
1409 1318 129 63 Vnde
1489 1318 97 63 os
1538 1318 129 63 vera
1618 1318 193 63 dicentis
1763 1318 129 63 ode-

117 1360 132 70 runt
200 1360 116 70 qui
266 1360 99 70 in
316 1360 116 70 eam
382 1360 264 70 aegritudinem
597 1360 248 70 deuenerunt,
795 1360 99 70 vt
845 1360 149 70 cibum
944 1360 215 70 veritatis
1109 1360 116 70 quo
1175 1360 165 70 animae
1291 1360 149 70 sanae
1390 1360 198 70 gaudent,
1539 1360 182 70 tamquam
1671 1360 182 70 felleum
1786 1360 83 70 sus

107 1425 176 68 tinere
231 1425 123 68 non
301 1425 211 68 possint.
460 1425 106 68 Et
512 1425 141 68 quod
600 1425 229 68 assumitur
776 1425 106 68 in
829 1425 246 68 argumento,
1023 1425 141 68 quod
1111 1425 194 68 dicendo
1252 1425 229 68 veritatem
1428 1425 229 68 hospitium
1604 1425 229 68 perderet,
1762 1425 106 68 for-

117 1468 160 71 tasse
224 1468 125 71 non
295 1468 125 71 est
367 1468 178 71 verum,
491 1468 143 71 immo
580 1468 214 71 paratius
741 1468 249 71 inueniret:
937 1468 143 71 quia
1026 1468 232 71 veritatis
1204 1468 178 71 amator
1329 1468 125 71 non
1400 1468 143 71 vult
1489 1468 143 71 sibi
1578 1468 160 71 parci
1685 1468 178 71 contra
1792 1468 71 71 ve

114 1519 203 62 ritatem.
266 1519 186 62 dicente
401 1519 169 62 Grego.
519 1519 101 62 in
570 1519 152 62 primo
671 1519 203 62 Pastora.
823 1519 135 62 Plus
908 1519 203 62 veritate
1060 1519 101 62 se
1110 1519 186 62 appetit
1245 1519 186 62 diligi,
1380 1519 135 62 quam
1465 1519 169 62 contra
1583 1519 101 62 se
1634 1519 118 62 non
1701 1519 135 62 vult
1786 1519 118 62 de-

107 1582 174 71 fendi.
228 1582 139 71 Ille
315 1582 139 71 ergo
402 1582 174 71 seipso
524 1582 226 71 veritatem
697 1582 191 71 amplius
836 1582 139 71 vult
923 1582 174 71 amari,
1045 1582 122 71 qui
1114 1582 139 71 sibi
1201 1582 87 71 a
1236 1582 156 71 nullo
1340 1582 139 71 vult
1427 1582 174 71 contra
1549 1582 226 71 veritatem
1705 1582 139 71 parci.

435 1644 127 91 lrca
515 1644 175 91 tertium
642 1644 206 91 arguitur:
800 1644 127 91 quod
880 1644 95 91 in
927 1644 127 91 illo
1007 1644 127 91 casu
1086 1644 159 91 frater
1197 1644 111 91 sit
1261 1644 159 91 potior
1372 1644 95 91 in
1419 1644 143 91 iure:
1515 1644 127 91 quia
1594 1644 191 91 speciale
1721 1644 143 91 derogat

440 1730 208 69 generali.
600 1730 160 69 Frater
713 1730 144 69 autem
809 1730 144 69 habet
905 1730 128 69 quod
985 1730 160 69 possit
1097 1730 160 69 populo
1210 1730 224 69 praedicare
1386 1730 96 69 ex
1434 1730 128 69 iure
1514 1730 208 69 speciali:
1675 1730 128 69 quia
1755 1730 96 69 ex
1787 1730 80 69 pri

438 1793 188 63 uilegio
575 1793 137 63 quod
660 1793 120 63 dat
729 1793 205 63 priuatum
882 1793 137 63 ius:
968 1793 188 63 curatus
1105 1793 154 63 autem
1207 1793 103 63 ex
1259 1793 137 63 iure
1344 1793 205 63 conmuni,
1498 1793 85 63 &
1532 1793 120 63 ita
1601 1793 222 63 generali.
1754 1793 103 63 ergo

430 1835 110 60 &c.
493 1835 189 60 Contra,.
635 1835 220 60 priuilegia
808 1835 126 60 sunt
886 1835 173 60 stricti
1012 1835 157 60 iuris,
1122 1835 79 60 &
1154 1835 142 60 illud
1248 1835 126 60 quod
1326 1835 94 60 in
1374 1835 110 60 eis
1437 1835 110 60 non
1499 1835 110 60 est
1562 1835 220 60 expressum,
1735 1835 110 60 non
1798 1835 94 60 in

432 1893 241 54 telligitur
621 1893 241 54 concessum.
811 1893 155 54 extra
915 1893 103 54 de
966 1893 276 54 priuilegiis.
1190 1893 172 54 Porro.
1311 1893 121 54 Cum
1380 1893 138 54 ergo
1466 1893 103 54 in
1518 1893 138 54 eius
1604 1893 241 54 priuilegio
1794 1893 121 54 non

432 1949 245 52 exprimitur
624 1949 140 52 quod
711 1949 105 52 ei
763 1949 175 52 debeat
886 1949 175 52 cedere
1008 1949 210 52 curatus:
1165 1949 140 52 ergo
1253 1949 122 52 non
1322 1949 122 52 est
1392 1949 245 52 concessum:
1584 1949 87 52 &
1619 1949 122 52 sic
1689 1949 175 52 potior
1794 1949 70 52 ma

448 2000 130 69 net
523 2000 204 69 curatus
671 2000 148 69 post
764 2000 278 69 priuilegium
986 2000 167 69 sicut
1097 2000 167 69 ante.
1208 2000 111 69 AD
1264 2000 167 69 istam
1375 2000 297 69 quaestionem,
1616 2000 148 69 quia
1690 2000 167 69 princi-

119 2053 176 62 paliter
247 2053 192 62 pertinet
391 2053 96 62 ad
440 2053 208 62 iuristas,
600 2053 80 62 &
632 2053 160 62 tangit
744 2053 192 62 virtutem
888 2053 80 62 &
920 2053 224 62 efficaciam
1097 2053 224 62 priuilegii
1273 2053 192 62 concessi
1417 2053 224 62 fratribus,
1594 2053 224 62 respondere
1754 2053 112 62 inten

112 2108 97 70 do
160 2108 146 70 salua
258 2108 292 70 protestatione,
501 2108 130 70 quam
582 2108 146 70 ponam
679 2108 97 70 in
728 2108 195 70 soluendo
874 2108 178 70 tertiam
1004 2108 243 70 quaestionem
1198 2108 178 70 proxime
1328 2108 227 70 sequentem.
1506 2108 130 70 Dico
1587 2108 178 70 igitur:
1717 2108 130 70 quod
1798 2108 97 70 in

119 2169 235 57 agibilibus
304 2169 84 57 &
337 2169 101 57 in
387 2169 302 57 vniuersalibus,
639 2169 134 57 quia
723 2169 201 57 sermones
873 2169 268 57 particulares
1091 2169 134 57 sunt
1175 2169 201 57 veriores
1326 2169 302 57 vniuersalibus,
1577 2169 101 57 vt
1627 2169 151 57 dicit
1711 2169 151 57 philoso

119 2216 137 66 phus,
210 2216 92 66 in
256 2216 137 66 ipsis
348 2216 260 66 considerandum
562 2216 107 66 est
623 2216 183 66 plurimum
760 2216 122 66 quid
837 2216 153 66 verius
944 2216 107 66 sit
1005 2216 244 66 regulariter,
1203 2216 76 66 &
1234 2216 168 66 quomodo
1356 2216 168 66 deficit
1478 2216 92 66 in
1524 2216 183 66 casibus.
1661 2216 122 66 quia
1738 2216 107 66 vix
1799 2216 92 66 in

114 2268 177 63 moralibus
250 2268 68 63 &
277 2268 190 63 agibilibus
427 2268 136 63 potest
522 2268 122 63 sermo
604 2268 204 63 vniversalis
767 2268 95 63 ita
821 2268 109 63 esse
889 2268 122 63 verus
970 2268 109 63 quin
1038 2268 136 63 fallat
1133 2268 82 63 in
1174 2268 163 63 casibus.
1296 2268 82 63 In
1337 2268 177 63 proposita
1473 2268 136 63 igitur
1568 2268 190 63 quaestione
1718 2268 122 63 licet
1785 2268 82 63 quae

119 2317 109 66 rat
182 2317 94 66 de
229 2317 141 66 iure,
323 2317 125 66 quia
401 2317 141 66 tamen
495 2317 172 66 quaerit
620 2317 109 66 ius
682 2317 141 66 circa
776 2317 172 66 factum,
901 2317 125 66 ideo
979 2317 266 66 considerandum
1198 2317 109 66 est
1261 2317 141 66 circa
1355 2317 156 66 factum
1464 2317 125 66 quis
1542 2317 156 66 potior
1652 2317 94 66 in
1699 2317 125 66 iure
1777 2317 109 66 di-

119 2373 174 56 cendus
240 2373 122 56 est
310 2373 278 56 regulariter:
536 2373 139 56 etsi
623 2373 156 56 alter
727 2373 174 56 potior
849 2373 191 56 poterit
988 2373 139 56 dici
1075 2373 104 56 in
1127 2373 209 56 casibus:
1283 2373 87 56 &
1318 2373 122 56 hoc
1388 2373 156 56 primo
1492 2373 104 56 ex
1544 2373 139 56 fine
1614 2373 243 56 concessionis

111 2426 279 60 priuilegii,
335 2426 205 60 secundo
483 2426 112 60 ex
539 2426 167 60 forma
651 2426 242 60 verborum.
837 2426 112 60 Ex
893 2426 167 60 parte
1004 2426 167 60 autem
1116 2426 167 60 finis
1228 2426 186 60 clarum
1358 2426 149 60 est,
1451 2426 149 60 quod
1544 2426 279 60 priuilegium
1748 2426 112 60 fra-

123 2481 147 59 trum
215 2481 166 59 super
325 2481 369 59 praedicationibus
639 2481 184 59 libere
768 2481 258 59 exercendis
970 2481 129 59 non
1044 2481 166 59 datur
1155 2481 129 59 nec
1228 2481 147 59 dari
1321 2481 166 59 debet
1431 2481 313 59 principaliter
1689 2481 111 59 in
1726 2481 129 59 fauo-

121 2532 120 58 rem
190 2532 206 58 fratrum.
344 2532 155 58 iuxta
447 2532 155 58 illud
550 2532 137 58 quod
636 2532 155 58 dicit
739 2532 206 58 Gregori.
894 2532 103 58 x.
945 2532 258 58 Pastoralis.
1152 2532 189 58 loquens
1289 2532 103 58 de
1341 2532 155 58 Esaia
1444 2532 120 58 qui
1512 2532 103 58 se
1564 2532 103 58 vt
1615 2532 103 58 ad
1650 2532 206 58 praedican-

123 2581 117 71 dum
190 2581 234 71 mitteretur
374 2581 250 71 voluntarius
574 2581 200 71 obtulit.
724 2581 100 71 vt
774 2581 183 71 habetur
907 2581 183 71 Esaiae.
1041 2581 117 71 vi.
1107 2581 167 71 dicit.
1224 2581 100 71 ls
1274 2581 117 71 qui
1341 2581 100 71 se
1391 2581 150 71 mitti
1491 2581 183 71 voluit,
1624 2581 133 71 ante
1691 2581 167 71 purgatum

127 2635 101 61 se
178 2635 168 61 vidit:
295 2635 101 61 ne
346 2635 118 61 non
413 2635 202 61 purgatus
564 2635 202 61 quisquam
716 2635 151 61 adire
817 2635 151 61 sacra
917 2635 202 61 mysteria
1069 2635 185 61 audeat.
1203 2635 135 61 Quia
1287 2635 168 61 igitur
1405 2635 151 61 valde
1506 2635 219 61 difficile
1674 2635 118 61 est
1724 2635 135 61 purga-

113 2696 122 60 tum
182 2696 104 60 se
234 2696 208 60 quenquam
391 2696 156 60 posse
495 2696 261 60 cognoscere,
703 2696 313 60 praedicationis
964 2696 208 60 officium
1120 2696 174 60 tutius
1242 2696 261 60 declinatur:
1450 2696 122 60 nec
1520 2696 156 60 debet
1624 2696 104 60 ad
1676 2696 122 60 hoc
1728 2696 122 60 moue-

114 2736 98 61 ri
163 2736 295 61 contemplatiuus
409 2736 213 61 desiderio
573 2736 230 61 assumente,
753 2736 115 61 sed
819 2736 131 61 sola
901 2736 246 61 necessitate
1098 2736 180 61 proximi
1229 2736 246 61 impellente,
1426 2736 98 61 vt
1475 2736 98 61 si
1524 2736 295 61 praedicationis
1754 2736 98 61 offi

117 2794 141 63 cium
205 2794 246 63 imperatur,
399 2794 106 63 si
452 2794 158 63 donis
557 2794 123 63 iam
628 2794 246 63 praeuentus
821 2794 123 63 est
892 2794 176 63 quibus
1015 2794 88 63 &
1050 2794 158 63 aliis
1156 2794 194 63 prosit:
1297 2794 88 63 &
1332 2794 106 63 ex
1385 2794 158 63 corde
1490 2794 158 63 debet
1596 2794 194 63 fugere,
1737 2794 88 63 &
1754 2794 106 63 inui

124 2844 127 61 tus
196 2844 236 61 accedere.
378 2844 218 61 secundum
541 2844 145 61 quod
632 2844 163 61 dicit
741 2844 200 61 ibidem.
886 2844 145 61 Vnde
977 2844 127 61 cum
1049 2844 309 61 praedicatione
1303 2844 200 61 fratrum
1449 2844 145 61 opus
1539 2844 127 61 non
1612 2844 200 61 fuerit,
1757 2844 91 61 &
1775 2844 91 61 hoc

120 2898 185 69 curatus
255 2898 252 69 charitatiue
456 2898 286 69 insinuauerit,
692 2898 151 69 abire
792 2898 151 69 debet
893 2898 134 69 fine
977 2898 286 69 difficultate,
1213 2898 185 69 gaudens
1347 2898 101 69 si
1397 2898 286 69 praedicatione
1633 2898 134 69 eius
1717 2898 134 69 opus
1784 2898 84 69 non

113 2954 201 63 fuerit.
259 2954 201 63 dicente
405 2954 183 63 Augus.
533 2954 146 63 xix.
625 2954 110 63 de
680 2954 219 63 ciuitate
844 2954 146 63 dei.
936 2954 165 63 Otium
1045 2954 201 63 sanctum
1191 2954 201 63 quaerit
1338 2954 238 63 charitas:
1521 2954 238 63 veritatis
1685 2954 183 63 negotium

116 3012 177 59 iustum
240 3012 212 59 suscipit
399 3012 248 59 necessitas
594 3012 265 59 charitatis.
806 3012 195 59 Propter
947 3012 141 59 quod
1036 3012 177 59 Beatus
1160 3012 248 59 Franciscus
1354 3012 106 59 in
1407 3012 177 59 regula
1531 3012 124 59 sua
1602 3012 230 59 fratribus
1761 3012 106 59 suis

125 3057 228 74 praecepit
301 3057 193 74 dicens.
441 3057 193 74 Fratres
581 3057 123 74 non
651 3057 245 74 praedicent
844 3057 105 74 in
896 3057 245 74 episcopatu
1089 3057 210 74 alicuius
1247 3057 228 74 episcopi,
1422 3057 123 74 cum
1492 3057 105 74 ab
1545 3057 105 74 eo
1597 3057 175 74 fuerit
1702 3057 158 74 contra
