2356 3656
92 276 232 92 iterari:
266 276 155 92 quod
362 276 213 92 accepit
517 276 290 92 sacramentum
749 276 348 92 poenitentiae,.
1039 276 290 92 quemadmodum
1271 276 174 92 etiam
1387 276 135 92 hoc
1464 276 271 92 acceperunt
1677 276 213 92 quaedam

118 357 148 71 alia
210 357 277 71 sacramenta:
431 357 148 71 quae
524 357 129 71 non
598 357 258 71 necessario
801 357 166 71 totum
911 357 166 71 simul
1022 357 185 71 agunt,
1151 357 148 71 quod
1244 357 203 71 possunt
1391 357 166 71 agere
1502 357 222 71 iterata,
1650 357 203 71 quemadmo-

115 406 120 76 dum
183 406 188 76 extrema
320 406 171 76 vnctio
440 406 120 76 non
509 406 171 76 tantum
629 406 154 76 auget
732 406 188 76 gratiam
869 406 154 76 semel
971 406 223 76 adhibita:
1143 406 188 76 quantum
1280 406 206 76 pluries.
1434 406 206 76 secundum
1588 406 154 76 modum
1691 406 120 76 quo
1742 406 103 76 nata

105 465 112 60 est
169 465 192 60 iterari.
313 465 128 60 Quia
394 465 160 60 aliter
506 465 128 60 nata
586 465 112 60 est
650 465 176 60 iterari
779 465 176 60 extrema
907 465 160 60 vnctio
1019 465 128 60 quam
1099 465 257 60 poenitentia.
1308 465 112 60 Nam
1372 465 241 60 poenitentia
1564 465 176 60 iterari
1693 465 160 60 potest
1789 465 64 60 se

113 521 168 64 cundum
231 521 185 64 libitum
366 521 236 64 voluntatis
551 521 168 64 ipsius
668 521 269 64 poenitentis:
887 521 118 64 non
954 521 118 64 sic
1022 521 151 64 autem
1123 521 185 64 extrema
1257 521 185 64 vnctio:
1392 521 118 64 sed
1459 521 185 64 tempore
1594 521 118 64 quo
1661 521 135 64 quis
1728 521 118 64 infir

105 564 146 66 matur
202 564 195 66 secundum
349 564 276 66 consuetudinem
576 564 228 66 ecclesiae.
755 564 146 66 Tales
852 564 146 66 autem
950 564 195 66 effectus
1096 564 163 66 varios
1210 564 81 66 &
1243 564 195 66 virtutes
1389 564 146 66 tenet
1486 564 195 66 ecclesia
1633 564 146 66 circa
1714 564 130 66 diuer-

109 624 98 57 sa
158 624 229 57 sacramenta
337 624 98 57 ex
386 624 114 57 vsu
451 624 82 57 &
484 624 229 57 traditione
664 624 131 57 quae
745 624 82 57 a
778 624 180 57 Christo
909 624 114 57 per
974 624 212 57 Apostolos
1137 624 212 57 descendit
1300 624 98 57 ad
1349 624 163 57 ipsam.
1464 624 196 57 secundum
1610 624 131 57 quod
1692 624 98 57 in
1741 624 131 57 qua-

113 676 120 74 dam
181 676 240 74 quaestione
370 676 137 74 alia
456 676 103 74 de
507 676 206 74 Quolibet
661 676 154 74 alias
764 676 291 74 declarauimus.
1004 676 103 74 De
1056 676 120 74 hoc
1124 676 154 74 etiam
1227 676 154 74 dicit
1330 676 240 74 Augustinus
1518 676 103 74 in
1570 676 154 74 libro
1673 676 103 74 ex
1707 676 137 74 dictis

107 729 195 74 Basilii.
253 729 325 74 Ecclesiasticarum
529 729 276 74 institutionum
756 729 179 74 quasdam
886 729 211 74 scriptis:
1048 729 179 74 quasdam
1178 729 130 74 vero
1260 729 227 74 Apostolica
1438 729 227 74 traditione
1617 729 114 74 per
1665 729 179 74 successo-

107 781 118 64 res
175 781 101 64 in
225 781 203 64 mysterio
378 781 254 64 confirmatas
581 781 237 64 accepimus.
767 781 101 64 vt
817 781 186 64 habetur
953 781 237 64 decretorum
1139 781 152 64 dist.
1223 781 85 64 xi.

453 830 129 66 Irca
534 830 194 66 Secundum
679 830 210 66 arguitur,
840 830 129 66 quod
921 830 194 66 erroneum
1066 830 113 66 sit
1130 830 161 66 dicere
1243 830 129 66 quod
1324 830 129 66 vere
1405 830 210 66 poenitens
1566 830 81 66 &
1598 830 210 66 confessus
1743 830 97 66 rite

449 890 225 59 absolutus
621 890 104 59 ab
673 890 104 59 eo
725 890 121 59 qui
794 890 190 59 potest,
932 890 207 59 teneatur
1088 890 155 59 eadem
1192 890 190 59 peccata
1330 890 173 59 numero
1451 890 173 59 iterum
1572 890 242 59 confiteri:
1744 890 104 59 quia

446 942 108 65 hoc
507 942 170 65 poneret
631 942 232 65 sacramentum
816 942 155 65 debere
925 942 185 65 iterari:
1064 942 124 65 quid
1141 942 185 65 erroneum
1280 942 108 65 est
1342 942 170 65 dicere.
1466 942 185 65 Quamquam
1605 942 124 65 enim
1682 942 170 65 iterari
1790 942 62 65 po

445 996 150 54 terit
545 996 183 54 aliquod
678 996 266 54 sacramentum:
895 996 116 54 non
961 996 150 54 tamen
1061 996 116 54 est
1128 996 266 54 necessarium:
1344 996 133 54 quia
1427 996 116 54 hoc
1494 996 266 54 infirmitatem
1693 996 150 54 poneret

440 1048 99 61 in
490 1048 248 61 sacramento.
688 1048 182 61 CONtra.
820 1048 231 61 propositio
1002 1048 149 61 falsa
1101 1048 99 61 in
1151 1048 215 61 pluribus:
1316 1048 132 61 quae
1398 1048 149 61 tamen
1497 1048 132 61 vera
1580 1048 116 61 est
1646 1048 99 61 in
1695 1048 182 61 aliqui-

435 1098 117 65 bus
502 1098 200 65 casibus:
652 1098 117 65 non
719 1098 117 65 est
785 1098 250 65 simpliciter
985 1098 183 65 erronea
1119 1098 233 65 indefinite
1302 1098 200 65 accepta:
1452 1098 133 65 quia
1535 1098 233 65 propositio
1702 1098 150 65 erronea

103 1155 152 57 debet
205 1155 135 57 esse
289 1155 254 57 vsquequaque
492 1155 169 57 falsa.
611 1155 237 57 propositio
797 1155 102 57 in
848 1155 237 57 quaestione
1034 1155 220 57 proposita
1204 1155 119 57 est
1271 1155 237 57 huiusmodi:
1458 1155 135 57 quia
1542 1155 169 57 aliqui
1661 1155 152 57 casus
1745 1155 102 57 sunt

104 1209 118 67 vel
172 1209 185 67 possunt
306 1209 152 67 esse:
407 1209 101 67 in
458 1209 169 67 quibus
576 1209 185 67 tenetur
711 1209 135 67 quis
795 1209 169 67 iterum
913 1209 236 67 confiteri.
1098 1209 135 67 ergo
1183 1209 118 67 &c.
1250 1209 135 67 ltem
1334 1209 101 67 ex
1385 1209 219 67 voluntate
1554 1209 169 67 potest
1671 1209 135 67 quis
1739 1209 101 67 vere

109 1262 210 60 poenitens
270 1262 81 60 &
302 1262 210 60 confessus
464 1262 129 60 rite
544 1262 210 60 absolutus
705 1262 97 60 ab
754 1262 97 60 eo
802 1262 113 60 qui
867 1262 177 60 potest,
996 1262 145 60 eadem
1092 1262 177 60 peccata
1221 1262 177 60 pluries
1350 1262 226 60 confiteri.
1528 1262 113 60 sed
1592 1262 129 60 quod
1673 1262 161 60 potest
1769 1262 81 60 ali

97 1313 126 63 quis
176 1313 158 63 facere
287 1313 95 63 ex
334 1313 221 63 voluntate,
508 1313 95 63 in
555 1313 126 63 casu
634 1313 158 63 potest
744 1313 142 63 eidem
839 1313 205 63 praecipi:
997 1313 126 63 quod
1076 1313 126 63 tunc
1155 1313 174 63 tenetur
1281 1313 158 63 facere
1391 1313 95 63 ex
1439 1313 253 63 necessitate.
1644 1313 126 63 ergo
1723 1313 110 63 &c.
1770 1313 79 63 Hic

105 1367 165 71 oportet
225 1367 90 71 in
270 1367 196 71 principio
421 1367 226 71 considerare
601 1367 120 71 quae
677 1367 211 71 propositio
842 1367 90 71 in
887 1367 181 71 doctrina
1023 1367 135 71 fidei
1113 1367 165 71 proprie
1233 1367 135 71 debet
1323 1367 120 71 dici
1399 1367 150 71 falsa,
1504 1367 75 71 &
1534 1367 120 71 quae
1609 1367 181 71 erronea,
1745 1367 75 71 &
1775 1367 105 71 qua

103 1417 232 56 haeretica:
286 1417 133 56 quia
369 1417 133 56 omne
451 1417 232 56 haereticum
634 1417 199 56 erroneum
783 1417 133 56 est:
866 1417 83 56 &
899 1417 133 56 omne
982 1417 199 56 erroneum
1131 1417 182 56 falsum:
1263 1417 116 56 sed
1329 1417 116 56 non
1396 1417 232 56 econuerso.
1578 1417 166 56 Falsum
1694 1417 133 56 enim
1760 1417 83 56 ab-

104 1462 148 71 solute
208 1462 104 71 est
267 1462 118 71 quod
341 1462 148 71 aliter
445 1462 104 71 est
504 1462 89 71 in
548 1462 89 71 re
593 1462 118 71 quam
667 1462 207 71 exprimitur
830 1462 89 71 in
874 1462 252 71 propositione.
1081 1462 163 71 quoniam
1200 1462 178 71 secundum
1333 1462 222 71 philosophum
1511 1462 89 71 ab
1555 1462 89 71 eo
1599 1462 118 71 quod
1673 1462 104 71 res
1733 1462 104 71 est
1777 1462 74 71 vel

104 1521 112 63 non
168 1521 112 63 est
232 1521 192 63 scilicet
376 1521 240 63 quemadmodum
568 1521 128 63 ipsa
648 1521 192 63 oratione
792 1521 240 63 exprimitur,
984 1521 176 63 dicitur
1111 1521 160 63 oratio
1223 1521 128 63 vera
1303 1521 112 63 vel
1367 1521 160 63 falsa.
1479 1521 96 63 Si
1527 1521 128 63 enim
1607 1521 112 63 ita
1671 1521 112 63 est
1735 1521 96 63 vt
1767 1521 80 63 ex-

106 1574 195 63 primitur,
256 1574 135 63 vera:
346 1574 90 63 si
391 1574 105 63 non
451 1574 120 63 ita,
526 1574 105 63 est
587 1574 150 63 falsa.
692 1574 105 63 Sed
752 1574 105 63 non
812 1574 90 63 ex
857 1574 105 63 hoc
917 1574 150 63 statim
1022 1574 165 63 dicitur
1142 1574 165 63 erronea
1262 1574 105 63 vel
1322 1574 225 63 haeretica,.
1503 1574 120 63 quia
1578 1574 105 63 non
1638 1574 165 63 dicitur
1743 1574 105 63 propo

99 1638 143 56 sitio
194 1638 174 56 erronea
321 1638 111 56 vel
384 1638 206 56 haeretica
543 1638 95 56 in
590 1638 190 56 doctrina
733 1638 143 56 fidei
828 1638 127 56 nisi
907 1638 127 56 quae
986 1638 143 56 falsa
1081 1638 111 56 est
1145 1638 143 56 circa
1240 1638 95 56 ea
1287 1638 127 56 quae
1367 1638 143 56 fidei
1462 1638 111 56 vel
1525 1638 143 56 morum
1620 1638 143 56 sunt:
1715 1638 111 56 vel
1763 1638 79 56 eis

103 1682 216 62 propinqua
270 1682 116 62 vel
336 1682 166 62 annexa
453 1682 133 62 siue
536 1682 266 62 cohaerentia.
752 1682 133 62 Vnde
835 1682 150 62 falsa
935 1682 133 62 quae
1018 1682 133 62 sunt
1101 1682 150 62 circa
1201 1682 166 62 talia,
1318 1682 150 62 falsa
1418 1682 166 62 tantum
1534 1682 133 62 sunt
1617 1682 83 62 &
1650 1682 116 62 non
1700 1682 150 62 erronea

96 1736 144 58 neque
192 1736 223 58 haeretica.
367 1736 191 58 Erroneum
511 1736 128 58 vero
590 1736 175 58 proprie
718 1736 112 58 est
782 1736 128 58 quod
861 1736 96 58 in
909 1736 191 58 doctrina
1053 1736 144 58 fidei
1148 1736 159 58 falsum
1260 1736 128 58 est:
1340 1736 112 58 non
1404 1736 144 58 circa
1499 1736 96 58 ea
1547 1736 128 58 quae
1611 1736 239 58 principaliter

98 1788 148 62 fidei
196 1788 148 62 sunt:
295 1788 115 62 sed
361 1788 148 62 circa
460 1788 99 62 ea
510 1788 132 62 quae
592 1788 132 62 sunt
675 1788 115 62 eis
741 1788 181 62 annexa.
873 1788 165 62 Quorum
988 1788 198 62 falsitas
1137 1788 214 62 redundare
1302 1788 165 62 potest
1417 1788 99 62 in
1467 1788 99 62 ea
1516 1788 132 62 quae
1599 1788 132 62 sunt
1681 1788 165 62 fidei:
1780 1788 66 62 vt

99 1839 138 65 ipsis
191 1839 169 65 positis
313 1839 199 65 sequantur
466 1839 92 65 ea
512 1839 123 65 quae
589 1839 123 65 sunt
665 1839 138 65 fidei
757 1839 214 65 contraria.
926 1839 107 65 Sed
987 1839 107 65 non
1048 1839 92 65 ex
1094 1839 107 65 hoc
1156 1839 184 65 statimdi
1294 1839 214 65 propositio
1462 1839 169 65 proprie
1585 1839 214 65 haeretica:
1753 1839 123 65 quia

95 1892 114 60 non
160 1892 179 60 dicitur
290 1892 227 60 propositio
468 1892 179 60 proprie
598 1892 227 60 haeretica:
777 1892 130 60 nisi
858 1892 130 60 quia
939 1892 114 60 est
1004 1892 179 60 directe
1134 1892 162 60 alicui
1248 1892 146 60 eorum
1345 1892 130 60 quae
1427 1892 130 60 sunt
1508 1892 146 60 fidei
1605 1892 114 60 vel
1670 1892 162 60 morum,
1768 1892 81 60 con

91 1945 183 67 traria.
224 1945 133 67 Quia
307 1945 166 67 igitur
424 1945 133 67 omne
507 1945 199 67 erroneum
656 1945 116 67 est
723 1945 183 67 falsum:
855 1945 282 67 considerandum
1088 1945 116 67 est
1154 1945 149 67 circa
1254 1945 216 67 articulum
1420 1945 233 67 propositae
1603 1945 249 67 quaestionis
1786 1945 66 67 de

96 2008 176 67 veritate
228 2008 73 67 &
258 2008 191 67 falsitate
405 2008 117 67 eius
478 2008 176 67 secundum
610 2008 117 67 quod
683 2008 220 67 indefinite,
860 2008 73 67 &
889 2008 176 67 secundum
1021 2008 117 67 quod
1094 2008 132 67 velit
1182 2008 205 67 accipitur,
1344 2008 103 67 tam
1403 2008 235 67 affirmatiuae
1593 2008 117 67 quam
1667 2008 205 67 negatiuae:

101 2051 100 58 vt
151 2051 100 58 si
201 2051 150 58 simul
301 2051 150 58 veras
401 2051 133 58 esse
484 2051 217 58 poterimus
651 2051 217 58 ostendere
817 2051 266 58 indefinitas:
1034 2051 133 58 luce
1117 2051 183 58 clarius
1250 2051 133 58 erit
1334 2051 133 58 quod
1417 2051 150 58 nullo
1517 2051 133 58 modo
1600 2051 167 58 ponere
1700 2051 150 58 poterit

100 2108 164 71 aliquis
219 2108 104 71 eas
279 2108 119 71 esse
353 2108 208 71 haereticas
517 2108 104 71 aut
576 2108 193 71 erroneas:
725 2108 134 71 neque
814 2108 104 71 vnd
873 2108 178 71 scilicet
1007 2108 134 71 neque
1096 2108 178 71 alteram.
1230 2108 89 71 AD
1275 2108 134 71 cuius
1364 2108 223 71 intellectum
1543 2108 178 71 sciendum
1676 2108 119 71 est:
1751 2108 119 71 quod

91 2160 171 67 magis
205 2160 247 67 generalem
395 2160 285 67 quaestionem
624 2160 171 67 mouet
738 2160 247 67 Raimundus
928 2160 114 67 in
986 2160 171 67 summa
1100 2160 133 67 sua
1176 2160 114 67 de
1233 2160 209 67 casibus
1385 2160 133 67 sub
1461 2160 133 67 hac
1537 2160 190 67 forma.
1671 2160 133 67 Sed
1728 2160 114 67 num-

91 2212 136 69 quid
176 2212 187 69 peccata
312 2212 153 69 semel
415 2212 204 69 confessa
568 2212 187 69 tenemur
704 2212 170 69 iterum
824 2212 239 69 confiteri:
1011 2212 102 69 Et
1062 2212 222 69 respondet
1233 2212 204 69 continuo
1386 2212 204 69 subdens.
1539 2212 153 69 Dicas
1642 2212 136 69 quod
1727 2212 119 69 non
1778 2212 68 69 re

92 2264 217 67 gulariter,
262 2264 93 67 vt
308 2264 170 67 habetur
432 2264 93 67 de
478 2264 247 67 poenitentia.
679 2264 139 67 dist.
772 2264 93 67 i.
818 2264 108 67 His
880 2264 294 67 auctoritatibus.
1128 2264 93 67 in
1174 2264 124 67 ver.
1251 2264 108 67 Non
1313 2264 108 67 est
1375 2264 124 67 ita.
1452 2264 108 67 vbi
1514 2264 186 67 dicitur:
1653 2264 108 67 Non
1715 2264 108 67 est
1762 2264 77 67 ne-

89 2317 149 67 cesse
189 2317 99 67 vt
238 2317 132 67 quae
321 2317 149 67 semel
420 2317 215 67 sacerdoti
585 2317 198 67 confessi
734 2317 182 67 fuimus:
866 2317 149 67 denuo
965 2317 264 67 confiteamur.
1179 2317 116 67 Est
1245 2317 149 67 autem
1345 2317 248 67 aduertendum
1543 2317 132 67 quod
1625 2317 149 67 dicit
1708 2317 132 67 regula

89 2372 161 60 riter:
201 2372 112 60 per
266 2372 112 60 hoc
330 2372 209 60 insinuans
490 2372 128 60 quod
571 2372 145 60 tamen
667 2372 193 60 teneamur
811 2372 96 60 in
860 2372 193 60 casibus.
1004 2372 161 60 Regula
1117 2372 128 60 enim
1197 2372 96 60 vt
1245 2372 161 60 dicunt
1357 2372 241 60 grammatici,
1550 2372 112 60 est
1614 2372 193 60 generale
1759 2372 112 60 do-

89 2422 198 59 cumentum
238 2422 149 59 plura
337 2422 99 59 in
387 2422 116 59 vna
453 2422 265 59 similitudine
668 2422 231 59 continens:
850 2422 99 59 in
900 2422 215 59 aliquibus
1065 2422 149 59 tamen
1164 2422 231 59 deficiens.
1346 2422 182 59 Propter
1478 2422 132 59 quod
1561 2422 182 59 necesse
1693 2422 116 59 est
1743 2422 99 59 regu

94 2478 120 56 las
162 2478 222 56 generales
333 2478 256 56 grammaticae
538 2478 256 56 frequentius
743 2478 120 56 per
811 2478 171 56 plures
931 2478 256 56 exceptiones
1136 2478 256 56 verificari:
1341 2478 256 56 quemadmodum
1546 2478 154 56 etiam
1631 2478 205 56 frequenter

94 2530 236 64 philosophus
283 2530 173 64 regulas
409 2530 299 64 considerationum
660 2530 157 64 suarum
770 2530 110 64 per
833 2530 236 64 exceptiones
1022 2530 94 64 in
1069 2530 173 64 Topicis
1195 2530 220 64 verificat.
1367 2530 126 64 Vnde
1446 2530 204 64 Raimundus
1603 2530 126 64 post
1666 2530 173 64 praedicta

101 2592 141 50 verba
195 2592 110 50 sua
258 2592 188 50 continuo
399 2592 203 50 subiungit
555 2592 172 50 dicens.
680 2592 157 50 Solent
790 2592 141 50 tamen
884 2592 172 50 excipi.
1009 2592 141 50 iiii.
1103 2592 141 50 casus
1197 2592 94 50 in
1244 2592 157 50 quibus
1353 2592 172 50 tenemur
1479 2592 157 50 iterum
1588 2592 219 50 confiteri.
1745 2592 78 50 qui

87 2640 184 65 notantur
225 2640 92 65 in
271 2640 154 65 glossa
379 2640 123 65 supe
455 2640 123 65 illo
532 2640 138 65 verbo
624 2640 154 65 Denuo.
732 2640 108 65 Est
793 2640 138 65 etiam
886 2640 169 65 praeter
1009 2640 138 65 illos
1101 2640 169 65 aliquis
1224 2640 154 65 alius:
1331 2640 92 65 vt
1377 2640 108 65 iam
1439 2640 184 65 patebit.
1577 2640 184 65 Secundum
1700 2640 123 65 igitur

86 2687 139 64 hunc
172 2687 156 64 modum
277 2687 261 64 respondemus
485 2687 104 64 de
537 2687 208 64 veritate
694 2687 87 64 &
728 2687 226 64 falsitate
902 2687 243 64 propositae
1093 2687 278 64 quaestionis.
1319 2687 156 64 Primo
1423 2687 191 64 dicendo
1562 2687 139 64 quod
1649 2687 139 64 vere
1719 2687 104 64 poe-

83 2740 163 67 nitens
197 2740 82 67 &
230 2740 212 67 confessus
393 2740 114 67 &c.
458 2740 114 67 non
524 2740 180 67 tenetur
655 2740 245 67 regulariter
851 2740 147 67 eadem
949 2740 180 67 peccata
1079 2740 114 67 iam
1145 2740 196 67 confessa
1292 2740 163 67 iterum
1406 2740 229 67 confiteri:
1586 2740 147 67 neque
1668 2740 163 67 scilise.

93 2795 137 72 eidem
184 2795 213 72 confessori
352 2795 137 72 neque
443 2795 168 72 alteri.
565 2795 152 72 Potest
672 2795 137 72 tamen
763 2795 152 72 teneri
870 2795 91 72 in
915 2795 137 72 casu.
1007 2795 91 72 Et
1052 2795 107 72 sic
1113 2795 137 72 neque
1205 2795 228 72 affirmatiua
1387 2795 213 72 indefinite
1555 2795 183 72 accepta:
1692 2795 137 72 neque
1768 2795 61 72 si

82 2840 191 67 militer
220 2840 208 67 negatiua
376 2840 260 67 vsquequaque
585 2840 243 67 concedenda
775 2840 139 67 est:
862 2840 156 67 neque
966 2840 208 67 neganda:
1122 2840 277 67 considerando
1347 2840 191 67 naturam
1486 2840 139 67 rei:
1573 2840 121 67 sed
1642 2840 121 67 sub
1712 2840 139 67 alia
1781 2840 52 67 &

83 2899 126 65 alia
162 2899 284 65 determinatione
399 2899 174 65 vtraque
526 2899 221 65 concedenda
699 2899 126 65 est:
778 2899 79 65 &
810 2899 221 65 negandiae.
984 2899 190 65 scilicet
1126 2899 126 65 quod
1205 2899 126 65 vere
1284 2899 205 65 poenitens
1442 2899 79 65 &
1474 2899 205 65 confessus
1632 2899 79 65 &
1663 2899 95 65 c.
1695 2899 142 65 tenetur

89 2952 144 60 eadem
185 2952 176 60 peccata
313 2952 160 60 iterum
425 2952 208 60 confiteri
585 2952 112 60 sub
649 2952 288 60 determinatione
889 2952 192 60 scilicet
1034 2952 96 60 in
1082 2952 144 60 casu,
1178 2952 80 60 &
1210 2952 128 60 quod
1290 2952 112 60 non
1354 2952 176 60 tenetur
1482 2952 112 60 sub
1546 2952 128 60 alia
1610 2952 224 60 determinatio

86 3006 92 64 ne
132 3006 184 64 scilicet
269 3006 245 64 regulariter.
468 3006 184 64 Negandum
606 3006 107 64 est
667 3006 138 64 etiam
759 3006 168 64 alterum
881 3006 168 64 illorum
1004 3006 107 64 sub
1065 3006 275 64 determinatione
1294 3006 214 64 contraria:
1463 3006 122 64 quia
1539 3006 184 64 negandum
1677 3006 107 64 est
1738 3006 122 64 quod

78 3054 199 68 teneatur
228 3054 265 68 regulariter,
443 3054 83 68 &
476 3054 215 68 similiter
642 3054 199 68 negandum
791 3054 116 68 est
857 3054 133 68 quod
940 3054 116 68 non
1006 3054 199 68 teneatur
1156 3054 99 68 in
1205 3054 149 68 casu.
1305 3054 83 68 &
1338 3054 116 68 sic
1404 3054 166 68 neutra
1520 3054 182 68 istarum
1653 3054 116 68 est
1719 3054 149 68 vsque

81 3116 156 84 quaque
191 3116 125 84 vera
269 3116 141 84 neque
362 3116 141 84 vsque
456 3116 156 84 quaque
565 3116 156 84 falsa:
675 3116 109 84 cum
737 3116 109 84 sit
800 3116 94 84 in
846 3116 125 84 casu
924 3116 156 84 falsa:
1034 3116 141 84 licet
1127 3116 234 84 regulariter
1315 3116 141 84 etiam
1408 3116 141 84 vera.
1502 3116 141 84 Talis
1596 3116 141 84 autem
1674 3116 156 84 proposi
