2437 3681
409 269 161 65 nudae
516 269 179 65 emptae
642 269 215 65 fuerunt:
803 269 215 65 vendendo
964 269 161 65 super
1071 269 215 65 praetium
1232 269 197 65 mercium
1375 269 161 65 ipsam
1483 269 322 65 translationem.
1751 269 107 65 Et
1805 269 215 65 secundum
1966 269 125 65 hoc
2037 269 125 65 cum
2091 269 125 65 iuxta

419 329 223 67 Philosophum
598 329 119 67 duae
672 329 119 67 sint
746 329 164 67 species
865 329 208 67 mercatiuae
1029 329 193 67 scientiae
1178 329 149 67 merces
1282 329 238 67 transferendi
1475 329 89 67 de
1520 329 119 67 loco
1594 329 89 67 ad
1639 329 149 67 locum:
1743 329 134 67 Prima
1832 329 208 67 naucleria:
1996 329 119 67 quae
2055 329 164 67 exercetur

420 377 263 75 transferendo
633 377 164 75 merces
748 377 180 75 nauibus
879 377 115 75 per
945 377 148 75 mare:
1043 377 180 75 Secunda
1174 377 213 75 fortigia:
1338 377 131 75 quae
1420 377 213 75 exercetur
1585 377 263 75 transferendo
1798 377 164 75 merces
1913 377 148 75 equis
2011 377 82 75 &
2044 377 148 75 mulis
2126 377 82 75 per

415 443 188 57 terras:
552 443 222 57 Naucleria
723 443 154 57 habet
825 443 188 57 maiorem
962 443 308 57 excrescentiam,
1218 443 85 57 &
1253 443 154 57 facit
1355 443 154 57 maius
1458 443 171 57 lucrum
1577 443 256 57 pecuniarum:
1783 443 137 57 quia
1868 443 171 57 citius
1988 443 85 57 &
2022 443 120 57 sub
2090 443 154 57 mino-

417 489 136 74 ribus
508 489 181 74 expensis
643 489 196 74 transfert
794 489 151 74 merces
900 489 91 74 ad
945 489 121 74 loca
1021 489 196 74 remotiora
1172 489 91 74 in
1217 489 151 74 quibus
1323 489 166 74 fuerint
1444 489 136 74 magis
1534 489 227 74 praetiosae.
1716 489 196 74 Similiter
1867 489 91 74 in
1912 489 196 74 mutatione
2063 489 106 74 rei
2108 489 106 74 ratio

429 539 89 67 ne
474 539 193 67 temporis:
622 539 134 67 sicut
711 539 89 67 in
756 539 193 67 mutatione
904 539 163 67 ratione
1023 539 134 67 loci.
1112 539 134 67 Sicut
1201 539 119 67 enim
1276 539 134 67 vtile
1365 539 104 67 est
1424 539 89 67 ad
1469 539 223 67 acquirendam
1647 539 178 67 pecuniam
1780 539 119 67 esse
1855 539 178 67 expartum
1988 539 134 67 circa
2063 539 148 67 possessi

430 601 151 63 bilia:
536 601 151 63 qualia
642 601 91 63 in
687 601 151 63 quibus
793 601 136 63 locis
883 601 121 63 sunt
959 601 121 63 rara
1035 601 76 63 &
1065 601 212 63 praetiosa:
1231 601 121 63 quia
1307 601 91 63 in
1352 601 136 63 aliis
1443 601 76 63 &
1473 601 136 63 aliis
1564 601 136 63 locis
1655 601 121 63 alia
1730 601 76 63 &
1760 601 121 63 alia
1836 601 197 63 abundant,
1987 601 91 63 vt
2033 601 151 63 dictum
2123 601 91 63 est:

422 658 103 57 ita
481 658 132 57 vtile
569 658 103 57 est
628 658 88 57 ad
672 658 221 57 acquirendum
849 658 177 57 pecuniam
981 658 118 57 esse
1055 658 177 57 expartum
1187 658 147 57 qualia
1290 658 88 57 in
1334 658 147 57 quibus
1437 658 206 57 temporibus
1599 658 118 57 sunt
1673 658 118 57 rara
1746 658 74 57 &
1776 658 206 57 praetiosa.
1937 658 118 57 alia
2011 658 118 57 enim
2085 658 88 57 in
2114 658 103 57 aliis

430 704 208 62 temporibus
593 704 193 62 abundant.
742 704 74 62 &
771 704 119 62 ideo
845 704 133 62 empta
934 704 148 62 vilius
1038 704 89 62 in
1083 704 163 62 tempore
1201 704 104 62 quo
1261 704 193 62 abundant:
1409 704 148 62 quando
1513 704 119 62 sunt
1587 704 148 62 vilia:
1691 704 193 62 custodita
1839 704 89 62 in
1884 704 163 62 aliquae
2002 704 148 62 tempus
2091 704 119 62 quando

431 755 110 69 sunt
500 755 124 69 rara:
583 755 97 69 iam
638 755 97 69 per
693 755 179 69 custodiam
831 755 165 69 temporis
955 755 124 69 facta
1038 755 110 69 sunt
1107 755 193 69 praetiosa:
1259 755 69 69 &
1286 755 124 69 vendi
1369 755 165 69 praesent
1493 755 152 69 carius:
1603 755 124 69 sicut
1686 755 138 69 dictum
1783 755 97 69 est
1838 755 83 69 de
1879 755 193 69 translatis
2031 755 97 69 per
2086 755 124 69 loca.
2155 755 55 69 Si

420 811 156 67 militer
533 811 71 67 &
562 811 85 67 in
604 811 185 67 mutatione
747 811 99 67 rei
803 811 156 67 ratione
917 811 170 67 ementis,
1045 811 71 67 &
1073 811 99 67 hoc
1130 811 156 67 ratione
1244 811 199 67 industriae
1400 811 128 67 eius.
1485 811 128 67 vtile
1571 811 114 67 enim
1642 811 99 67 est
1699 811 85 67 vt
1741 811 128 67 dicit
1826 811 227 67 Philosophus,
2011 811 170 67 expartum
2125 811 85 67 esse

430 865 128 69 circa
515 865 242 69 possessibilia
714 865 156 69 quaelia
828 865 114 69 sunt
899 865 270 69 praetiosissima,
1126 865 85 69 vt
1169 865 114 69 puta
1240 865 171 69 equorum,
1368 865 128 69 boum,
1453 865 100 69 aut
1510 865 142 69 ouium,
1610 865 71 69 &
1638 865 199 69 caeterorum
1795 865 199 69 animalium.
1951 865 114 69 Quod
2022 865 114 69 enim
2079 865 128 69 estprae

425 911 178 73 tiosius,
559 911 148 73 carius
662 911 133 73 vendi
751 911 163 73 potest.
870 911 119 73 Vnde
944 911 89 73 si
988 911 163 73 aliquis
1107 911 89 73 in
1151 911 119 73 foro
1225 911 104 73 vbi
1285 911 193 73 venduntur
1433 911 119 73 equi
1507 911 252 73 expertissimus
1714 911 104 73 sit
1774 911 133 73 circa
1862 911 163 73 equorum
1966 911 252 73 praetiositatem,

428 982 76 55 &
458 982 122 55 scit
534 982 137 55 ipsos
626 982 304 55 intercognoscere:
884 982 91 55 vt
930 982 91 55 in
976 982 167 55 emendis
1097 982 137 55 equis
1189 982 183 55 quilibet
1326 982 228 55 certificari
1508 982 152 55 possit
1615 982 137 55 circa
1706 982 274 55 praetiositatem
1934 982 183 55 equorum:
2071 982 91 55 si
2101 982 107 55 decer

438 1023 109 68 nat
501 1023 140 68 inter
594 1023 140 68 equos
687 1023 109 68 qui
750 1023 187 68 secundum
890 1023 171 68 commnem
1014 1023 156 68 cursum
1123 1023 124 68 fori
1201 1023 171 68 valeant
1325 1023 187 68 praetium
1465 1023 109 68 quo
1527 1023 218 68 offeruntur
1699 1023 78 68 a
1730 1023 218 68 venditore:
1901 1023 140 68 aliis
1994 1023 109 68 hoc
2041 1023 171 68 ignoranti

428 1078 122 75 bus:
504 1078 122 75 quia
580 1078 137 75 circa
671 1078 167 75 equorum
793 1078 167 75 valorem
915 1078 137 75 minus
1006 1078 167 75 exparti
1128 1078 137 75 sunt:
1219 1078 91 75 si
1265 1078 122 75 ille
1341 1078 167 75 peritus
1462 1078 167 75 equorum
1584 1078 137 75 equos
1675 1078 137 75 illos
1767 1078 183 75 valentes
1904 1078 183 75 praetium
2041 1078 122 75 suum
2101 1078 107 75 emat,

433 1131 82 69 &
465 1131 115 69 cum
531 1131 115 69 eos
596 1131 180 69 emerit:
727 1131 131 69 alii
809 1131 262 69 cognoscentes
1022 1131 131 69 eius
1103 1131 229 69 industriam
1283 1131 147 69 circa
1382 1131 147 69 equos
1480 1131 164 69 statim
1594 1131 245 69 certificati
1791 1131 115 69 per
1856 1131 115 69 eum
1922 1131 82 69 &
1954 1131 131 69 eius
2020 1131 196 69 industriam

433 1185 149 69 sciunt
537 1185 119 69 quod
612 1185 119 69 equi
687 1185 119 69 illi
761 1185 149 69 valent
866 1185 179 69 praetium
1000 1185 134 69 suum,
1089 1185 75 69 &
1119 1185 89 69 ex
1164 1185 104 69 hoc
1224 1185 104 69 per
1283 1185 119 69 opus
1358 1185 209 69 industriae
1522 1185 119 69 eius
1596 1185 134 69 circa
1686 1185 134 69 equos
1775 1185 149 69 statim
1880 1185 134 69 facti
1969 1185 119 69 sunt
2029 1185 179 69 praetiosio

433 1246 114 59 res
498 1246 97 59 vt
546 1246 146 59 illis
644 1246 146 59 magis
741 1246 179 59 valeant
871 1246 179 59 propter
1001 1246 243 59 securitatem
1196 1246 179 59 valoris
1325 1246 146 59 iusti
1423 1246 130 59 quam
1504 1246 162 59 prius:
1618 1246 114 59 sic
1682 1246 179 59 propter
1812 1246 146 59 talem
1910 1246 227 59 mutationem
2072 1246 146 59 aestima

435 1296 156 67 tionis
544 1296 140 67 circa
638 1296 171 67 valorem
763 1296 171 67 equorum
887 1296 125 67 bene
965 1296 156 67 potest
1074 1296 125 67 iste
1152 1296 156 67 statim
1261 1296 140 67 equos
1354 1296 125 67 suos
1432 1296 249 67 aliquantulum
1635 1296 156 67 carius
1744 1296 171 67 vendere
1868 1296 140 67 supra
1962 1296 156 67 primum
2055 1296 156 67 praetium

440 1346 178 70 equorum
569 1346 194 70 vendendo
714 1346 129 70 opus
795 1346 226 70 industriae
973 1346 145 70 suae:
1070 1346 129 70 quid
1150 1346 145 70 circa
1247 1346 145 70 equos
1344 1346 145 70 illos
1441 1346 194 70 exercuit
1586 1346 97 70 in
1635 1346 161 70 emendo
1748 1346 129 70 eos.
1828 1346 145 70 Istis
1925 1346 161 70 igitur
2038 1346 145 70 modis
2119 1346 97 70 lici

436 1398 111 69 tum
500 1398 111 69 est
563 1398 159 69 vilius
675 1398 159 69 emere,
786 1398 80 69 &
818 1398 159 69 carius
929 1398 191 69 vendere:
1072 1398 111 69 non
1136 1398 143 69 ipsam
1231 1398 111 69 rem
1295 1398 159 69 nudam:
1406 1398 111 69 sed
1470 1398 207 69 immutatam
1629 1398 159 69 dictis
1740 1398 143 69 modis
1835 1398 111 69 vel
1899 1398 143 69 aliis
1978 1398 223 69 consimilibus

439 1461 97 70 si
487 1461 260 70 inueniantur.
699 1461 114 70 PER
764 1461 114 70 iam
829 1461 146 70 dicta
926 1461 162 70 patent
1040 1461 195 70 obiecta.
1186 1461 97 70 Ad
1235 1461 179 70 primum,
1364 1461 130 70 quod
1446 1461 162 70 vilius
1559 1461 146 70 emens
1657 1461 97 70 vt
1706 1461 162 70 carius
1819 1461 162 70 vendat
1933 1461 114 70 est
1998 1461 195 70 mercator
2128 1461 81 70 qui

451 1520 174 55 eiicitur
581 1520 87 55 de
624 1520 159 55 templo:
740 1520 174 55 Dicendum
871 1520 116 55 quod
943 1520 130 55 verum
1030 1520 101 55 est
1088 1520 145 55 quando
1190 1520 145 55 carius
1291 1520 145 55 vendit
1393 1520 101 55 rem
1451 1520 87 55 in
1494 1520 130 55 nullo
1581 1520 203 55 immutatam:
1741 1520 101 55 non
1799 1520 130 55 autem
1886 1520 145 55 quando
1987 1520 145 55 vendit
2089 1520 101 55 eam
2132 1520 87 55 muta

445 1559 126 67 tam:
524 1559 95 67 vt
572 1559 158 67 dictum
682 1559 126 67 est.
761 1559 95 67 Ad
809 1559 205 67 secundum:
967 1559 126 67 quod
1046 1559 158 67 vilius
1156 1559 158 67 emens,
1267 1559 79 67 &
1298 1559 158 67 carius
1409 1559 174 67 vendens
1536 1559 111 67 aut
1599 1559 126 67 emit
1678 1559 142 67 minus
1773 1559 142 67 iusto
1867 1559 190 67 praetio:
2010 1559 111 67 aut
2073 1559 174 67 vendit:

454 1616 184 69 Dicendum
592 1616 123 69 quod
668 1616 153 69 verum:
776 1616 153 69 quando
883 1616 107 69 res
945 1616 92 69 in
991 1616 138 69 nullo
1083 1616 107 69 est
1144 1616 169 69 mutata:
1267 1616 153 69 quando
1374 1616 123 69 vero
1451 1616 107 69 est
1512 1616 153 69 mutata
1620 1616 153 69 aliquo
1727 1616 184 69 dictorum
1865 1616 184 69 modorum,
2003 1616 107 69 non
2065 1616 107 69 est
2111 1616 107 69 verum

445 1668 129 66 vnde
526 1668 97 66 si
574 1668 162 66 multis
687 1668 145 66 equis
784 1668 97 66 in
833 1668 162 66 multis
946 1668 178 66 nauibus
1075 1668 194 66 deductis
1220 1668 97 66 ad
1269 1668 162 66 portum
1382 1668 178 66 aliquis
1511 1668 129 66 emat
1592 1668 129 66 vnum
1673 1668 145 66 equum
1770 1668 145 66 iusto
1867 1668 178 66 praetio
1996 1668 145 66 iuxta
2077 1668 145 66 pretium

443 1723 173 69 equorum
569 1723 94 69 in
616 1723 205 69 praesenti
774 1723 205 69 venalium:
931 1723 94 69 si
978 1723 157 69 statim
1089 1723 142 69 omnes
1183 1723 189 69 habentes
1325 1723 142 69 equos
1419 1723 173 69 venales
1545 1723 205 69 extollant
1703 1723 142 69 vela,
1797 1723 79 69 &
1828 1723 110 69 cum
1891 1723 142 69 equis
1986 1723 126 69 suis
2049 1723 173 69 recedant,

448 1781 84 66 &
482 1781 186 66 propter
617 1781 219 66 raritatem
785 1781 135 66 ille
870 1781 135 66 vnus
954 1781 152 66 equus
1055 1781 169 66 factus
1173 1781 118 66 sit
1241 1781 186 66 carior:
1376 1781 118 66 non
1443 1781 118 66 est
1511 1781 219 66 illicitum
1679 1781 101 66 vt
1730 1781 169 66 statim
1848 1781 118 66 eum
1915 1781 152 66 multo
2017 1781 135 66 plus
2084 1781 135 66 vendat

449 1829 147 81 quam
540 1829 165 81 emit,
651 1829 202 81 propter
798 1829 184 81 solius
926 1829 165 81 horae
1036 1829 294 81 immutationem
1275 1829 165 81 circa
1367 1829 147 81 equum.

776 1868 178 82 Equuntur
910 1868 223 82 quaestiones
1088 1868 223 82 pertinentes
1266 1868 89 82 ad
1311 1868 148 82 tempus
1414 1868 193 82 vendendi,
1563 1868 74 82 &
1593 1868 252 82 proponebantur
1800 1868 134 82 duae.
1889 1868 119 82 Vna:
1964 1868 89 82 si
2008 1868 148 82 liceat
2112 1868 134 82 forum

756 1909 168 93 tenere
874 1909 101 93 in
924 1909 118 93 die
992 1909 202 93 dominico
1143 1909 151 93 rerum
1244 1909 202 93 venalium
1396 1909 101 93 ad
1446 1909 219 93 vendendum
1614 1909 84 93 &
1648 1909 202 93 emendum.
1799 1909 202 93 Secunda:
1951 1909 151 93 vtrum
2035 1909 185 93 Episcopus

766 1980 128 68 loci
846 1980 128 68 sine
926 1980 192 68 periculo
1070 1980 176 68 peccati
1197 1980 192 68 mortalis
1341 1980 160 68 possit
1453 1980 144 68 ipsum
1549 1980 224 68 permittere
1725 1980 96 68 ne
1773 1980 224 68 prohibeat.
1948 1980 96 68 Et
1980 1980 240 68 proponebantur

776 2045 151 58 ambae
877 2045 134 58 sine
961 2045 252 58 argumentis.
1163 2045 101 58 AD
1213 2045 168 58 primam
1331 2045 168 58 igitur
1449 2045 219 58 dicendum:
1617 2045 134 58 quod
1701 2045 185 58 edictum
1835 2045 151 58 circa
1936 2045 252 58 sabbatismum
2121 2045 101 58 diei

783 2095 198 67 dominicae
935 2095 107 67 non
996 2095 107 67 est
1057 2095 153 67 omnino
1164 2095 92 67 de
1210 2095 122 67 iure
1286 2095 198 67 positiuo:
1439 2095 92 67 vt
1484 2095 92 67 in
1530 2095 92 67 eo
1576 2095 153 67 vacent
1683 2095 168 67 homines
1805 2095 92 67 ab
1851 2095 137 67 opere
1942 2095 183 67 seruili:
2079 2095 92 67 vt
2125 2095 92 67 si
2156 2095 76 67 non

775 2156 132 62 esset
863 2156 191 62 statutum,
1010 2156 88 62 in
1054 2156 132 62 nullo
1142 2156 161 62 tempore
1260 2156 220 62 necessarium
1436 2156 132 62 esset
1524 2156 88 62 ab
1568 2156 132 62 illis
1656 2156 161 62 vacare:
1773 2156 132 62 sicut
1861 2156 103 62 est
1920 2156 176 62 statutum
2052 2156 132 62 illud
2125 2156 103 62 purae

779 2205 141 62 legis
873 2205 220 62 positiuae:
1046 2205 94 62 vt
1093 2205 94 62 in
1140 2205 110 62 die
1203 2205 172 62 veneris
1328 2205 110 62 non
1391 2205 220 62 comedantur
1563 2205 172 62 carnes:
1689 2205 110 62 ita
1752 2205 125 62 quod
1830 2205 94 62 si
1877 2205 188 62 statutum
2018 2205 141 62 illud
2097 2205 125 62 aufera

452 2259 126 69 tur,
531 2259 95 69 in
578 2259 142 69 nullo
673 2259 110 69 die
736 2259 221 69 hebdomadae
910 2259 79 69 a
942 2259 189 69 carnibus
1084 2259 237 69 abstinendum
1273 2259 110 69 est
1336 2259 253 69 regulariter.
1541 2259 126 69 immo
1620 2259 189 69 fundatur
1762 2259 142 69 super
1857 2259 189 69 generale
1999 2259 174 69 edictum
2110 2259 110 69 legis

453 2309 180 70 naturae:
588 2309 120 70 quod
663 2309 120 70 illo
738 2309 150 70 edicto
843 2309 180 70 positiuo
978 2309 195 70 ecclesiae
1128 2309 255 70 specificatur.
1338 2309 165 70 Edictum
1458 2309 120 70 enim
1533 2309 135 70 legis
1623 2309 165 70 naturae
1743 2309 180 70 scriptum
1878 2309 90 70 in
1923 2309 165 70 tabulis
2043 2309 165 70 cordium
2148 2309 75 70 est

456 2368 131 64 quod
537 2368 147 64 omnis
636 2368 131 64 homo
718 2368 131 64 vsum
799 2368 196 64 rationis
947 2368 164 64 habens
1061 2368 164 64 certis
1176 2368 229 64 temporibus
1356 2368 147 64 aliis
1454 2368 196 64 negotiis
1602 2368 180 64 omissis
1733 2368 164 64 debeat
1847 2368 164 64 vacare
1962 2368 164 64 cultui
2077 2368 180 64 diuino,

452 2431 76 53 &
482 2431 168 53 diuinae
604 2431 244 53 venerationi.
803 2431 122 53 Nunc
879 2431 137 53 autem
971 2431 122 53 quia
1047 2431 168 53 homines
1169 2431 229 53 negligentes
1353 2431 153 53 erant,
1460 2431 168 53 intenti
1582 2431 137 53 curis
1673 2431 260 53 temporalibus,
1887 2431 122 53 sibi
1963 2431 229 53 determinare
2131 2431 92 53 ten-

445 2470 129 79 pora
525 2470 161 79 diuino
638 2470 177 79 cultui,
767 2470 257 79 determinauit
976 2470 193 79 ecclesia
1120 2470 145 79 illud
1217 2470 177 79 tempors
1346 2470 113 79 suo
1410 2470 193 79 statuto:
1555 2470 129 79 quid
1635 2470 193 79 statutum
1780 2470 145 79 legis
1876 2470 177 79 naturae
2005 2470 113 79 non
2069 2470 193 79 determi-

453 2521 144 67 nauit:
554 2521 115 67 quia
626 2521 130 67 magis
712 2521 159 67 timetur
828 2521 115 67 quod
900 2521 231 67 singulariter
1088 2521 202 67 indicitur:
1246 2521 115 67 quam
1319 2521 115 67 quid
1391 2521 173 67 generali
1521 2521 188 67 praecepto
1665 2521 217 67 proponitur.
1838 2521 72 67 &
1867 2521 188 67 ordinauit
2011 2521 115 67 diem
2069 2521 159 67 dominicum

444 2579 298 68 resurrectionis
693 2579 182 68 Christi
825 2579 99 68 in
875 2579 149 68 nouum
974 2579 199 68 hominim:
1123 2579 149 68 sicut
1222 2579 99 68 in
1272 2579 166 68 veteri
1388 2579 132 68 lege
1471 2579 199 68 statutus
1620 2579 132 68 erat
1702 2579 132 68 dies
1785 2579 182 68 Sabbati
1918 2579 99 68 in
1951 2579 281 68 praesignationem

449 2632 236 60 requetionis
638 2632 173 60 Christi
764 2632 94 60 in
811 2632 141 60 morte
905 2632 173 60 veteris
1031 2632 189 60 hominis.
1172 2632 141 60 Circa
1266 2632 141 60 istud
1361 2632 141 60 autem
1455 2632 189 60 statutum
1596 2632 126 60 diei
1675 2632 220 60 dominicae,
1848 2632 267 60 intelligendum
2068 2632 126 60 quod
2146 2632 110 60 duo

451 2686 133 62 sunt
534 2686 216 62 articuli.
700 2686 133 62 Vnus
783 2686 282 62 affirmatiuus:
1016 2686 133 62 quod
1099 2686 100 62 in
1148 2686 116 62 die
1215 2686 133 62 illo
1298 2686 133 62 homo
1381 2686 199 62 attentus
1530 2686 133 62 esse
1613 2686 166 62 debeat
1729 2686 166 62 diuino
1845 2686 183 62 cultui.
1978 2686 100 62 Et
2028 2686 149 62 alius
2111 2686 116 62 nega-

456 2741 154 66 tiuus:
564 2741 123 66 quod
641 2741 93 66 in
687 2741 108 66 die
749 2741 123 66 illo
826 2741 170 66 homines
949 2741 108 66 non
1011 2741 170 66 debeant
1134 2741 93 66 se
1180 2741 185 66 occupare
1319 2741 139 66 aliis
1412 2741 216 66 seruilibus
1581 2741 200 66 operibus:
1736 2741 108 66 per
1797 2741 123 66 quae
1874 2741 77 66 a
1905 2741 154 66 diuino
2013 2741 139 66 cultu
2090 2741 139 66 possent

447 2794 184 58 retrahi.
585 2794 123 58 Vnde
661 2794 138 58 sicut
753 2794 199 58 praecepta
907 2794 230 58 affirmatiua
1091 2794 184 58 obligant
1229 2794 169 58 semper:
1351 2794 107 58 sed
1412 2794 107 58 non
1474 2794 92 58 ad
1520 2794 169 58 semper:
1642 2794 107 58 sic
1704 2794 215 58 obseruatio
1872 2794 123 58 diei
1949 2794 199 58 dominicae
2102 2794 107 58 quo
2164 2794 92 58 ad

454 2848 155 69 partem
563 2848 124 69 suam
641 2848 249 69 affirmatiuam
843 2848 155 69 semper
952 2848 186 69 obligat:
1092 2848 109 69 ita
1154 2848 124 69 quod
1231 2848 93 69 in
1278 2848 202 69 quaelibet
1433 2848 124 69 hora
1511 2848 155 69 illius
1620 2848 124 69 diei
1698 2848 124 69 homo
1775 2848 109 69 est
1838 2848 202 69 obligatus
1993 2848 93 69 ad
2024 2848 202 69 insistendum

457 2903 151 60 diuino
563 2903 167 60 cultui:
684 2903 106 60 non
744 2903 136 60 tamen
835 2903 167 60 obligat
956 2903 91 60 ad
1002 2903 167 60 semper:
1123 2903 91 60 vt
1168 2903 182 60 continue
1305 2903 106 60 per
1365 2903 136 60 totum
1456 2903 121 60 dien
1532 2903 197 60 dominicum
1683 2903 151 60 diuino
1789 2903 182 60 insistat
1925 2903 167 60 cultui:
2046 2903 106 60 sed
2092 2903 136 60 solummo

454 2955 149 62 horis
554 2955 149 62 magis
653 2955 248 62 opportunis.
852 2955 149 62 Sicut
951 2955 133 62 vero
1034 2955 215 62 praecepta
1200 2955 182 62 negatia
1332 2955 166 62 semper
1448 2955 215 62 obligant,
1614 2955 83 62 &
1647 2955 99 62 ad
1697 2955 182 62 semper:
1829 2955 99 62 vt
1879 2955 166 62 semper
1995 2955 199 62 teneatur
2128 2955 99 62 homo

450 3008 161 69 habere
563 3008 129 69 ipsa
643 3008 97 69 in
691 3008 225 69 executione
868 3008 113 69 pro
933 3008 177 69 tempore
1061 3008 290 69 prohibitionis:
1303 3008 113 69 sic
1367 3008 225 69 institutio
1544 3008 129 69 diei
1625 3008 209 69 dominicae
1786 3008 113 69 quo
1850 3008 97 69 ad
1898 3008 161 69 partem
2011 3008 209 69 negatiuam
2156 3008 64 69 ob

446 3058 151 66 ligat
547 3058 168 66 semper
665 3058 84 66 &
698 3058 101 66 ad
749 3058 185 66 semper:
883 3058 101 66 vt
934 3058 101 66 in
984 3058 151 66 nulla
1085 3058 134 66 hora
1169 3058 134 66 diei
1253 3058 219 66 dominicae
1421 3058 168 66 liceat
1539 3058 168 66 alicui
1656 3058 202 66 exercere
1808 3058 134 66 opus
1892 3058 185 66 seruile
2026 3058 118 66 quo
2094 3058 84 66 a
2110 3058 118 66 diui-

449 3124 114 76 non
514 3124 179 76 obsequo
644 3124 245 76 impediatur.
840 3124 98 76 Si
889 3124 130 76 vero
970 3124 147 76 nobis
1068 3124 212 76 praestare
1231 3124 114 76 non
1297 3124 163 76 posset
1411 3124 277 76 impedimentum,
1639 3124 114 76 non
1704 3124 147 76 esset
1802 3124 277 76 vniuersaliter
2014 3124 212 76 prohibitum.
