2422 3733
137 249 143 93 quia
226 249 125 93 non
298 249 125 93 ita
369 249 232 93 euidenter
547 249 249 93 praetendit
743 249 178 93 certum
868 249 160 93 quid:
975 249 143 93 quin
1064 249 160 93 circa
1171 249 178 93 ipsius
1295 249 267 93 intellectum
1509 249 143 93 sint
1598 249 214 93 rationes
1741 249 178 93 plurimae

131 332 313 54 contrariantes
388 332 147 54 sibi
481 332 221 54 inuicem:
646 332 92 54 &
683 332 276 54 diuersimode
904 332 147 54 esse
996 332 239 54 huiusmodi
1180 332 313 54 propositionem
1438 332 313 54 intelligendam
1678 332 239 54 ostendentes

124 370 147 78 adeo
215 370 257 78 probabiles
418 370 92 78 &
454 370 239 78 efficaces
638 370 147 78 quod
730 370 184 78 merito
858 370 202 78 debeant
1005 370 184 78 mouere
1134 370 184 78 animos
1263 370 276 78 discretorum
1483 370 110 78 ad
1538 370 276 78 haesitandum
1759 370 165 78 circa
1851 370 73 78 ta

137 438 118 62 lis
205 438 287 62 propositionis
441 438 270 62 intellectum:
660 438 118 62 non
727 438 101 62 ex
778 438 185 62 malitia
913 438 118 62 vel
980 438 236 62 ignorantia
1165 438 135 62 siue
1250 438 371 62 incircunspectione,
1570 438 118 62 sed
1637 438 101 62 ex
1688 438 169 62 natura
1806 438 118 62 rei
1857 438 67 62 de

136 477 131 80 qua
211 477 131 80 est
286 477 281 80 propositio:
511 477 94 80 &
549 477 112 80 ex
605 477 244 80 efficacia
792 477 187 80 talium
924 477 244 80 rationum.
1111 477 244 80 Huiusmodi
1298 477 150 80 sunt
1392 477 225 80 rationes
1561 477 112 80 ad
1617 477 225 80 vtranque
1767 477 150 80 partem

129 533 254 69 quaestionis
332 533 237 69 propositae
519 533 203 69 superius
671 533 220 69 inductae:
841 533 85 69 &
875 533 152 69 etiam
976 533 169 69 plures
1095 533 152 69 aliae
1196 533 288 69 efficaciores:
1434 533 136 69 quas
1518 533 136 69 alii
1603 533 152 69 forte
1705 533 203 69 nouerunt
1840 533 85 69 me-

136 588 142 68 lius:
231 588 126 68 nisi
310 588 126 68 quod
389 588 189 68 rationes
530 588 221 68 probantes:
704 588 126 68 quod
783 588 110 68 non
846 588 189 68 obstante
988 588 205 68 praedicto
1145 588 237 68 priuilegio:
1335 588 189 68 confessi
1477 588 205 68 fratribus
1634 588 189 68 tenentur
1760 588 158 68 confite-

141 649 101 60 ri
192 649 269 60 sacerdotibus
410 649 302 60 parrochialibus
662 649 118 60 tam
729 649 201 60 confessa
880 649 134 60 quam
964 649 118 60 non
1031 649 218 60 confessa:
1199 649 134 60 sunt
1283 649 151 60 multo
1384 649 269 60 efficaciores
1602 649 134 60 quam
1686 649 134 60 sint
1753 649 168 60 rationes

145 693 101 71 in
196 693 218 71 oppositum
363 693 218 71 adductae:
531 693 201 71 secundum
682 693 134 71 quod
766 693 151 71 patet
866 693 252 71 inspicienti
1068 693 168 71 dictas
1185 693 201 71 rationes
1336 693 201 71 adductas
1487 693 101 71 ad
1537 693 134 71 hoc:
1621 693 151 71 atque
1722 693 151 71 alias
1806 693 117 71 possi

136 748 157 67 biles
240 748 105 67 ad
293 748 140 67 idem
380 748 192 67 adduci:
520 748 87 67 &
555 748 192 67 clarius
695 748 192 67 patebit
835 748 122 67 iam
905 748 105 67 in
957 748 227 67 solutione
1132 748 210 67 rationum
1290 748 297 67 contrariarum.
1534 748 192 67 propter
1674 748 140 67 quod
1762 748 157 67 etiam
1849 748 70 67 si

140 798 186 72 dictum
271 798 279 72 priuilegium
494 798 130 72 non
568 798 204 72 deberet
717 798 149 72 dici
810 798 186 72 dubium
940 798 130 72 quo
1014 798 112 72 ad
1070 798 260 72 praedictam
1274 798 260 72 clausulam.
1479 798 204 72 Volumus
1628 798 167 72 autem
1739 798 130 72 &c.
1813 798 93 72 &
1832 798 93 72 hoc

140 855 253 74 inspiciendo
342 855 101 74 ad
393 855 152 74 omnes
494 855 135 74 eius
578 855 320 74 circunstantias,
848 855 169 74 potius
966 855 152 74 debet
1067 855 118 74 hoc
1135 855 135 74 dici
1219 855 118 74 pro
1286 855 152 74 parte
1388 855 135 74 ista
1472 855 135 74 quae
1556 855 152 74 dicit
1657 855 202 74 confessa
1792 855 135 74 iterum

140 910 165 81 debere
255 910 231 81 confiteri:
436 910 132 81 quam
518 910 115 81 pro
584 910 132 81 alia
667 910 132 81 quae
749 910 148 81 dicit
848 910 198 81 confessa
996 910 115 81 non
1062 910 165 81 debere
1178 910 165 81 iterum
1293 910 231 81 confiteri.
1474 910 99 81 Et
1524 910 99 81 in
1573 910 115 81 rei
1639 910 198 81 veritate
1787 910 115 81 ita
1837 910 82 81 est

144 962 199 77 quantum
289 962 218 77 perpendi
452 962 109 77 ex
507 962 199 77 virtute
652 962 218 77 verborum
815 962 272 77 priuilegii:
1032 962 91 77 &
1069 962 109 77 si
1123 962 127 77 non
1196 962 163 77 esset
1304 962 127 77 ita
1377 962 163 77 certa
1486 962 145 77 pars
1576 962 163 77 ista,
1685 962 181 77 dicere
1794 962 127 77 tamen

141 1014 137 78 quod
227 1014 120 78 hoc
295 1014 137 78 quod
381 1014 137 78 alia
466 1014 137 78 pars
552 1014 223 78 aliquibus
723 1014 120 78 non
792 1014 120 78 est
860 1014 154 78 certa
963 1014 120 78 sed
1031 1014 154 78 dubia
1134 1014 206 78 secundum
1288 1014 120 78 se:
1357 1014 206 78 prouenit
1511 1014 103 78 ex
1562 1014 154 78 eorum
1665 1014 240 78 ignorantia
1836 1014 86 78 vel

138 1071 172 72 malitia
264 1071 110 72 aut
326 1071 344 72 incircunspectione:
623 1071 110 72 hoc
686 1071 110 72 est
749 1071 141 72 valde
842 1071 282 72 irrationabile.
1077 1071 141 72 Cuius
1171 1071 156 72 signum
1281 1071 125 72 est,
1359 1071 125 72 quod
1437 1071 110 72 tot
1500 1071 78 72 &
1531 1071 141 72 tanti
1625 1071 141 72 viri,
1719 1071 203 72 videlicet
1859 1071 63 72 su

140 1133 201 76 pradicti
291 1133 201 76 praelati
442 1133 117 76 hoc
509 1133 134 76 idem
593 1133 218 76 sentiunt:
761 1133 84 76 &
794 1133 201 76 doctores
945 1133 101 76 in
996 1133 201 76 decretis
1147 1133 101 76 in
1197 1133 117 76 hoc
1264 1133 117 76 eis
1331 1133 268 76 consentiunt:
1549 1133 101 76 vt
1599 1133 184 76 habitum
1734 1133 117 76 est
1784 1133 134 76 supra:

138 1184 173 67 necnon
259 1184 87 67 &
293 1184 208 67 innumeri
449 1184 138 67 alii
536 1184 190 67 homines
674 1184 294 67 intelligentes
916 1184 87 67 &
951 1184 225 67 discreti:
1124 1184 104 67 de
1176 1184 173 67 quibus
1297 1184 156 67 nefas
1401 1184 121 67 est
1470 1184 242 67 praesumere
1660 1184 138 67 quod
1747 1184 121 67 hoc
1816 1184 138 67 quod

145 1236 109 72 sic
208 1236 141 72 circa
302 1236 156 72 dictum
411 1236 234 72 priuilegium
598 1236 203 72 sentiunt,
755 1236 203 72 proueniat
911 1236 94 72 ex
958 1236 109 72 hoc
1020 1236 125 72 quod
1098 1236 125 72 sunt
1176 1236 187 72 peruersi
1317 1236 109 72 per
1379 1236 203 72 malitiam:
1536 1236 109 72 aut
1598 1236 203 72 excaecati
1754 1236 109 72 per
1817 1236 141 72 igno-

139 1281 210 75 rantiam:
297 1281 123 75 aut
367 1281 315 75 incircunspecti
630 1281 123 75 per
700 1281 298 75 negligentiam.
946 1281 123 75 Sic
1016 1281 140 75 ergo
1103 1281 105 75 vt
1156 1281 175 75 dictum
1279 1281 140 75 est,
1366 1281 175 75 sentio
1489 1281 193 75 agendum
1629 1281 140 75 esse
1717 1281 105 75 ac
1752 1281 175 75 tenendum

145 1348 109 68 in
199 1348 145 68 casu
290 1348 254 68 propositae
490 1348 290 68 quaestionis,
726 1348 218 68 quousque
889 1348 163 68 saepe
998 1348 182 68 dictum
1125 1348 272 68 priuilegium
1343 1348 200 68 sratrum
1488 1348 127 68 quo
1561 1348 109 68 ad
1615 1348 182 68 dictum
1724 1348 200 68 articulum

136 1395 190 69 aliter
269 1395 190 69 fuerit
402 1395 285 69 declaratum.
630 1395 247 69 ARgumenta
820 1395 114 69 ad
877 1395 228 69 vtramque
1047 1395 190 69 partem
1180 1395 209 69 adiecta
1332 1395 285 69 percurrenda
1560 1395 171 69 sunt,
1674 1395 209 69 plurima
1807 1395 114 69 enim

140 1443 186 76 adducta
276 1443 119 76 pro
343 1443 220 76 fratribus
513 1443 203 76 videntur
665 1443 220 76 ostendere
835 1443 136 76 quod
919 1443 271 76 inconueniens
1140 1443 119 76 sit
1207 1443 85 76 &
1241 1443 271 76 impossibile:
1462 1443 119 76 nec
1529 1443 220 76 possibile
1699 1443 169 76 statui
1817 1443 102 76 ab
1851 1443 68 76 ec

145 1509 174 65 clesia
266 1509 122 65 aut
336 1509 156 65 summo
440 1509 243 65 pontifice:
631 1509 139 65 quod
718 1509 191 65 peccata
857 1509 156 65 semel
961 1509 209 65 confessa
1118 1509 191 65 iterato
1257 1509 139 65 sint
1344 1509 243 65 confitenda
1535 1509 104 65 ex
1587 1509 174 65 debito
1708 1509 139 65 siue
1778 1509 139 65 inten-

140 1549 154 76 tione
243 1549 206 76 alicuius
397 1549 292 76 obligationis:
638 1549 86 76 &
672 1549 137 76 ideo
758 1549 206 76 persecta
912 1549 223 76 solutione
1084 1549 223 76 indigent.
1256 1549 137 76 Siue
1341 1549 137 76 enim
1427 1549 189 76 dominus
1565 1549 137 76 papa
1650 1549 206 76 intendat
1805 1549 103 76 in
1839 1549 86 76 suo

136 1607 238 82 priuilegio
323 1607 136 82 quod
408 1607 204 82 confessa
561 1607 238 82 fratribus:
747 1607 187 82 proprio
883 1607 221 82 sacerdoti
1053 1607 136 82 sunt
1138 1607 238 82 confitenda
1325 1607 170 82 iterum
1444 1607 136 82 siue
1528 1607 136 82 non:
1613 1607 153 82 super
1715 1607 204 82 vtrumque
1851 1607 68 82 ex

142 1661 151 68 causa
243 1661 251 68 rationabili
444 1661 167 68 plenam
561 1661 151 68 habet
661 1661 167 68 procul
779 1661 151 68 dubio
879 1661 218 68 potestate
1047 1661 201 68 scilicet
1197 1661 84 68 &
1231 1661 234 68 concedendi
1415 1661 134 68 quod
1499 1661 167 68 nuilus
1616 1661 134 68 quae
1700 1661 218 68 confessus
1850 1661 84 68 est

140 1712 175 72 fratri
263 1712 210 72 teneatur
421 1712 175 72 alteri
544 1712 158 72 eadem
649 1712 245 72 confiteri:
841 1712 88 72 &
877 1712 228 72 similiter
1052 1712 140 72 quod
1139 1712 105 72 ad
1192 1712 123 72 hoc
1262 1712 228 72 teneatur.
1437 1712 123 72 Tum
1507 1712 140 72 quia
1595 1712 158 72 dicta
1700 1712 228 72 argumenta
1858 1712 70 72 vi

137 1766 175 73 dentur
260 1766 245 73 concludere
453 1766 175 73 contra
576 1766 193 73 naturam
716 1766 140 73 rei,
804 1766 88 73 &
839 1766 175 73 contra
962 1766 245 73 efficaciam
1154 1766 245 73 sacramenti
1347 1766 123 73 est
1417 1766 140 73 quod
1505 1766 193 73 aliquis
1645 1766 123 73 vni
1716 1766 210 73 confessa
1856 1766 70 73 te

145 1819 172 72 neatur
265 1819 154 72 eadem
368 1819 172 72 alteri
488 1819 240 72 confiteri:
677 1819 86 72 &
711 1819 120 72 ita
780 1819 137 72 quod
866 1819 189 72 dominus
1003 1819 137 72 papa
1089 1819 189 72 neminem
1226 1819 172 72 possit
1346 1819 206 72 obligare
1501 1819 137 72 quod
1587 1819 137 72 illa
1673 1819 137 72 quae
1741 1819 189 72 confessus

138 1869 178 78 fuerit
263 1869 125 78 vni
334 1869 213 78 teneatur
494 1869 178 78 alteri
619 1869 249 78 confiteri:
814 1869 125 78 quo
885 1869 107 78 ad
939 1869 125 78 hoc
1010 1869 213 78 quaestio
1170 1869 160 78 habet
1277 1869 142 78 suam
1366 1869 285 78 dubitationem
1597 1869 142 78 apud
1686 1869 160 78 illos
1793 1869 178 78 quorum

145 1927 129 74 sunt
225 1927 193 74 rationes
371 1927 242 74 praedictae:
564 1927 145 74 etiam
661 1927 97 74 si
709 1927 129 74 papa
790 1927 306 74 interpretaretur
1048 1927 129 74 quod
1128 1927 242 74 intentionis
1322 1927 129 74 fuae
1402 1927 145 74 esset
1499 1927 129 74 quod
1579 1927 113 74 vni
1644 1927 210 74 confessus
1789 1927 145 74 tenere-

143 1980 124 74 tur
214 1980 178 74 alteri
339 1980 249 74 confiteri.
534 1980 178 74 Aliqua
659 1980 160 74 etiam
765 1980 142 74 sunt
854 1980 160 74 dicta
961 1980 107 74 in
1014 1980 249 74 argumentis
1209 1980 178 74 contra
1334 1980 195 74 fratres
1476 1980 142 74 quae
1565 1980 124 74 non
1636 1980 178 74 claram
1760 1980 178 74 habent
1867 1980 71 74 ve

145 2035 216 72 ritatem:
307 2035 162 72 licet
415 2035 108 72 ad
469 2035 162 72 veram
577 2035 288 72 conclusionem
810 2035 198 72 quantum
954 2035 144 72 mihi
1044 2035 198 72 videtur
1188 2035 216 72 tendunt:
1350 2035 90 72 &
1386 2035 144 72 ideo
1476 2035 288 72 rectificanda
1709 2035 162 72 sunt.
1817 2035 144 72 Quod

145 2098 137 64 ergo
231 2098 189 64 dicitur
368 2098 103 64 in
419 2098 154 64 primo
522 2098 223 64 argumento
694 2098 189 64 inducto
831 2098 172 64 contra
952 2098 206 64 fratres:
1106 2098 137 64 quod
1192 2098 206 64 potestas
1346 2098 240 64 absoluendi
1535 2098 120 64 non
1604 2098 120 64 est
1673 2098 223 64 fratribus
1827 2098 103 64 com-

145 2152 153 67 missa
247 2152 102 67 in
298 2152 119 67 suo
366 2152 238 67 priuilegio
553 2152 136 67 nisi
637 2152 119 67 sub
705 2152 255 67 conditione:
909 2152 204 67 Dicendum
1062 2152 136 67 quod
1147 2152 119 67 non
1215 2152 119 67 est
1283 2152 170 67 verum:
1402 2152 153 67 neque
1503 2152 136 67 enim
1588 2152 119 67 sub
1656 2152 255 67 conditione,
1843 2152 85 67 nec

149 2199 154 69 etiam
252 2199 120 69 sub
320 2199 171 69 aliqua
440 2199 257 69 obligatione
645 2199 205 69 potestas
799 2199 240 69 absoluendi
988 2199 257 69 auctoritate
1193 2199 205 69 commissa
1347 2199 120 69 est
1416 2199 223 69 fratribus
1587 2199 103 69 in
1638 2199 120 69 suo
1706 2199 257 69 priuilegio:

151 2250 118 71 sed
218 2250 135 71 mere
303 2250 252 71 simpliciter
505 2250 84 71 &
538 2250 219 71 absolute.
706 2250 135 71 Nisi
791 2250 151 71 forte
892 2250 168 71 aliqui
1009 2250 219 71 intendant
1178 2250 118 71 per
1245 2250 185 71 vltimam
1380 2250 219 71 clausulam
1548 2250 118 71 qua
1615 2250 202 71 dicitur.
1750 2250 168 71 Quiaqued

148 2301 160 75 iidem
255 2301 195 75 fratres
397 2301 124 75 eos
468 2301 107 75 ad
521 2301 124 75 hoc
592 2301 249 75 diligenter
787 2301 124 75 &c.
858 2301 195 75 fratres
1000 2301 142 75 esse
1089 2301 231 75 obligatos
1267 2301 107 75 vt
1320 2301 231 75 teneantur
1497 2301 231 75 exhortari
1675 2301 142 75 sibi
1746 2301 195 75 confessos

154 2353 101 80 vt
205 2353 152 80 semel
306 2353 101 80 in
356 2353 135 80 anno
441 2353 169 80 saltem
559 2353 270 80 confiteantur
778 2353 135 80 suis
862 2353 270 80 sacerdotibus
1081 2353 202 80 secundum
1233 2353 202 80 statutum
1385 2353 202 80 concilii
1536 2353 236 80 generalis.
1722 2353 101 80 de
1772 2353 118 80 quo
1823 2353 118 80 infe-

147 2417 140 78 rius
234 2417 210 78 faciemus
391 2417 245 78 mentionem.
584 2417 122 78 Sed
654 2417 140 78 esto
741 2417 140 78 quod
828 2417 140 78 ista
916 2417 175 78 esset:
1038 2417 122 78 hoc
1108 2417 157 78 tamen
1213 2417 122 78 non
1283 2417 192 78 poneret
1423 2417 192 78 aliquam
1563 2417 262 78 conditionem
1773 2417 157 78 circa
1860 2417 70 78 po

147 2470 223 66 testatem
315 2470 261 66 absoluendi
520 2470 242 66 fratribus
706 2470 261 66 concessam.
910 2470 205 66 Differt
1059 2470 149 66 enim
1152 2470 223 66 conditio
1320 2470 93 66 &
1357 2470 261 66 obligatio.
1562 2470 205 66 quoniam
1711 2470 186 66 quando
1822 2470 112 66 ali-

148 2518 124 78 cui
219 2518 266 78 committitur
432 2518 212 78 potestas
591 2518 177 78 agendi
715 2518 195 78 aliquid
856 2518 124 78 sub
927 2518 266 78 conditione:
1140 2518 159 78 nihil
1246 2518 142 78 agit
1334 2518 142 78 nisi
1423 2518 159 78 extet
1529 2518 212 78 conditio
1688 2518 212 78 secundum
1830 2518 106 78 quod

149 2577 217 78 procedit
311 2577 271 78 argumentum:
528 2577 90 78 &
564 2577 144 78 male
655 2577 126 78 quo
727 2577 108 78 ad
781 2577 144 78 hoc:
871 2577 199 78 quantum
1016 2577 144 78 enim
1106 2577 126 78 est
1178 2577 108 78 ex
1233 2577 163 78 parte
1341 2577 199 78 fratris
1485 2577 289 78 confessoris:
1720 2577 163 78 nullo
1829 2577 144 78 modo

148 2625 225 79 confessus
321 2625 104 79 ei
372 2625 190 79 tenetur
511 2625 173 79 iterum
632 2625 173 79 alicui
753 2625 242 79 confiteri:
943 2625 138 79 quia
1029 2625 138 79 ipse
1116 2625 190 79 quantum
1254 2625 121 79 est
1323 2625 104 79 in
1375 2625 104 79 se
1427 2625 207 79 persecte
1582 2625 138 79 agit
1669 2625 207 79 quicquid
1807 2625 121 79 poeni

147 2679 207 77 tentiae
298 2679 282 77 sacramentum
524 2679 226 77 requirit
693 2679 169 77 circa
806 2679 301 77 confitentem.
1051 2679 188 77 Quando
1183 2679 151 77 vero
1277 2679 226 77 potestas
1446 2679 188 77 agendi
1578 2679 207 77 aliquid
1729 2679 188 77 alicui
1842 2679 94 77 com

149 2740 228 69 mittitur
320 2740 133 69 sub
396 2740 304 69 obligatione:
643 2740 152 69 bene
738 2740 152 69 agit
833 2740 228 69 actionem
1004 2740 209 69 debitam
1155 2740 247 69 potestati
1345 2740 266 69 commissae:
1554 2740 133 69 sed
1630 2740 190 69 peccat
1763 2740 133 69 non
1820 2740 114 69 ser-

147 2782 167 76 uando
259 2782 112 76 id
315 2782 112 76 ad
371 2782 149 76 quod
464 2782 242 76 obligatus
650 2782 149 76 est.
743 2782 149 76 Vnde
836 2782 93 76 &
873 2782 112 76 si
929 2782 242 76 fratribus
1115 2782 167 76 esset
1227 2782 223 76 commissa
1394 2782 223 76 potestas
1562 2782 261 76 absoluendi
1767 2782 130 76 sub
1822 2782 112 76 tali

148 2836 265 85 obligatione
360 2836 230 85 praecepti
537 2836 141 85 quod
626 2836 230 85 teneantur
802 2836 159 85 omnes
909 2836 141 85 sibi
997 2836 230 85 confessos
1174 2836 194 85 hortari
1315 2836 106 85 vt
1368 2836 177 85 saltem
1492 2836 159 85 semel
1598 2836 106 85 in
1651 2836 141 85 anno
1722 2836 212 85 confitean-

143 2892 131 89 tur
218 2892 206 89 proprio
368 2892 243 89 sacerdoti
555 2892 168 89 prout
667 2892 206 89 statuit
817 2892 243 89 concilium
1004 2892 243 89 generale:
1191 2892 94 89 &
1228 2892 112 89 si
1284 2892 131 89 hoc
1359 2892 187 89 facere
1490 2892 281 89 omitterent:
1696 2892 243 89 nihilominus

150 2955 160 72 tamen
257 2955 284 72 absoluerent:
488 2955 124 72 sed
559 2955 249 72 peccarent.
754 2955 107 72 Si
807 2955 142 72 vero
896 2955 160 72 esset
1002 2955 231 72 fratribus
1180 2955 213 72 commissa
1340 2955 124 72 sub
1411 2955 142 72 tali
1499 2955 249 72 conditione
1695 2955 142 72 quod
1766 2955 178 72 volentes

138 3001 150 77 sibi
232 3001 243 77 confiteri
419 3001 169 77 prius
532 3001 318 77 exhortarentur
794 3001 112 77 vt
850 3001 187 77 dictum
981 3001 150 77 est:
1075 3001 112 77 si
1131 3001 169 77 prius
1243 3001 169 77 illam
1355 3001 318 77 exhortationem
1618 3001 131 77 non
1693 3001 225 77 facerent
1842 3001 94 77 ne-

159 3052 191 89 quaquam
298 3052 278 89 absoluerent.
524 3052 104 89 Et
576 3052 139 89 quod
663 3052 244 89 assumitur:
854 3052 139 89 quod
941 3052 122 89 non
1011 3052 174 89 habent
1133 3052 244 89 potestatem
1324 3052 244 89 absoluendi
1515 3052 139 89 nisi
1602 3052 122 89 sub
1672 3052 261 89 conditione:
1863 3052 70 89 si

148 3108 240 100 confitens
332 3108 277 100 confiteatur
553 3108 166 100 semel
664 3108 111 100 in
719 3108 148 100 anno
811 3108 166 100 omnia
922 3108 203 100 peccata
1069 3108 148 100 sua:
1162 3108 221 100 Dicendum
1328 3108 148 100 quod
1420 3108 129 100 non
1494 3108 129 100 est
1567 3108 184 100 verum:
1696 3108 129 100 sed
1752 3108 184 100 absolute
