2455 3743
492 225 163 88 habent
606 225 244 88 potestatem:
801 225 114 88 nec
866 225 130 88 vlla
948 225 196 88 conditio
1095 225 147 88 circa
1192 225 244 88 confitentem
1388 225 179 88 habetur
1518 225 98 88 ex
1567 225 228 88 priuilegio
1746 225 114 88 sed
1811 225 163 88 tantum
1926 225 130 88 mera
2007 225 228 88 obligatio:
2186 225 130 88 quae

484 296 157 66 licet
588 296 105 66 in
640 296 157 66 parte
745 296 261 66 aequiualeat
954 296 261 66 conditioni:
1163 296 87 66 &
1198 296 122 66 hoc
1268 296 157 66 circa
1372 296 279 66 confitentem:
1599 296 122 66 non
1668 296 157 66 tamen
1773 296 157 66 ponit
1877 296 261 66 conditionem
2086 296 157 66 circa
2173 296 105 66 col-

499 350 199 63 lationem
649 350 232 63 potestatis
831 350 99 63 ex
881 350 149 63 parte
980 350 265 63 confessoris:
1196 350 116 63 sed
1262 350 166 63 tantum
1378 350 199 63 redundat
1527 350 99 63 in
1577 350 216 63 potentiam
1743 350 265 63 confessoris:
1958 350 99 63 vt
2008 350 116 63 iam
2074 350 199 63 patebit.
2207 350 83 63 SE-

489 409 182 70 cundum
616 409 255 70 argumentum
817 409 109 70 de
872 409 255 70 necessario
1072 409 91 70 &
1108 409 273 70 voluntario,
1327 409 128 70 meo
1400 409 200 70 iudicio
1546 409 146 70 bene
1637 409 255 70 concludit.
1838 409 109 70 Et
1892 409 146 70 quod
1983 409 200 70 dicitur
2129 409 109 70 in
2166 409 109 70 argu

493 468 142 63 mento
588 468 173 63 tertio:
714 468 126 63 quod
793 468 173 63 dominus
919 468 126 63 papa
998 468 95 63 in
1045 468 221 63 concedendo
1219 468 237 63 priuilegium
1408 468 205 63 fratribus
1565 468 205 63 aspexerit
1723 468 95 63 ad
1770 468 173 63 fructus
1897 468 173 63 vberes,
2023 468 126 63 bene
2102 468 142 63 verum
2180 468 95 63 est.

494 511 98 74 Et
543 511 130 74 ideo
624 511 130 74 dico
706 511 130 74 quod
787 511 147 74 licet
885 511 130 74 bene
966 511 179 74 possent
1097 511 196 74 proferre
1244 511 179 74 fructus
1374 511 163 74 vberes
1488 511 147 74 circa
1586 511 245 74 confitentes
1782 511 130 74 sibi
1863 511 98 74 si
1912 511 163 74 melius
2026 511 245 74 consulerent
2205 511 82 74 eis

487 571 76 71 &
517 571 213 71 discretius
685 571 137 71 quam,
776 571 183 71 proprius
913 571 198 71 sacerdos:
1066 571 152 71 absque
1173 571 91 71 eo
1218 571 122 71 quod
1294 571 213 71 tenerentur
1462 571 137 71 eadem
1554 571 198 71 confiteri
1706 571 168 71 proprio
1828 571 213 71 sacerdoti:
1995 571 122 71 quia
2072 571 137 71 tamen
2163 571 107 71 non
2224 571 91 71 in

486 624 162 65 tantum
599 624 162 65 vberes
712 624 129 65 quam
793 624 97 65 si
841 624 210 65 postmodum
1003 624 178 65 iterato
1132 624 145 65 eadem
1229 624 275 65 confiterentur
1455 624 113 65 suo
1520 624 178 65 proprio
1649 624 226 65 sacerdoti:
1827 624 194 65 secundum
1972 624 129 65 quod
2053 624 210 65 processit
2214 624 97 65 ar

487 683 231 64 gumentum:
665 683 89 64 &
700 683 160 64 bene:
807 683 142 64 ideo
896 683 124 64 cum
967 683 195 64 dominus
1109 683 142 64 papa
1198 683 213 64 secundum
1357 683 160 64 verba
1464 683 249 64 priuilegii
1659 683 231 64 aspexerit
1837 683 107 64 ad
1890 683 195 64 fructus
2032 683 195 64 vberes:
2157 683 124 64 magis

492 740 157 58 debet
596 740 174 58 exponi
718 740 261 58 priuilegium
927 740 209 58 secundum
1084 740 122 58 eos
1153 740 122 58 per
1223 740 139 58 quos
1310 740 261 58 proferuntur
1519 740 192 58 fructus
1658 740 157 58 magis
1763 740 174 58 vberes
1885 740 139 58 quam
1972 740 157 58 minus
2076 740 192 58 vberes.
2198 740 87 58 hoc

487 789 150 64 autem
588 789 217 64 contingit
755 789 100 64 si
805 789 201 64 confessi
955 789 217 64 fratribus
1123 789 167 64 iterum
1240 789 267 64 confiteantur
1457 789 267 64 sacerdotibus
1674 789 318 64 parrochialibus:
1942 789 100 64 vt
1992 789 167 64 tactum
2109 789 117 64 est
2176 789 100 64 in
2209 789 67 64 ar

495 848 220 68 gumento:
659 848 92 68 &
696 848 110 68 vt
751 848 201 68 amplius
897 848 165 68 infra
1007 848 256 68 videbitur,
1209 848 165 68 quare
1319 848 128 68 &c.
1392 848 201 68 Quartum
1538 848 256 68 argumentum
1740 848 128 68 meo
1813 848 201 68 iudicio
1959 848 146 68 bene
2051 848 238 68 procedit.
2216 848 73 68 AD

488 904 141 60 illud
582 904 126 60 quod
661 904 188 60 arguitur
802 904 94 60 in
849 904 220 60 contrarium
1022 904 141 60 primo
1116 904 94 60 ex
1163 904 141 60 parte
1258 904 251 60 confitentis:
1462 904 126 60 quod
1540 904 173 60 iterato
1666 904 204 60 confiteri
1823 904 188 60 confessa
1964 904 110 60 est
2027 904 204 60 consilii:
2184 904 126 60 ergo

486 958 174 69 nuilus
608 958 105 69 ad
660 958 157 69 illud
764 958 174 69 potest
886 958 209 69 obligari
1043 958 122 69 aut
1113 958 157 69 debet
1217 958 226 69 praecepto
1392 958 122 69 vel
1461 958 209 69 statuto:
1618 958 209 69 Dicendum
1775 958 105 69 ad
1827 958 122 69 hoc
1897 958 157 69 paulo
2001 958 174 69 altius
2123 958 192 69 inchoan

489 1011 103 69 do
540 1011 188 69 propter
677 1011 188 69 quoddam
814 1011 171 69 tactum
934 1011 103 69 in
985 1011 188 69 secundo
1122 1011 222 69 argumento
1293 1011 257 69 quaestionis
1498 1011 291 69 praecedentis,
1738 1011 137 69 quod
1823 1011 188 69 aliquis
1960 1011 171 69 potest
2080 1011 154 69 eadem
2165 1011 120 69 pecca

485 1073 101 68 ta
536 1073 235 68 voluntarie
720 1073 168 68 alteri
838 1073 218 68 confiteri
1006 1073 202 68 iterato.
1157 1073 134 68 ergo
1241 1073 101 68 ad
1292 1073 118 68 hoc
1359 1073 168 68 potest
1477 1073 235 68 constringi
1661 1073 101 68 in
1712 1073 134 68 casu
1796 1073 118 68 per
1863 1073 202 68 statutum
2014 1073 118 68 aut
2065 1073 218 68 praeceptum.

489 1123 103 70 vt
540 1123 154 70 simul
643 1123 223 70 exponamus
815 1123 137 70 quod
900 1123 103 70 de
952 1123 120 70 hoc
1020 1123 206 70 pertinet
1175 1123 103 70 ad
1226 1123 120 70 hoc
1295 1123 240 70 argumentum
1483 1123 86 70 &
1518 1123 103 70 ad
1569 1123 154 70 illud
1672 1123 137 70 quod
1758 1123 120 70 non
1826 1123 137 70 erat
1912 1123 120 70 ibi
1981 1123 240 70 expositum:
2169 1123 137 70 quod

489 1178 186 67 aliquid
624 1178 237 67 dupliciter
810 1178 169 67 potest
929 1178 169 67 cadere
1047 1178 118 67 sub
1115 1178 220 67 praecepto
1284 1178 118 67 vel
1351 1178 203 67 statuto:
1503 1178 85 67 &
1537 1178 118 67 per
1605 1178 118 67 hoc
1672 1178 237 67 dupliciter
1858 1178 186 67 aliquem
1994 1178 203 67 obligare
2146 1178 101 67 ad
2180 1178 101 67 eius

488 1234 269 68 obseruantianm
710 1234 190 68 scilicet
852 1234 190 68 directe:
995 1234 95 68 vt
1043 1234 127 68 quis
1122 1234 206 68 obligetur
1280 1234 95 68 ad
1328 1234 174 68 aliquid
1454 1234 95 68 ex
1502 1234 190 68 praecisa
1644 1234 174 68 virtute
1771 1234 206 68 praecepti
1930 1234 111 68 aut
1993 1234 190 68 statuti:
2135 1234 111 68 vel
2199 1234 111 68 in-

494 1290 207 62 directe:
649 1290 104 62 vt
701 1290 138 62 quis
788 1290 121 62 non
857 1290 225 62 obligetur
1030 1290 104 62 ad
1081 1290 156 62 illud
1185 1290 104 62 ex
1237 1290 207 62 praecisa
1393 1290 190 62 virtute
1531 1290 225 62 praecepti
1704 1290 86 62 &
1738 1290 207 62 statuti:
1894 1290 121 62 sed
1963 1290 156 62 solum
2067 1290 121 62 cum
2118 1290 156 62 statuto

497 1343 251 60 concurrente
698 1343 184 60 proprio
832 1343 167 60 facto.
949 1343 151 60 Primo
1049 1343 134 60 modo
1133 1343 151 60 nullo
1234 1343 134 60 modo
1317 1343 167 60 potest
1434 1343 184 60 aliquid
1568 1343 167 60 cadere
1685 1343 117 60 sub
1752 1343 218 60 praecepto
1920 1343 117 60 aut
1987 1343 184 60 statuto
2120 1343 184 60 humano:

500 1397 143 62 neque
596 1397 191 62 quemquam
739 1397 207 62 obligare:
898 1397 127 62 nisi
977 1397 111 62 sit
1041 1397 127 62 tale
1120 1397 95 62 ad
1168 1397 127 62 quid
1247 1397 159 62 absque
1359 1397 175 62 statuto
1486 1397 80 62 &
1518 1397 207 62 praecepto
1677 1397 175 62 tenetur
1804 1397 127 62 quis
1883 1397 159 62 quoquo
1995 1397 143 62 modo.
2090 1397 111 62 Sed
2138 1397 143 62 differt

496 1454 99 64 in
546 1454 116 64 hoc
612 1454 215 64 obligatio
778 1454 83 64 a
811 1454 215 64 praecepto
976 1454 83 64 &
1009 1454 199 64 statuto:
1158 1454 132 64 quia
1241 1454 199 64 statutum
1390 1454 116 64 non
1456 1454 116 64 est
1522 1454 132 64 nisi
1605 1454 232 64 praeceptum
1787 1454 248 64 vniuersale:
1985 1454 182 64 tangens
2118 1454 149 64 omnes
2200 1454 83 64 aut

490 1507 186 62 plures,
626 1507 85 62 &
659 1507 203 62 obligans
812 1507 169 62 illos.
931 1507 237 62 Praeceptum
1117 1507 136 62 vero
1202 1507 169 62 potest
1320 1507 136 62 esse
1405 1507 220 62 singulare
1574 1507 119 62 vel
1642 1507 271 62 particulare,
1862 1507 186 62 tangens
1998 1507 85 62 &
2032 1507 203 62 obligans
2184 1507 136 62 vnum

490 1565 168 64 solum.
608 1565 134 64 Vnde
692 1565 201 64 statutum
842 1565 101 64 ex
893 1565 168 64 natura
1010 1565 185 64 statuti
1144 1565 117 64 non
1211 1565 151 64 debet
1312 1565 151 64 fieri
1413 1565 101 64 de
1463 1565 134 64 iure
1547 1565 134 64 nisi
1631 1565 151 64 circa
1731 1565 134 64 tale
1815 1565 101 64 ad
1866 1565 134 64 quid
1950 1565 151 64 alias
2050 1565 151 64 omnes
2151 1565 168 64 quoquo

492 1627 131 65 modo
573 1627 196 65 tenentur
720 1627 114 65 vel
785 1627 180 65 possunt
916 1627 180 65 teneri.
1047 1627 180 65 Propter
1177 1627 131 65 quod
1259 1627 147 65 circa
1357 1627 147 65 illud
1455 1627 131 65 quid
1536 1627 114 65 est
1602 1627 131 65 pure
1683 1627 212 65 consilii,
1846 1627 114 65 non
1912 1627 147 65 debet
2010 1627 163 65 cadere
2107 1627 180 65 statutum:

495 1676 127 56 nisi
575 1676 159 56 possit
686 1676 222 56 contingere
861 1676 95 56 vt
908 1676 95 56 ad
956 1676 143 56 illud
1051 1676 143 56 omnes
1147 1676 111 56 vel
1210 1676 159 56 plures
1321 1676 207 56 teneantur
1480 1676 95 56 ex
1528 1676 143 56 causa
1623 1676 175 56 propter
1751 1676 127 56 quam
1830 1676 111 56 hoc
1894 1676 222 56 expediret:
2068 1676 95 56 vt
2116 1676 143 56 circa
2196 1676 79 56 vir

493 1733 206 68 ginitatis
652 1733 111 68 aut
715 1733 254 68 continentiae
922 1733 254 68 obseruantiam
1128 1733 111 68 vel
1192 1733 222 68 religionis
1367 1733 206 68 ingressum
1526 1733 79 68 &
1557 1733 222 68 huiusmodi.
1732 1733 175 68 Propter
1859 1733 127 68 quid
1939 1733 95 68 ad
1986 1733 206 68 huiusmodi
2145 1733 175 68 aliquid

495 1793 164 54 nuilus
609 1793 148 54 debet
708 1793 180 54 directe
839 1793 197 54 obligari
987 1793 115 54 per
1052 1793 213 54 statutum,
1217 1793 131 54 quia
1299 1793 115 54 non
1364 1793 148 54 debet
1463 1793 148 54 fieri
1561 1793 197 54 statutum
1709 1793 98 54 vt
1758 1793 148 54 omnes
1856 1793 115 54 vel
1922 1793 164 54 plures
2037 1793 230 54 contineant
2201 1793 82 54 aut

491 1837 270 64 prohibeantur
711 1837 186 64 nubere:
846 1837 135 64 nisi
930 1837 101 64 vt
981 1837 169 64 dictum
1099 1837 135 64 est,
1183 1837 169 64 posset
1301 1837 236 64 contingere
1487 1837 152 64 causa
1588 1837 186 64 propter
1723 1837 135 64 quam
1807 1837 118 64 hoc
1875 1837 219 64 expediret
2044 1837 152 64 fieri
2128 1837 152 64 debere.

496 1897 252 58 Praeceptum
694 1897 144 58 vero
784 1897 108 58 ex
838 1897 180 58 natura
964 1897 234 58 praecepti
1144 1897 180 58 potest
1270 1897 162 58 fieri
1378 1897 162 58 circa
1486 1897 162 58 illud
1594 1897 108 58 ad
1648 1897 144 58 quod
1738 1897 144 58 quis
1828 1897 108 58 in
1882 1897 144 58 casu
1972 1897 216 58 tenetur.
2116 1897 162 58 propter

499 1949 124 62 quod
576 1949 124 62 quia
653 1949 93 62 in
699 1949 124 62 casu
777 1949 154 62 potest
885 1949 170 62 aliquis
1008 1949 93 62 ex
1055 1949 124 62 iure
1132 1949 216 62 charitatis
1302 1949 154 62 teneri
1410 1949 93 62 ad
1456 1949 139 62 illud
1549 1949 124 62 quod
1626 1949 108 62 est
1688 1949 124 62 pure
1765 1949 247 62 perfectionis
1966 1949 77 62 &
1997 1949 201 62 consilii:
2151 1949 124 62 ideo
2213 1949 62 62 il

498 2001 119 70 lud
566 2001 170 70 potest
685 2001 102 70 in
736 2001 136 70 casu
822 2001 170 70 cadere
941 2001 119 70 sub
1009 2001 238 70 praecepto.
1196 2001 204 70 SCIENdum
1349 2001 119 70 est
1418 2001 170 70 igitur
1537 2001 102 70 ad
1588 2001 153 70 huius
1690 2001 272 70 intellectum,
1911 2001 136 70 quod
1997 2001 136 70 homo
2082 2001 170 70 potest
2184 2001 85 70 te-

495 2058 129 68 neri
576 2058 97 68 ad
624 2058 178 68 aliquid
753 2058 242 68 dupliciter:
947 2058 113 68 vel
1012 2058 97 68 ex
1060 2058 178 68 ratione
1190 2058 242 68 conditionis
1383 2058 81 68 &
1416 2058 162 68 status
1529 2058 194 68 communis
1674 2058 162 68 omnium
1787 2058 113 68 vel
1852 2058 178 68 plurium
1981 2058 129 68 suae
2062 2058 194 68 speciei:
2191 2058 81 68 vel

499 2114 104 64 ex
551 2114 190 64 ratione
689 2114 259 64 conditionis
896 2114 86 64 &
930 2114 173 64 status
1051 2114 207 64 alicuius
1207 2114 207 64 personae
1362 2114 259 64 singularis.
1569 2114 104 64 Et
1621 2114 155 64 primo
1725 2114 138 64 modo
1811 2114 259 64 dupliciter.
2018 2114 121 64 Vno
2087 2114 138 64 modo
2156 2114 121 64 simul

495 2164 125 66 quo
567 2164 107 66 ad
620 2164 125 66 rem
692 2164 251 66 praeceptam
889 2164 89 66 &
925 2164 161 66 modum
1032 2164 304 66 praecipiendi.
1283 2164 143 66 alio
1372 2164 143 66 modo
1462 2164 125 66 quo
1533 2164 107 66 ad
1587 2164 125 66 rem
1659 2164 251 66 praeceptam
1855 2164 197 66 tantum:
1999 2164 89 66 &
2034 2164 125 66 non
2106 2164 125 66 quo
2178 2164 107 66 ad
2213 2164 72 66 mo

501 2223 124 66 dum
572 2223 302 66 praecipiendi.
821 2223 160 66 Primo
927 2223 142 66 modo
1016 2223 106 66 ex
1069 2223 231 66 praecepto
1247 2223 89 66 &
1282 2223 195 66 statuto
1424 2223 177 66 simul:
1548 2223 142 66 quia
1637 2223 142 66 omne
1726 2223 213 66 statutum
1886 2223 124 66 est
1957 2223 266 66 praeceptum,
2152 2223 124 66 licet

496 2277 126 66 non
568 2277 252 66 econuerso,
766 2277 162 66 omnia
873 2277 234 66 praecepta
1053 2277 198 66 moralia
1197 2277 216 66 decalogi
1359 2277 234 66 obligant:
1538 2277 90 66 &
1574 2277 126 66 hoc
1646 2277 108 66 ex
1700 2277 234 66 praecepto
1880 2277 162 66 legis
1987 2277 198 66 naturae
2113 2277 162 66 explica

494 2331 102 62 to
545 2331 119 62 per
613 2331 237 62 praeceptum
799 2331 153 62 legis
901 2331 203 62 diuinae.
1053 2331 186 62 Secundo
1189 2331 136 62 modo
1274 2331 186 62 obligat
1409 2331 153 62 omnes
1511 2331 237 62 praeceptum
1698 2331 102 62 in
1748 2331 136 62 illo
1833 2331 203 62 statuto.
1986 2331 153 62 Omnis
2088 2331 220 62 vtriusque

497 2385 174 67 sexus,
619 2385 122 67 quo
688 2385 105 67 ad
741 2385 157 67 semel
845 2385 105 67 in
898 2385 139 67 anno
985 2385 262 67 confitendum
1194 2385 122 67 suo
1264 2385 244 67 sacerdoti.
1456 2385 87 67 &
1490 2385 122 67 hoc
1560 2385 174 67 partim
1682 2385 105 67 ex
1734 2385 227 67 praecepto
1909 2385 87 67 &
1944 2385 192 67 statuto
2083 2385 157 67 legis
2170 2385 105 67 euam

504 2446 194 65 gelicae:
649 2446 161 65 partim
762 2446 129 65 vero
843 2446 97 65 ex
891 2446 210 65 praecepto
1052 2446 81 65 &
1084 2446 177 65 statuto
1214 2446 145 65 legis
1310 2446 306 65 ecclesiasticae.
1568 2446 210 65 confiteri
1730 2446 129 65 enim
1810 2446 113 65 ore
1875 2446 113 65 vel
1939 2446 145 65 signo
2036 2446 210 65 sensibili
2197 2446 113 65 ho-

500 2503 139 55 mini
587 2503 156 55 omnia
691 2503 191 55 peccata
830 2503 174 55 saltem
951 2503 226 55 mortalia,
1125 2503 122 55 est
1195 2503 104 55 ex
1247 2503 191 55 proprio
1386 2503 191 55 statuto
1525 2503 87 55 &
1560 2503 226 55 praecepto
1733 2503 156 55 legis
1838 2503 278 55 euangelicae:
2063 2503 139 55 quia
2150 2503 104 55 in
2185 2503 87 55 le-

492 2551 104 68 ge
544 2551 191 68 naturae
682 2551 87 68 &
717 2551 191 68 mosaica
856 2551 260 68 sufficiebat
1064 2551 191 68 peccata
1202 2551 225 68 confiteri
1376 2551 156 68 corde
1480 2551 139 68 soli
1566 2551 139 68 deo.
1653 2551 121 68 Sed
1722 2551 277 68 determinatio
1948 2551 208 68 temporis
2104 2551 156 68 circa
2190 2551 87 68 hoc

500 2600 122 66 non
569 2600 139 66 erat
656 2600 104 66 de
708 2600 226 66 praecepto
882 2600 157 66 legis
987 2600 278 66 euangelicae:
1213 2600 122 66 nec
1282 2600 139 66 est:
1369 2600 139 66 quia
1456 2600 122 66 hoc
1526 2600 209 66 permisit
1683 2600 244 66 euangelium
1874 2600 226 66 deuotioni
2048 2600 261 66 cuiuscunque

499 2656 89 66 &
535 2656 213 66 Christus
695 2656 249 66 reseruauit
890 2656 267 66 ordinationi
1103 2656 249 66 ecclesiae.
1299 2656 142 66 Vnde
1388 2656 231 66 confiteri
1565 2656 178 66 homini
1690 2656 124 66 quo
1761 2656 107 66 ad
1814 2656 160 66 illam
1921 2656 338 66 determinationem
2187 2656 89 66 se-

493 2710 129 69 mel
566 2710 111 69 in
622 2710 166 69 anno:
733 2710 129 69 hoc
807 2710 129 69 est
881 2710 203 69 proprie
1028 2710 111 69 ex
1084 2710 240 69 praecepto
1269 2710 92 69 &
1306 2710 203 69 statuto
1453 2710 259 69 ecclesiae.
1657 2710 185 69 Neutro
1786 2710 203 69 istorum
1934 2710 203 69 modorum
2082 2710 166 69 debet
2174 2710 111 69 homo

502 2773 211 62 obligari
661 2773 193 62 directe
801 2773 105 62 ad
854 2773 193 62 pluries
994 2773 123 62 vel
1065 2773 123 62 bis
1135 2773 264 62 confitendum
1346 2773 158 62 eadem
1451 2773 211 62 peccata:
1609 2773 158 62 neque
1715 2773 176 62 omnino
1838 2773 105 62 ad
1890 2773 193 62 aliquid
2031 2773 141 62 quod
2119 2773 123 62 est
2172 2773 105 62 con-

500 2820 166 61 silii.
617 2820 133 61 quia
700 2820 183 61 vtraque
832 2820 216 61 obligatio
998 2820 116 61 est
1065 2820 116 61 per
1131 2820 116 61 vim
1197 2820 249 61 vniuersalis
1397 2820 199 61 statuti:
1546 2820 83 61 &
1579 2820 100 61 ad
1629 2820 100 61 ea
1679 2820 133 61 quae
1762 2820 133 61 sunt
1845 2820 199 61 consilii
1994 2820 116 61 non
2060 2820 166 61 debent
2176 2820 100 61 ex
2210 2820 66 61 iu

494 2883 106 59 re
547 2883 248 59 charitatis
743 2883 142 59 vllo
831 2883 142 59 modo
920 2883 160 59 omnes
1026 2883 124 59 vel
1097 2883 177 59 plures
1222 2883 195 59 teneri:
1364 2883 142 59 nisi
1452 2883 106 59 ex
1505 2883 177 59 causa:
1630 2883 106 59 vt
1683 2883 160 59 prius
1789 2883 177 59 dictum
1913 2883 142 59 est:
2002 2883 142 59 quia
2073 2883 213 59 obseruatio

502 2935 283 62 consiliorum
729 2935 132 62 non
804 2935 132 62 est
880 2935 189 62 omnium
1012 2935 132 62 aut
1087 2935 227 62 plurium:
1257 2935 113 62 vt
1314 2935 113 62 in
1371 2935 245 62 penultima
1559 2935 245 62 videbitur
1748 2935 283 62 quaestione.
1975 2935 245 62 Indirecte
2145 2935 132 62 autem

501 2982 138 67 bene
587 2982 224 67 possibile
759 2982 121 67 est
828 2982 103 67 ad
880 2982 190 67 aliquid
1018 2982 172 67 talium
1139 2982 224 67 obligari:
1311 2982 207 67 scilicet
1466 2982 172 67 quando
1587 2982 155 67 simul
1691 2982 241 67 concurrunt
1880 2982 138 67 duae
1967 2982 224 67 actiones,
2139 2982 172 67 quarum

502 3039 145 62 vnam
592 3039 199 62 propter
737 3039 253 62 praeceptum
936 3039 163 62 fieri
1044 3039 127 62 est
1117 3039 289 62 necessarium:
1352 3039 199 62 alteram
1496 3039 145 62 vero
1587 3039 199 62 propter
1732 3039 253 62 electionem
1930 3039 163 62 fieri
2039 3039 127 62 est
2093 3039 181 62 volunta-

506 3087 149 68 rium:
606 3087 83 68 &
639 3087 116 68 hoc
705 3087 215 68 praecepto
870 3087 264 68 necessitatis
1085 3087 149 68 circa
1184 3087 132 68 vnum
1267 3087 248 68 praecedente
1465 3087 231 68 esectionem
1647 3087 231 68 voluntatis
1829 3087 149 68 circa
1928 3087 165 68 aliud,
2044 3087 83 68 &
2077 3087 116 68 non
2126 3087 149 68 econuer

501 3143 113 81 so.
565 3143 145 81 Verbi
662 3143 177 81 gratia,
791 3143 145 81 licet
888 3143 274 81 vniuersaliter
1113 3143 113 81 non
1178 3143 145 81 debet
1275 3143 145 81 fieri
1371 3143 210 81 obligatio
1533 3143 113 81 per
1597 3143 193 81 statutum
1742 3143 97 81 vt
1790 3143 145 81 omnes
1887 3143 113 81 vel
1952 3143 161 81 plures
2064 3143 242 81 contineant:
