2532 3694
552 209 131 73 res:
634 209 98 73 vt
683 209 98 73 si
732 209 197 73 sacerdos
879 209 115 73 non
945 209 115 73 est
1010 209 213 73 contentus
1174 209 131 73 illa
1256 209 262 73 confessione,
1469 209 164 73 iterum
1583 209 180 73 audiat.
1714 209 98 73 Et
1763 209 147 73 infra
1862 209 180 73 subdit:
1993 209 131 73 quod
2075 209 147 73 licet
2173 209 213 73 aliquando

551 268 214 71 teneatur
712 268 178 71 iterum
836 268 249 71 confiteri:
1032 268 125 71 non
1104 268 160 71 tamen
1211 268 196 71 frustra
1353 268 160 71 aliis
1460 268 303 71 confiteretur,
1709 268 214 71 perutile
1870 268 143 71 enim
1959 268 125 71 est
2030 268 214 71 pluribus
2173 268 178 71 sacerdo-

558 323 149 70 tibus
658 323 182 70 integre
791 323 232 70 confiteri.
973 323 133 70 Quia
1056 323 149 70 autem
1155 323 116 70 hoc
1222 323 166 70 posset
1338 323 166 70 fieri,
1454 323 149 70 arguo
1553 323 133 70 sic:
1636 323 216 70 quaerendo
1802 323 99 70 an
1852 323 133 70 Papa
1935 323 99 70 in
1984 323 232 70 priuilegio
2167 323 182 70 fratrum
2283 323 66 70 lo

556 373 105 82 co
608 373 175 82 illius
730 373 157 82 prout
835 373 210 82 generale
992 373 227 82 concilium
1167 373 210 82 statuit,
1324 373 175 82 potuit
1447 373 122 82 sic
1516 373 245 82 scripsisse
1709 373 157 82 atque
1813 373 245 82 statuisse:
2006 373 192 82 Volumus
2145 373 157 82 autem
2250 373 105 82 vt
2285 373 70 82 ii

549 442 128 59 qui
622 442 237 59 fratribus
804 442 328 59 confitebuntur,
1078 442 182 59 eisdem
1205 442 146 59 suis
1296 442 328 59 parrochialibus
1570 442 274 59 presbyteris
1789 442 237 59 confiteri
1971 442 182 59 saltem
2099 442 164 59 semel
2208 442 109 59 in
2245 442 109 59 anno

558 485 196 74 peccata
700 485 124 74 eis
772 485 213 74 confessa
932 485 160 74 eadem
1038 485 196 74 numero:
1181 485 107 74 ac
1234 485 160 74 etiam
1341 485 124 74 non
1412 485 213 74 confessa
1572 485 249 74 fratribus:
1767 485 267 74 nihilominus
1981 485 267 74 tenebuntur:
2194 485 142 74 Quin
2265 485 89 74 Pa-

556 536 104 76 pa
608 536 122 76 sic
677 536 209 76 statuere
834 536 192 76 possit:
973 536 139 76 nemo
1061 536 157 76 recte
1165 536 261 76 intelligens
1374 536 174 76 negare
1496 536 192 76 potest:
1635 536 139 76 quia
1722 536 122 76 sic
1792 536 209 76 statuens
1949 536 122 76 non
2018 536 139 76 nisi
2105 536 209 76 antiquum
2245 536 104 76 sta-

548 599 169 60 tutum
661 599 244 60 conseruat
848 599 206 60 tanquam
998 599 300 60 necessarium.
1242 599 94 60 &
1280 599 206 60 concedo
1430 599 131 60 cum
1505 599 131 60 hoc
1580 599 150 60 quod
1674 599 131 60 est
1749 599 300 60 voluntarium.
1993 599 169 60 Quare
2105 599 131 60 cum
2180 599 131 60 sic
2236 599 113 60 Papa

556 644 176 76 potest
680 644 229 76 statuere:
856 644 88 76 &
892 644 124 76 sic
962 644 159 76 facto
1068 644 194 76 statuto
1209 644 159 76 patet
1315 644 141 76 quod
1403 644 229 76 confessus
1580 644 176 76 fratri
1703 644 176 76 iterum
1827 644 212 76 iterando
1985 644 265 76 sacramentum
2180 644 176 76 poeniten

553 703 132 63 tiae
636 703 149 63 debet
735 703 149 63 eadem
834 703 116 63 suo
900 703 182 63 proprio
1033 703 215 63 sacerdoti
1198 703 231 63 confiteri:
1379 703 116 63 nec
1445 703 215 63 differret
1611 703 99 63 si
1660 703 116 63 sic
1726 703 231 63 statuisset
1908 703 99 63 ab
1958 703 99 63 eo
2007 703 132 63 quod
2090 703 132 63 modo
2172 703 182 63 statuit
2288 703 66 63 ni

554 754 104 79 si
606 754 156 79 sicut
710 754 243 79 explicitum
901 754 87 79 &
936 754 261 79 implicitum:
1144 754 243 79 manifestum
1335 754 122 79 est
1405 754 139 79 quod
1492 754 313 79 rationabiliter
1752 754 174 79 potest
1874 754 122 79 sic
1943 754 226 79 intelligi
2117 754 261 79 priuilegium
2308 754 52 79 &

565 812 192 64 exponi:
704 812 139 64 quia
791 812 314 64 rationabiliter
1053 812 174 64 potest
1175 812 122 64 per
1244 812 279 64 expositionem
1471 812 227 64 explicari
1645 812 139 64 quod
1732 812 244 64 implicitum
1924 812 139 64 est.
2011 812 105 64 AD
2064 812 209 64 tertium:
2221 812 139 64 quod
2290 812 70 64 si

564 866 222 66 fratribus
735 866 205 66 confessa
889 866 188 66 iterato
1025 866 171 66 essent
1145 866 256 66 confitenda:
1350 866 137 66 tunc
1435 866 154 66 nulla
1538 866 205 66 potestas
1692 866 154 66 esset
1794 866 120 66 eis
1862 866 205 66 collata:
2016 866 85 66 &
2050 866 154 66 esset
2136 866 222 66 priuilegium

558 921 259 63 delusorium:
765 921 207 63 Dicendum
920 921 138 63 quod
1007 921 173 63 falsum
1127 921 138 63 est.
1214 921 104 63 Ad
1265 921 155 63 cuius
1369 921 259 63 intellectum
1576 921 224 63 sciendum:
1749 921 138 63 quod
1835 921 190 63 fratres
1973 921 104 63 de
2025 921 138 63 iure
2111 921 190 63 conmuni
2232 921 121 63 licet

562 969 139 70 sint
649 969 261 70 sacerdotes,
858 969 174 70 claues
979 969 157 70 tamen
1084 969 174 70 habent
1206 969 209 70 ligatas,
1363 969 122 70 nec
1432 969 157 70 vllam
1537 969 261 70 executionem
1746 969 157 70 earum
1850 969 157 70 etiam
1955 969 157 70 inter
2059 969 104 70 se
2111 969 192 70 inuicem
2233 969 122 70 absol

561 1033 184 60 uendo:
689 1033 147 60 immo
781 1033 239 60 confiteri
966 1033 221 60 deberent
1131 1033 239 60 sacerdoti
1315 1033 110 60 in
1370 1033 166 60 cuius
1481 1033 239 60 parrochia
1665 1033 295 60 commorantur:
1904 1033 147 60 nisi
1996 1033 166 60 super
2107 1033 129 60 hoc
2162 1033 184 60 priuile-

568 1079 155 70 giati
671 1079 189 70 essent:
809 1079 86 70 &
843 1079 172 70 membra
964 1079 224 70 abstracta
1136 1079 103 70 de
1187 1079 189 70 corpore
1325 1079 275 70 parrochialis
1549 1079 241 70 ecclesiae.
1738 1079 120 70 Nec
1807 1079 103 70 ex
1859 1079 120 70 hoc
1928 1079 138 70 quod
2014 1079 103 70 ab
2065 1079 172 70 initio
2169 1079 189 70 habuerunt

561 1138 275 63 priuilegium
781 1138 147 63 quod
872 1138 165 63 mutuo
982 1138 202 63 possent
1129 1138 147 63 sese
1221 1138 257 63 absoluere,
1422 1138 220 63 poterunt
1587 1138 238 63 absoluere
1770 1138 183 63 plebem
1899 1138 257 63 sacerdotum
2082 1138 275 63 parrochialium

561 1190 199 64 dicente
705 1190 181 64 domino
832 1190 271 64 Innocentio.
1048 1190 162 64 iiii.
1157 1190 108 64 in
1211 1190 235 64 decretali
1391 1190 162 64 super
1500 1190 126 64 hoc
1572 1190 162 64 missa
1680 1190 181 64 domino
1806 1190 217 64 episcopo
1969 1190 271 64 Atrebatensi
2186 1190 126 64 pro
2240 1190 108 64 Dua-

565 1240 215 68 censibus
726 1240 179 68 contra
852 1240 215 68 fratres:
1013 1240 107 68 in
1067 1240 125 68 qua
1138 1240 125 68 quo
1210 1240 107 68 ad
1264 1240 125 68 hoc
1335 1240 215 68 declarat
1496 1240 125 68 ius
1568 1240 197 68 commune
1711 1240 179 68 dicens
1837 1240 143 68 sic.
1926 1240 143 68 Quia
2016 1240 125 68 cum
2087 1240 125 68 non
2159 1240 143 68 sint
2231 1240 125 68 alias

561 1290 200 64 iudices
706 1290 327 64 parrochianorum
978 1290 254 64 alienorum,
1178 1290 127 64 non
1250 1290 200 64 possent
1395 1290 163 64 ipsos
1504 1290 236 64 absoluere
1686 1290 145 64 nisi
1776 1290 181 64 petita
1903 1290 163 64 prius
2012 1290 91 64 &
2049 1290 200 64 obtenta
2176 1290 181 64 licentia

561 1350 88 64 a
597 1350 228 64 sacerdote
772 1350 210 64 proprio:
929 1350 158 64 iuxta
1034 1350 228 64 concilium
1209 1350 193 64 statuti
1349 1350 245 64 generalis.
1542 1350 228 64 Postmodum
1717 1350 158 64 autem
1822 1350 228 64 concessum
1997 1350 140 64 fuit
2085 1350 123 64 eis
2137 1350 228 64 priuilegium

555 1408 123 65 (vt
626 1408 175 65 credo)
748 1408 105 65 ab
801 1408 228 65 Alexandro
976 1408 158 65 Papa:
1081 1408 140 65 quod
1169 1408 193 65 aliorum
1309 1408 280 65 parrochianos
1537 1408 193 65 possent
1677 1408 210 65 recipere
1834 1408 105 65 ad
1887 1408 280 65 poenitentiam
2115 1408 140 65 sine
2185 1408 175 65 licentia

563 1466 169 55 proprii
685 1466 230 55 sacerdotis.
870 1466 184 55 secundum
1008 1466 138 55 tamen
1100 1466 123 55 quod
1176 1466 215 55 declarauit
1345 1466 169 55 Clemens
1468 1466 138 55 Papa,
1560 1466 92 55 si
1606 1466 184 55 licentia
1744 1466 169 55 obtenta
1867 1466 153 55 fuerit
1974 1466 153 55 Romani
2082 1466 261 55 potestificis:
2281 1466 77 55 aut

556 1518 230 58 legatorum
733 1518 159 58 eius:
840 1518 124 58 seu
911 1518 283 58 ordinariorum
1141 1518 213 58 locorum.
1300 1518 106 58 i.
1353 1518 283 58 episcoporum,
1584 1518 124 58 qua
1654 1518 195 58 obtenta
1796 1518 195 58 possent
1938 1518 195 58 populis
2080 1518 159 58 illis
2168 1518 195 58 subiectis

560 1558 169 70 libere
678 1558 253 70 praedicare:
880 1558 270 70 confessiones
1100 1558 185 70 audire:
1234 1558 236 70 absoluere,
1420 1558 84 70 &
1454 1558 270 70 poenitentias
1673 1558 219 70 salutares
1841 1558 236 70 iniungere:
2027 1558 185 70 aliorum
2162 1558 236 70 inferiorum

562 1621 273 62 praelatorum
780 1621 91 62 &
816 1621 273 62 ecclesiarum
1035 1621 218 62 rectorum
1198 1621 109 62 ac
1253 1621 255 62 sacerdotum
1453 1621 309 62 parrochialium
1707 1621 218 62 consensu
1871 1621 182 62 minime
1998 1621 255 62 requisito:
2198 1621 164 62 illis
2289 1621 73 62 ca

563 1673 144 62 sibus
659 1673 209 62 exceptis,
820 1673 112 62 qui
884 1673 96 62 de
932 1673 128 62 iure
1012 1673 128 62 siue
1093 1673 96 62 de
1141 1673 257 62 consuetudine
1350 1673 112 62 seu
1414 1673 225 62 retentione
1590 1673 96 62 ab
1639 1673 112 62 eis
1703 1673 241 62 specialiter
1895 1673 161 62 facta,
2008 1673 177 62 legatis
2136 1673 161 62 sedis,
2249 1673 80 62 &
2265 1673 96 62 ordi

552 1725 169 57 nariis
670 1725 236 57 praedictis
856 1725 287 57 relinquuntur:
1092 1725 101 57 ad
1142 1725 135 57 quos
1226 1725 118 57 non
1294 1725 152 57 licet
1395 1725 118 57 eis
1463 1725 152 57 manus
1564 1725 219 57 extendere
1732 1725 135 57 nisi
1817 1725 152 57 ipsis
1918 1725 253 57 specialiter
2103 1725 253 57 conmittantur:

566 1779 248 59 quemadmodum
764 1779 116 59 vsi
830 1779 132 59 sunt
912 1779 182 59 fratres
1044 1779 149 59 vsque
1143 1779 132 59 nunc
1226 1779 215 59 licentiam
1391 1779 231 59 accipiendo
1572 1779 99 59 in
1622 1779 231 59 praedictis
1803 1779 198 59 officiis
1952 1779 231 59 exercendis
2133 1779 99 59 ab
2166 1779 198 59 ordinariis

563 1828 200 76 locorum.
713 1828 117 76 Per
780 1828 133 76 quid
864 1828 217 76 derogatum
1030 1828 117 76 est
1097 1828 133 76 iuri
1181 1828 234 76 sacerdotum
1364 1828 284 76 parrochialium
1598 1828 100 76 in
1648 1828 184 76 duobus.
1781 1828 100 76 In
1831 1828 117 76 vne
1898 1828 200 76 scilicet
2048 1828 133 76 quod
2131 1828 133 76 fine
2215 1828 150 76 eorum
2298 1828 67 76 li

564 1896 174 58 centia
685 1896 191 58 fratres
824 1896 104 58 in
876 1896 156 58 eorum
980 1896 226 58 parrochia
1154 1896 226 58 praedicta
1328 1896 191 58 officia
1467 1896 260 58 exercebant.
1675 1896 174 58 Aliud,
1796 1896 139 58 quod
1883 1896 208 58 confessi
2039 1896 226 58 fratribus
2213 1896 122 58 non
2265 1896 87 58 te-

569 1944 213 62 nebantur
729 1944 106 62 ad
782 1944 213 62 proprios
941 1944 213 62 sacerdos
1101 1944 195 62 reuerti
1242 1944 159 62 eadem
1349 1944 159 62 illis
1455 1944 266 62 confitendo,
1667 1944 159 62 prout
1774 1944 106 62 ab
1827 1944 230 62 aliquibus
2004 1944 248 62 dicebatur.
2199 1944 159 62 Demum
2287 1944 71 62 au

570 1997 134 64 tem
646 1997 210 64 dominus
799 1997 229 64 Martinus
971 1997 153 64 Papa
1066 1997 267 64 priuilegio
1276 1997 134 64 suo
1352 1997 267 64 potestatem
1562 1997 210 64 fratrum
1714 1997 114 64 in
1772 1997 172 64 multo
1886 1997 267 64 ampliauit:
2096 1997 153 64 quia
2191 1997 134 64 cum
2249 1997 114 64 pri-

569 2051 105 57 us
621 2051 227 57 oporteret
795 2051 192 57 fratres
935 2051 227 57 licentiam
1109 2051 227 57 exercendi
1283 2051 157 57 dicta
1388 2051 192 57 officia
1527 2051 174 57 petere
1649 2051 87 57 &
1684 2051 209 57 obtinere
1841 2051 105 57 ab
1893 2051 227 57 episcopis
2068 2051 87 57 &
2103 2051 296 57 sacerdotibus:

564 2102 140 69 nunc
651 2102 192 69 dominus
790 2102 209 69 Martinus
947 2102 227 69 concessit
1122 2102 122 69 eis
1192 2102 105 69 vt
1244 2102 122 69 sua
1314 2102 262 69 auctoritate
1523 2102 140 69 illa
1611 2102 175 69 libere
1733 2102 244 69 exercerent
1925 2102 192 69 vbique:
2064 2102 175 69 nemine
2186 2102 122 69 eos
2239 2102 122 69 impe-

572 2156 188 71 diente:
708 2156 102 71 vt
760 2156 119 71 non
828 2156 119 71 sit
896 2156 119 71 eis
964 2156 188 71 necesse
1101 2156 154 71 super
1203 2156 119 71 hoc
1272 2156 222 71 requirere
1442 2156 256 71 sacerdotes:
1647 2156 154 71 neque
1750 2156 154 71 etiam
1852 2156 239 71 episcopos,
2040 2156 137 71 nisi
2125 2156 102 71 in
2176 2156 188 71 casibus
2296 2156 68 71 ma

564 2207 182 67 ioribus
697 2207 215 67 praelatis
863 2207 132 67 modo
945 2207 215 67 praedicto
1111 2207 248 67 reseruatis.
1310 2207 232 67 Reseruatur
1492 2207 149 67 autem
1591 2207 116 67 ius
1657 2207 265 67 sacerdotibus
1873 2207 298 67 parrochialibus
2121 2207 99 67 in
2171 2207 132 67 hoc,
2254 2207 132 67 quod

564 2262 271 70 parrochiani
781 2262 163 70 eorum
889 2262 217 70 confessi
1052 2262 235 70 fratribus
1233 2262 271 70 auctoritate
1449 2262 145 70 noui
1540 2262 253 70 priuilegii
1739 2262 217 70 tenentur
1901 2262 108 70 ad
1955 2262 127 70 eos
2028 2262 199 70 reuerti
2172 2262 163 70 omnia
2263 2262 90 70 pec

568 2318 145 64 cata
658 2318 127 64 sua
731 2318 271 64 confitendo:
947 2318 145 64 quid
1038 2318 163 64 prius
1146 2318 127 64 eis
1219 2318 145 64 erat
1309 2318 271 64 subtractum.
1526 2318 108 64 In
1580 2318 127 64 quo
1652 2318 199 64 dominus
1797 2318 217 64 Martinus
1959 2318 90 64 a
1996 2318 181 64 multis
2122 2318 217 64 creditur
2267 2318 90 64 val

574 2374 88 62 de
618 2374 176 62 consulte
750 2374 161 62 egisse:
868 2374 191 62 fratribus
1015 2374 176 62 scilicet
1147 2374 176 62 faciendo
1279 2374 176 62 gratiam,
1411 2374 73 62 &
1440 2374 147 62 aliis,
1543 2374 191 62 episcopis
1690 2374 176 62 scilicet
1822 2374 103 62 qui
1881 2374 147 62 tenent
1983 2374 117 62 loca
2057 2374 235 62 apostolorum,
2248 2374 73 62 &
2262 2374 103 62 sacer

564 2426 162 53 dotibus
682 2426 103 53 qui
741 2426 147 53 tenent
844 2426 118 53 loca
918 2426 236 53 discipulorum
1110 2426 192 53 secundum.
1257 2426 133 53 glos.
1346 2426 103 53 Lu.
1405 2426 88 53 x.
1449 2426 88 53 &.
1493 2426 118 53 xxi.
1567 2426 133 53 dist.
1655 2426 147 53 decre.
1759 2426 88 53 S.
1803 2426 88 53 i.
1847 2426 88 53 &.
1891 2426 162 53 lxviii.
2009 2426 133 53 dist.
2098 2426 88 53 c.
2142 2426 192 53 Episcopi.
2275 2426 88 53 iura

565 2470 115 73 sua
630 2470 264 73 conseruando.
845 2470 82 73 &
878 2470 115 73 hoc
944 2470 99 73 ne
993 2470 132 73 ordo
1075 2470 297 73 ecclesiasticus
1323 2470 297 73 confunderetur:
1570 2470 231 73 attendendo
1751 2470 165 73 illud.
1867 2470 115 73 xi.
1932 2470 99 73 q.
1982 2470 99 73 i.
2031 2470 214 73 Peruenit.
2196 2470 99 73 Si
2229 2470 132 73 vnicui

567 2542 134 56 qued
651 2542 118 56 sua
718 2542 252 56 iurisdictio
920 2542 118 56 non
987 2542 252 56 obseruetur:
1189 2542 134 56 quid
1273 2542 151 56 aliud
1374 2542 168 56 agitur
1492 2542 134 56 nisi
1576 2542 101 56 vt
1626 2542 118 56 per
1694 2542 118 56 nos
1761 2542 118 56 per
1828 2542 134 56 quos
1912 2542 303 56 ecclesiasticus
2164 2542 134 56 ordo
2232 2542 134 56 custo-

570 2585 130 60 diri
651 2585 163 60 debuit
765 2585 261 60 confundatur:
977 2585 98 60 de
1026 2585 130 60 quo.
1107 2585 130 60 xxv.
1189 2585 130 60 quod
1270 2585 114 60 ii.
1336 2585 98 60 De
1384 2585 310 60 ecclesiasticis.
1645 2585 81 60 &
1678 2585 212 60 capitulis
1841 2585 261 60 sequentibus.
2052 2585 98 60 De
2101 2585 114 60 quo
2166 2585 147 60 etiam
2248 2585 114 60 dicit

565 2636 137 66 Ber.
650 2636 137 66 iii.
736 2636 103 66 ad
787 2636 222 66 Eugenium.
958 2636 103 66 Tu
1009 2636 103 66 ne
1061 2636 188 66 denique
1197 2636 137 66 tibi
1283 2636 188 66 licitum
1420 2636 188 66 censeas
1556 2636 137 66 suis
1642 2636 222 66 ecclesias
1813 2636 205 66 mutilare
1967 2636 205 66 membris:
2121 2636 239 66 confundere
2292 2636 68 66 or

566 2694 175 61 dinem:
689 2694 246 61 perturbare
882 2694 211 61 terminos
1040 2694 140 61 quos
1128 2694 228 61 posuerunt
1303 2694 175 61 patres
1426 2694 140 61 tui:
1514 2694 105 61 Si
1566 2694 228 61 iustitiae
1742 2694 123 61 est
1812 2694 123 61 ius
1882 2694 175 61 cuique
2005 2694 193 61 seruare
2145 2694 158 61 suum,
2233 2694 123 61 aufer

567 2749 102 65 re
618 2749 187 65 cuiquam
754 2749 119 65 sua
822 2749 153 65 iusto
924 2749 187 65 quomodo
1060 2749 187 65 poterit
1196 2749 238 65 conuenire:
1383 2749 85 65 &
1417 2749 170 65 infra.
1536 2749 102 65 Et
1587 2749 187 65 quomodo
1723 2749 136 65 quos
1808 2749 136 65 deus
1893 2749 221 65 coniunxit
2063 2749 119 65 non
2131 2749 136 65 sunt
2216 2749 187 65 separan

560 2806 133 53 di:
636 2806 133 53 sic
712 2806 171 53 neque
826 2806 152 53 quos
921 2806 228 53 seiunxit
1092 2806 285 53 comparandi.
1320 2806 228 53 Monstrum
1490 2806 190 53 facis,
1623 2806 114 53 si
1680 2806 152 53 manu
1775 2806 247 53 submouens
1965 2806 209 53 digitum
2117 2806 171 53 facis
2212 2806 152 53 pende-

564 2855 104 59 re
616 2855 104 59 de
668 2855 174 59 capite
790 2855 244 59 superiorem
981 2855 139 59 manu
1069 2855 192 59 brachio
1208 2855 296 59 collateralem.
1452 2855 139 59 Tale
1539 2855 139 59 est:
1626 2855 104 59 si
1678 2855 104 59 in
1730 2855 192 59 corpore
1869 2855 192 59 Christi
2009 2855 174 59 membra
2131 2855 174 59 aliter
2235 2855 122 59 locas

572 2910 134 56 quam
656 2910 134 56 ipse
740 2910 235 56 disposuit.
925 2910 84 56 &
958 2910 168 56 infra.
1076 2910 117 56 Nec
1143 2910 151 56 vilem
1243 2910 185 56 reputes
1378 2910 168 56 formam
1495 2910 134 56 hanc
1579 2910 134 56 quia
1663 2910 101 56 in
1713 2910 168 56 terris
1831 2910 134 56 est:
1915 2910 201 56 exemplar
2066 2910 151 56 habet
2166 2910 101 56 in
2217 2910 168 56 caelo.

565 2960 163 60 sicut,
679 2960 98 60 n.
727 2960 146 60 illic
825 2960 195 60 cherubin
971 2960 81 60 &
1004 2960 211 60 seraphin,
1167 2960 98 60 ac
1215 2960 179 60 caeteri
1346 2960 163 60 quique
1459 2960 146 60 vsque
1557 2960 98 60 ad
1606 2960 244 60 archangelos
1801 2960 81 60 &
1833 2960 179 60 angelos
1964 2960 228 60 ordinantur
2143 2960 114 60 sub
2208 2960 114 60 vno
2256 2960 98 60 capi

570 3013 108 62 te
624 3013 144 62 deo:
714 3013 126 62 ita
786 3013 126 62 hic
858 3013 180 62 quoque
985 3013 126 62 sub
1057 3013 126 62 vno
1129 3013 234 62 pontifice
1309 3013 162 62 summo
1417 3013 234 62 primates,
1598 3013 126 62 vel
1670 3013 288 62 Patriarchae,
1904 3013 325 62 Archiepiscopi,
2175 3013 90 62 &
2193 3013 162 62 Episco-

570 3072 121 80 pi,
639 3072 260 80 presbyteri,
847 3072 121 80 vel
916 3072 208 80 abbates,
1072 3072 87 80 &
1106 3072 190 80 reliqui
1245 3072 104 80 in
1296 3072 138 80 hunc
1383 3072 173 80 modum:
1504 3072 138 80 quod
1591 3072 104 80 si
1643 3072 156 80 dicat
1746 3072 242 80 Episcopus,
1937 3072 138 80 nolo
2023 3072 138 80 esse
2110 3072 121 80 sub
2162 3072 190 80 Archiepi
