2420 3650
186 227 144 83 parte
282 227 257 83 remissionem,
491 227 177 83 gratiae
619 227 305 83 augmentationem,
876 227 80 83 &
908 227 96 83 in
956 227 128 83 casu
1036 227 209 83 proposito
1197 227 96 83 ad
1245 227 160 83 plenam
1357 227 209 83 ecclesiae
1518 227 209 83 militanti
1662 227 305 83 reconciliationem:

187 307 87 61 &
221 307 104 61 si
274 307 174 61 nuilum
395 307 191 61 aliorum
535 307 174 61 esset,
657 307 104 61 ad
709 307 157 61 dubii
813 307 157 61 tacti
918 307 104 61 in
970 307 261 61 praecedenti
1179 307 244 61 quaestione
1370 307 244 61 amotionem,
1562 307 87 61 &
1596 307 104 61 ad
1649 307 209 61 cauendum
1788 307 174 61 peccatum

187 351 278 55 inobedientiae
415 351 82 55 &
448 351 326 55 transgressionis,
725 351 180 55 propter
856 351 180 55 statuti
987 351 229 55 ecclesiae,
1166 351 114 55 vel
1231 351 180 55 proprii
1362 351 131 55 voti
1444 351 278 55 obligationem.
1672 351 98 55 Et
1721 351 212 55 pertinent
1868 351 98 55 ista

191 406 102 56 ad
242 406 204 56 effectum
395 406 272 56 poenitentiae
616 406 119 56 non
684 406 272 56 principalem:
905 406 85 56 &
939 406 119 56 quo
1007 406 102 56 ad
1058 406 136 56 illa
1144 406 170 56 nuilum
1263 406 170 56 omnino
1382 406 272 56 inconveniens
1603 406 119 56 est
1671 406 255 56 sacramentum
1858 406 102 56 poe-

200 452 192 70 nitentiae
348 452 177 70 iterari.
480 452 118 70 Quia
554 452 133 70 etiam
642 452 162 70 peccata
760 452 88 70 de
804 452 147 70 quibus
908 452 162 70 aliquis
1026 452 103 70 est
1085 452 206 70 confessus,
1247 452 74 70 &
1276 452 118 70 rite
1350 452 192 70 absolutus
1497 452 88 70 ab
1541 452 88 70 eo
1586 452 103 70 qui
1645 452 162 70 potest:
1762 452 103 70 hoc
1821 452 118 70 modo
1880 452 74 70 pos

195 512 129 59 sint
276 512 129 59 dici
357 512 129 59 esse
437 512 129 59 sua:
518 512 113 59 hoc
583 512 178 59 liquide
712 512 146 59 patet
810 512 97 59 ex
858 512 113 59 hoc
923 512 97 59 de
971 512 113 59 quo
1036 512 162 59 nullus
1149 512 194 59 dubitat.
1295 512 178 59 Constat
1424 512 129 59 enim
1505 512 129 59 quod
1586 512 275 59 quantuncumque
1812 512 129 59 quis
1877 512 81 59 ri-

196 564 101 64 te
247 564 218 64 confessus
414 564 84 64 &
448 564 218 64 absolutus
616 564 134 64 est:
700 564 84 64 &
733 564 151 64 nullo
834 564 134 64 modo
918 564 218 64 obligatus
1086 564 101 64 ad
1136 564 168 64 iterum
1254 564 252 64 confitendum
1455 564 101 64 de
1506 564 168 64 eisdem
1623 564 201 64 postquam
1774 564 151 64 semel
1858 564 101 64 fue-

183 619 120 52 rit
252 619 241 52 confessus:
441 619 172 52 potest
561 619 155 52 tamen
664 619 172 52 sponte
785 619 86 52 &
819 619 189 52 propria
957 619 224 52 voluntate
1129 619 155 52 eadem
1232 619 172 52 iterum
1352 619 241 52 confiteri:
1541 619 86 52 &
1576 619 189 52 tenetur
1713 619 103 52 in
1765 619 189 52 casibus
1885 619 69 52 su

190 670 106 69 pra
251 670 182 69 notatis:
387 670 76 69 &
418 670 137 69 tamen
509 670 167 69 iterato
630 670 213 69 confitendo
797 670 152 69 nuilus
904 670 167 69 diceret
1025 670 137 69 quind
1116 670 243 69 confiteretur
1314 670 182 69 peccata,
1451 670 76 69 &
1481 670 106 69 non
1542 670 122 69 alia
1618 670 122 69 quam
1694 670 122 69 sua.
1770 670 152 69 Aliter
1861 670 91 69 enim

188 726 229 64 mentiretur
368 726 213 64 confitens
531 726 196 64 dicendo:
679 726 213 64 confiteor
843 726 180 64 peccata
974 726 115 64 mea
1039 726 115 64 &c.
1105 726 82 64 &
1137 726 213 64 similiter
1301 726 213 64 absoluens
1465 726 196 64 dicendo:
1612 726 115 64 Ego
1678 726 98 64 te
1727 726 180 64 absoluo
1858 726 82 64 a
1874 726 82 64 pec

190 775 152 66 catis
292 775 152 66 tuis.
393 775 220 66 Similiter
563 775 254 66 frequentius
766 775 237 66 contingit:
952 775 136 66 quod
1037 775 136 66 ante
1122 775 271 66 confessionem
1342 775 85 66 &
1376 775 271 66 absolutionem
1596 775 119 66 per
1664 775 237 66 sacerdotem
1833 775 119 66 impen

187 828 112 69 sam
251 828 208 69 poenitens
411 828 96 69 ab
459 828 176 69 omnibus
587 828 192 69 peccatis
731 828 128 69 suis
811 828 112 69 per
875 828 160 69 cordis
987 828 256 69 contritionem
1196 828 224 69 absoluitur
1372 828 80 69 a
1404 828 128 69 deo:
1484 828 112 69 qui
1548 828 144 69 tamen
1644 828 128 69 quia
1724 828 208 69 obligatus
1868 828 80 69 est

185 879 96 66 ad
233 879 241 66 confitendum
426 879 161 66 homini
538 879 96 66 ex
586 879 209 66 praecepto
747 879 80 66 &
779 879 177 66 statuto
907 879 144 66 legis
1004 879 225 66 euangelii:
1180 879 177 66 propter
1309 879 144 66 illam
1405 879 257 66 obligationem
1614 879 144 66 debet
1710 879 112 66 cum
1758 879 193 66 conteritur

189 934 82 55 &
221 934 115 55 deo
287 934 247 55 confitetur,
485 934 165 55 habere
601 934 231 55 propositum
782 934 99 55 ad
832 934 247 55 confitendum
1030 934 148 55 omnia
1128 934 181 55 peccata
1260 934 115 55 sua
1326 934 181 55 homini,
1458 934 132 55 quae
1541 934 132 55 tunc
1623 934 99 55 in
1673 934 247 55 contritione
1871 934 115 55 qua

179 986 93 68 si
225 986 216 68 confitetur
395 986 124 68 deo,
472 986 124 68 quod
549 986 93 68 si
596 986 108 68 non
657 986 185 68 haberet:
796 986 108 68 non
858 986 139 68 esset
951 986 124 68 vere
1028 986 216 68 contritus:
1198 986 108 68 nec
1260 986 216 68 poenitens,
1430 986 108 68 nec
1492 986 77 68 a
1522 986 108 68 deo
1584 986 263 68 absolueretur.
1801 986 93 68 Et
1847 986 139 68 tamen

177 1041 116 64 non
244 1041 199 64 obstante
393 1041 133 64 quod
476 1041 116 64 est
542 1041 215 64 confessus
708 1041 133 64 deo,
790 1041 83 64 &
824 1041 215 64 absolutus
989 1041 99 64 ab
1039 1041 116 64 eo,
1105 1041 182 64 propter
1238 1041 265 64 obligationem
1453 1041 182 64 tenetur
1586 1041 149 64 eadem
1685 1041 182 64 iterato
1817 1041 116 64 ore
1867 1041 83 64 con

178 1093 170 70 fiteri
297 1093 188 70 homini.
434 1093 119 70 Nec
502 1093 119 70 est
570 1093 205 70 dicendum
724 1093 136 70 quin
809 1093 256 70 confiteatur
1013 1093 205 70 peccata,
1167 1093 85 70 &
1201 1093 136 70 quin
1286 1093 136 70 sua:
1371 1093 153 70 licet
1474 1093 153 70 nulla
1576 1093 170 70 habeat
1695 1093 239 70 praedictis
1866 1093 85 70 tri

174 1145 120 62 bus
243 1145 172 62 modis.
363 1145 224 62 Consimili
535 1145 138 62 ergo
621 1145 138 62 modo
707 1145 224 62 obligatus
879 1145 120 62 per
948 1145 206 62 statutum
1102 1145 224 62 ecclesiae
1274 1145 103 62 ad
1326 1145 258 62 confitendum
1532 1145 155 62 semel
1635 1145 103 62 in
1687 1145 138 62 anno
1773 1145 120 62 suo
1842 1145 138 62 pro-

172 1199 133 70 prio
256 1199 233 70 sacerdoti:
438 1199 150 70 licet
538 1199 216 70 confessus
705 1199 166 70 fuerit
821 1199 150 70 prius
921 1199 183 70 alteri:
1054 1199 83 70 &
1087 1199 216 70 absolutus
1253 1199 100 70 ab
1303 1199 116 70 eo:
1370 1199 249 70 nihilominus
1569 1199 183 70 tenetur
1703 1199 183 70 soluere
1819 1199 133 70 obliga

184 1260 159 61 tionem,
299 1260 72 61 &
328 1260 130 61 eadem
415 1260 174 61 peccatam
545 1260 101 61 iam
603 1260 174 61 confessa
733 1260 188 61 confiteri
878 1260 101 61 suo
936 1260 159 61 proprio
1052 1260 203 61 sacerdoti:
1211 1260 72 61 &
1240 1260 101 61 hoc
1298 1260 101 61 non
1356 1260 116 61 nisi
1428 1260 188 61 peccatam:
1573 1260 72 61 &
1602 1260 101 61 non
1660 1260 116 61 nisi
1732 1260 116 61 sua.
1804 1260 145 61 Potest
1891 1260 58 61 au

177 1309 111 67 tem
240 1309 79 67 &
272 1309 158 67 aliter
383 1309 237 67 responderi,
572 1309 174 67 dicendo
699 1309 126 67 quod
778 1309 95 67 in
825 1309 190 67 peccatis
967 1309 111 67 est
1030 1309 174 67 quatuor
1157 1309 253 67 considerare.
1362 1309 190 67 scilicet
1505 1309 174 67 peccati
1631 1309 142 67 actum
1726 1309 126 67 siue
1805 1309 95 67 in
1836 1309 111 67 facto

186 1362 217 63 exteriori,
357 1362 124 63 siue
435 1362 93 63 in
481 1362 248 63 cogitatione,
683 1362 124 63 siue
761 1362 93 63 in
808 1362 217 63 locutione,
978 1362 78 63 &
1009 1362 124 63 tria
1087 1362 217 63 praedicta,
1258 1362 171 63 macuil.
1382 1362 186 63 scilicet
1522 1362 202 63 offensam,
1677 1362 78 63 &
1708 1362 171 63 reatum.
1832 1362 93 63 Et
1863 1362 78 63 sup

179 1413 144 56 ficit
275 1413 208 56 confiteri
435 1413 192 56 peccatum
579 1413 112 56 sub
643 1413 176 56 ratione
771 1413 112 56 qua
835 1413 160 56 factum
947 1413 176 56 quoddam
1076 1413 128 56 est:
1156 1413 112 56 nec
1220 1413 224 56 requiritur
1396 1413 128 56 quod
1476 1413 240 56 confiteatur
1668 1413 112 56 sub
1732 1413 176 56 ratione
1860 1413 112 56 qua

183 1466 110 69 est
246 1466 157 69 macula
356 1466 110 69 vel
419 1466 173 69 offensa
545 1466 110 69 vel
608 1466 173 69 reatus:
734 1466 126 69 nisi
812 1466 204 69 implicite
969 1466 110 69 sub
1032 1466 173 69 ratione
1158 1466 141 69 facti
1252 1466 110 69 iam
1315 1466 204 69 extantis:
1472 1466 189 69 scilicet
1614 1466 126 69 quid
1692 1466 204 69 aliquando
1850 1466 79 69 a
1865 1466 79 69 con

176 1518 188 55 fitente
313 1518 257 55 perpetratum
518 1518 205 55 extitit.
672 1518 120 55 Nec
740 1518 171 55 aliter
860 1518 171 55 solent
980 1518 188 55 homines
1117 1518 188 55 peccata
1254 1518 240 55 confiteri:
1442 1518 137 55 nisi
1527 1518 205 55 dicendo.
1681 1518 171 55 Domine
1801 1518 120 55 ego
1852 1518 86 55 fe-

181 1574 104 61 ci
233 1574 156 61 illud
337 1574 260 61 homicidium,
545 1574 156 61 illud
649 1574 260 61 adulterium,
857 1574 87 61 &
892 1574 121 61 sic
961 1574 104 61 de
1013 1574 225 61 caeteris.
1186 1574 104 61 in
1238 1574 121 61 quo
1308 1574 243 61 confitetur
1499 1574 139 61 homo
1585 1574 104 61 se
1637 1574 208 61 habuisse
1793 1574 173 61 quando

180 1624 116 64 que
247 1624 99 64 in
296 1624 99 64 se
346 1624 182 64 peccati
479 1624 199 64 maculam,
628 1624 83 64 &
661 1624 182 64 diuinam
794 1624 216 64 offensam,
960 1624 83 64 &
993 1624 99 64 ad
1043 1624 166 64 poenam
1159 1624 199 64 aeternam
1308 1624 282 64 obligationem:
1540 1624 133 64 etsi
1623 1624 149 64 forte
1722 1624 116 64 non
1789 1624 116 64 pro
1839 1624 99 64 ten-

170 1681 115 63 pore
242 1681 245 63 confessionis.
443 1681 86 63 Et
486 1681 101 63 sic
544 1681 187 63 confitend
688 1681 158 63 dicitur
803 1681 72 63 &
832 1681 173 63 censetur
961 1681 115 63 homo
1033 1681 115 63 vere
1105 1681 72 63 &
1134 1681 115 63 rite
1206 1681 187 63 confiteri
1350 1681 173 63 peccatam
1479 1681 101 63 sua
1537 1681 173 63 secundum
1667 1681 130 63 illam
1738 1681 202 63 definitionem

173 1731 189 66 Augustin.
319 1731 145 66 contra
420 1731 174 66 Faustum.
551 1731 174 66 Pctantum
682 1731 102 66 est
740 1731 145 66 factum
842 1731 102 66 vel
900 1731 145 66 dictum
1001 1731 102 66 vel
1060 1731 189 66 cogitatum
1205 1731 145 66 contra
1306 1731 131 66 legen
1394 1731 116 66 dei.
1466 1731 145 66 Nullus
1568 1731 131 66 autem
1655 1731 102 66 sic
1713 1731 203 66 confitetur
1873 1731 87 66 di

172 1784 160 57 cendo.
284 1784 128 57 Dene
364 1784 112 57 ego
428 1784 112 57 iam
493 1784 176 57 hominem
621 1784 176 57 occido:
749 1784 112 57 ego
813 1784 128 57 nunc
893 1784 96 57 in
941 1784 208 57 adulterio
1102 1784 160 57 iaceo.
1214 1784 112 57 hic
1278 1784 128 57 enim
1358 1784 112 57 non
1422 1784 144 57 esset
1518 1784 224 57 confessio:
1695 1784 128 57 quia
1775 1784 112 57 nec
1823 1784 112 57 esset

170 1837 102 68 ibi
229 1837 233 68 poenitentia:
418 1837 116 68 quia
491 1837 175 68 praesens
622 1837 131 68 actus
709 1837 160 68 peccati
826 1837 102 68 non
884 1837 116 68 stat
957 1837 102 68 cum
1015 1837 218 68 poenitentia
1190 1837 131 68 vera.
1277 1837 189 68 Praeterea
1422 1837 116 68 etsi
1495 1837 218 68 contingeret
1670 1837 116 68 quod
1743 1837 87 68 in
1786 1837 131 68 actum
1859 1837 73 68 com

162 1894 179 63 fitendi
292 1894 146 63 esset
389 1894 227 63 actualiter
568 1894 146 63 adhuc
665 1894 195 63 infectus
811 1894 179 63 peccati
941 1894 179 63 macula,
1071 1894 81 63 &
1104 1894 195 63 obnoxius
1250 1894 179 63 diuinae
1380 1894 211 63 offensae,
1542 1894 81 63 &
1575 1894 162 63 poenae
1688 1894 211 63 aeternae,
1851 1894 114 63 pro

167 1945 119 66 pter
242 1945 224 66 imperfectam
421 1945 254 66 contritionem:
629 1945 104 66 non
689 1945 134 66 tamen
779 1945 104 66 sic
838 1945 239 66 confiteretur
1032 1945 119 66 Dene
1107 1945 104 66 ego
1166 1945 104 66 iam
1226 1945 104 66 sum
1286 1945 179 66 infectus
1420 1945 164 66 peccati
1539 1945 164 66 macula:
1659 1945 179 66 obnoxius
1793 1945 164 66 diuinae

164 2006 195 57 offensae,
314 2006 75 57 &
344 2006 150 57 poenae
449 2006 195 57 aeternae:
599 2006 120 57 quia
674 2006 135 57 vtrum
764 2006 105 57 sit
824 2006 135 57 adhuc
914 2006 150 57 talis:
1019 2006 150 57 certus
1123 2006 120 57 esse
1198 2006 105 57 non
1258 2006 165 57 potest:
1378 2006 225 57 quemadmodum
1558 2006 150 57 certus
1663 2006 120 57 esse
1738 2006 150 57 potest
1843 2006 120 57 quod

168 2052 189 64 aliquando
314 2052 116 64 tale
386 2052 116 64 quid
459 2052 218 64 commiserit.
633 2052 160 64 Constat
749 2052 131 64 autem
836 2052 116 64 quod
908 2052 116 64 illi
981 2052 131 64 actus
1068 2052 160 64 peccati
1184 2052 116 64 quos
1257 2052 131 64 dicto
1344 2052 116 64 modo
1416 2052 218 64 confitetur:
1590 2052 102 64 non
1648 2052 189 64 manserunt
1779 2052 145 64 postquam

167 2103 243 65 perpetrati
358 2103 174 65 erant:
480 2103 87 65 &
514 2103 139 65 ideo
601 2103 122 65 non
671 2103 191 65 possunt
810 2103 139 65 esse
897 2103 191 65 peccata
1036 2103 122 65 sua
1106 2103 157 65 quasi
1210 2103 122 65 iam
1280 2103 157 65 sint:
1384 2103 122 65 sed
1453 2103 139 65 quia
1540 2103 226 65 aliquando
1714 2103 191 65 fuerunt
1836 2103 87 65 per

161 2161 190 64 petrata
299 2161 104 64 ab
351 2161 156 64 ipso.
455 2161 190 64 Propter
593 2161 138 64 quod
680 2161 156 64 licet
784 2161 121 64 per
853 2161 277 64 absolutionem
1078 2161 208 64 peceatum
1234 2161 190 64 desinit
1372 2161 138 64 esse
1459 2161 138 64 suum
1545 2161 121 64 quo
1614 2161 104 64 ad
1666 2161 156 64 illud
1770 2161 138 64 quod
1839 2161 87 64 ali

166 2215 182 68 quando
293 2215 145 68 erat
384 2215 109 68 in
438 2215 254 68 substantia
638 2215 182 68 actus:
766 2215 127 68 aut
838 2215 109 68 in
893 2215 164 68 anima
1002 2215 236 68 inficiens
1184 2215 127 68 eam
1256 2215 91 68 &
1293 2215 145 68 deum
1384 2215 254 68 offendens,
1584 2215 91 68 &
1620 2215 109 68 ad
1675 2215 182 68 poenam
1784 2215 145 68 aeter-

160 2259 105 69 nam
220 2259 195 69 obligans:
370 2259 165 69 nunquam
489 2259 135 69 tamen
579 2259 165 69 desinit
699 2259 120 69 esse
774 2259 120 69 suum
849 2259 105 69 quo
909 2259 90 69 ad
954 2259 105 69 hoc
1014 2259 120 69 quod
1088 2259 225 69 perpetratum
1268 2259 165 69 extitit
1388 2259 90 69 ab
1433 2259 135 69 ipso:
1523 2259 120 69 quia
1598 2259 120 69 quid
1672 2259 135 69 semel
1762 2259 150 69 factum
1852 2259 75 69 est

160 2316 97 59 de
208 2316 177 59 caetero
337 2316 113 59 non
402 2316 177 59 poterit
531 2316 113 59 non
595 2316 161 59 fuisse
708 2316 177 59 factum.
837 2316 193 59 secundum
982 2316 226 59 Augustinus
1159 2316 161 59 contra
1272 2316 193 59 Faustum,
1417 2316 81 59 &
1450 2316 258 59 philosophum.
1659 2316 129 59 iii.
1724 2316 193 59 Ethicorum.

176 2372 111 50 PER
239 2372 126 50 idem
318 2372 142 50 patet
413 2372 205 50 responsio
571 2372 95 50 ad
618 2372 205 50 septimum:
776 2372 174 50 dicendo
903 2372 126 50 quod
981 2372 158 50 fratri
1092 2372 205 50 confessus
1250 2372 174 50 tenetur
1376 2372 158 50 iterum
1487 2372 205 50 confiteri
1645 2372 174 50 proprio
1771 2372 174 50 sacerdo

156 2421 118 70 ti.
224 2421 118 70 Vno
291 2421 135 70 modo
376 2421 101 70 vt
426 2421 203 70 peccator
578 2421 84 70 &
612 2421 169 70 habens
730 2421 203 70 peccata.
882 2421 135 70 Alio
967 2421 152 70 modo:
1068 2421 101 70 vt
1118 2421 118 70 non
1186 2421 219 70 peccator,
1355 2421 84 70 &
1389 2421 118 70 non
1456 2421 169 70 habens
1574 2421 203 70 peccata.
1709 2421 203 70 Confitetur

161 2475 129 73 enim
241 2475 97 73 vt
290 2475 193 73 peccator
435 2475 161 73 habens
547 2475 177 73 peccata
676 2475 225 73 praesentia
853 2475 97 73 in
902 2475 258 73 recordatione
1111 2475 97 73 ad
1159 2475 209 73 dolendum,
1320 2475 81 73 &
1352 2475 177 73 caetera
1481 2475 209 73 praedicta
1642 2475 225 73 faciendum,
1819 2475 129 73 quid

157 2527 190 57 sufficit
299 2527 95 57 ad
347 2527 253 57 denominandum
552 2527 142 57 ipsum
647 2527 221 57 peccatorem
821 2527 79 57 &
853 2527 190 57 habentem
995 2527 190 57 peccatam
1137 2527 111 57 sua
1201 2527 95 57 ad
1248 2527 237 57 confitendum
1438 2527 206 57 veraciter
1596 2527 158 57 absque
1706 2527 126 57 omni
1786 2527 158 57 menda-

156 2580 126 64 cio:
235 2580 79 64 a
266 2580 157 64 quibus
376 2580 141 64 habet
471 2580 173 64 absolui
596 2580 299 64 sacramentaliter
848 2580 110 64 quo
910 2580 94 64 ad
958 2580 236 64 secundarium
1146 2580 189 64 effectum
1288 2580 267 64 absolutionis:
1507 2580 141 64 licet
1602 2580 110 64 non
1665 2580 110 64 quo
1727 2580 94 64 ad
1759 2580 157 64 principa

158 2632 117 55 lem.
232 2632 176 55 Peccata,
363 2632 234 55 nmpraeterita
553 2632 161 55 faciunt
670 2632 161 55 hominem
787 2632 219 55 peccatorem:
963 2632 117 55 quia
1036 2632 161 55 faciunt
1153 2632 161 55 hominem
1270 2632 176 55 debentem
1402 2632 146 55 semper
1504 2632 146 55 habere
1607 2632 234 55 conscientiam
1797 2632 146 55 redar-

150 2683 162 71 guentem
268 2683 89 71 de
313 2683 162 71 peccato
431 2683 133 71 prius
520 2683 192 71 commisso.
667 2683 133 71 Isto.
756 2683 89 71 nm
800 2683 118 71 modo
874 2683 148 71 sancti
977 2683 89 71 in
1022 2683 103 71 hac
1081 2683 118 71 vita
1155 2683 222 71 confitentur
1332 2683 89 71 se
1376 2683 207 71 peccatores
1539 2683 74 71 &
1568 2683 177 71 habentes
1701 2683 192 71 peccatam:
1834 2683 74 71 non

152 2737 99 66 iam
208 2737 113 66 actu
279 2737 225 66 inficientia:
462 2737 99 66 sed
518 2737 113 66 quae
589 2737 127 66 prius
673 2737 211 66 inficientia
842 2737 197 66 habuerunt:
997 2737 70 66 &
1025 2737 127 66 talia
1110 2737 169 66 peccatam
1237 2737 113 66 sua,
1307 2737 70 66 &
1335 2737 113 66 tali
1406 2737 113 66 modo
1476 2737 169 66 peccatam
1603 2737 169 66 expresse
1716 2737 197 66 confitentur,

149 2799 98 63 cum
205 2799 140 63 dicunt
303 2799 84 63 in
345 2799 98 63 sua
402 2799 168 63 generali
528 2799 225 63 confessione.
710 2799 182 63 confiteor
851 2799 126 63 omnia
935 2799 168 63 peccatam
1061 2799 112 63 mea:
1131 2799 112 63 quia
1201 2799 98 63 ego
1257 2799 168 63 peccator
1384 2799 154 63 peccaui
1496 2799 140 63 nimis,
1594 2799 154 63 quaelis
1707 2799 126 63 etiam
1777 2799 140 63 sufficit

156 2845 99 59 cum
212 2845 127 59 facta
297 2845 141 59 fuerit
396 2845 170 59 secrete,
523 2845 85 59 ad
566 2845 99 59 hoc
622 2845 113 59 quod
693 2845 156 59 dicatur
806 2845 254 59 sacramentalis.
1018 2845 99 59 Sed
1075 2845 113 59 esto
1146 2845 113 59 quod
1216 2845 156 59 aliquis
1329 2845 141 59 omnino
1428 2845 127 59 velit
1513 2845 141 59 dicere
1612 2845 113 59 quod
1683 2845 127 59 talis
1753 2845 156 59 confessio

152 2905 100 59 non
209 2905 100 59 sit
266 2905 257 59 sacramentalis:
480 2905 114 59 quid
551 2905 128 59 tamen
637 2905 143 59 nuilus
736 2905 143 59 dicere
836 2905 143 59 debet:
936 2905 143 59 saltem
1036 2905 100 59 hoc
1093 2905 128 59 debet
1179 2905 114 59 esse
1250 2905 200 59 manifestum
1407 2905 86 59 ex
1450 2905 214 59 praedictis:
1621 2905 114 59 quod
1692 2905 185 59 confessus
1820 2905 86 59 fra-

150 2949 107 59 tri,
217 2949 121 59 eadem
297 2949 161 59 peccatam
418 2949 121 59 debet
498 2949 174 59 sacerdoti
632 2949 94 59 suo
686 2949 188 59 confiteri,
833 2949 121 59 quasi
914 2949 147 59 secreta
1021 2949 147 59 quaedam
1128 2949 215 59 recitatione.
1303 2949 94 59 AD.
1356 2949 121 59 viii.
1437 2949 121 59 patet
1517 2949 94 59 per
1571 2949 188 59 praedicta:
1718 2949 147 59 quomodo
1812 2949 94 59 absol

129 3003 111 58 uens
198 3003 97 58 non
254 3003 166 58 mentitur
378 3003 166 58 dicendo,
503 3003 152 58 absoluo
614 3003 83 58 te
655 3003 69 58 a
683 3003 166 58 peccatis
807 3003 125 58 tuis:
890 3003 83 58 eo
932 3003 111 58 modo
1001 3003 111 58 quae
1070 3003 97 58 non
1126 3003 180 58 mentitur:
1264 3003 97 58 cum
1320 3003 166 58 iandudum
1444 3003 152 58 remissa
1555 3003 111 58 sunt
1624 3003 180 58 peccatam,
1763 3003 166 58 dicendo.

148 3056 101 87 Ego
205 3056 188 87 confiteor
350 3056 174 87 peccatam
480 3056 116 87 mea.
552 3056 72 87 &
581 3056 101 87 hoc
639 3056 87 87 si
683 3056 231 87 intelligatur
871 3056 116 87 fore
943 3056 188 87 mendacium
1088 3056 174 87 dicendo:
1218 3056 159 87 Absoluo
1333 3056 87 87 te
1377 3056 72 87 a
1406 3056 174 87 peccatis
1536 3056 130 87 tuis,
1623 3056 87 87 ex
1666 3056 130 87 parte
1753 3056 116 87 eius
1825 3056 116 87 quid
