2518 3724
542 295 101 79 la
593 295 218 79 clausula.
761 295 185 79 Volumus
895 295 151 79 autem
996 295 118 79 &c.
1063 295 101 79 ad
1113 295 134 79 suum
1197 295 235 79 sacerdotem
1382 295 185 79 peccata
1517 295 168 79 fratri
1634 295 218 79 confessus
1802 295 151 79 eidem
1903 295 218 79 sacerdoti
2071 295 118 79 non
2138 295 235 79 recitaret:

550 363 118 63 sed
618 363 202 63 diceret:
769 363 185 63 Domine,
904 363 118 63 non
971 363 152 63 habeo
1072 363 185 63 peccata
1207 363 101 63 de
1257 363 168 63 quibus
1375 363 135 63 mihi
1459 363 202 63 conscius
1611 363 135 63 sum:
1695 363 101 63 eo
1746 363 135 63 quod
1830 363 152 63 talis
1931 363 118 63 (ut
1998 363 168 63 dicunt
2116 363 202 63 fratres)
2251 363 84 63 cum

558 412 131 66 vere
640 412 115 66 sit
705 412 82 66 a
738 412 164 66 fratre
853 412 213 66 absolutus
1017 412 98 66 ab
1066 412 181 66 omnibus
1198 412 197 66 peccatis
1345 412 148 66 suis:
1444 412 164 66 nullum
1559 412 197 66 peccatum
1706 412 164 66 habet.
1821 412 131 66 Vnde
1903 412 98 66 vt
1953 412 230 66 ostendatur
2133 412 115 66 eis
2199 412 115 66 hoc
2248 412 82 66 fal

549 463 108 69 sum
610 463 108 69 per
672 463 186 69 exemplum
812 463 93 69 in
858 463 108 69 quo
920 463 108 69 est
982 463 217 69 consimilis
1152 463 201 69 obligatio
1307 463 93 69 ad
1353 463 217 69 referendum
1523 463 108 69 iam
1585 463 201 69 confessa:
1740 463 93 69 in
1786 463 108 69 quo
1848 463 124 69 luce
1926 463 170 69 clarius
2049 463 108 69 est
2111 463 124 69 quod
2173 463 155 69 infideli

545 519 117 61 ter
612 519 167 61 ageret
729 519 117 61 qui
796 519 117 61 non
863 519 201 61 referret
1014 519 184 61 peccata
1148 519 117 61 iam
1215 519 201 61 confessa
1366 519 100 61 ob
1416 519 134 61 hanc
1500 519 184 61 causam,
1634 519 134 61 quia
1717 519 117 61 iam
1784 519 117 61 non
1851 519 151 61 habet
1952 519 117 61 ea:
2019 519 100 61 eo
2069 519 134 61 quod
2153 519 100 61 ab
2203 519 117 61 eis
2253 519 84 61 est

548 568 226 69 absolutus:
726 568 81 69 &
758 568 113 69 est
822 568 194 69 exemplum
968 568 145 69 istud
1065 568 97 69 in
1113 568 129 69 casu
1194 568 226 69 propositae
1372 568 258 69 quaestionis:
1582 568 97 69 ad
1630 568 129 69 quam
1711 568 145 69 clara
1808 568 113 69 est
1873 568 178 69 omnibus
2002 568 226 69 responsio:
2179 568 194 69 Dicendum

547 627 122 66 est:
623 627 122 66 quod
699 627 199 66 supposito
852 627 122 66 quod
929 627 92 66 de
974 627 183 66 consensu
1112 627 229 66 confitentis
1295 627 137 66 facta
1387 627 107 66 sit
1448 627 137 66 talis
1540 627 199 66 commissio
1692 627 199 66 sacerdoti
1845 627 76 66 a
1876 627 107 66 suo
1937 627 214 66 superiori:
2105 627 168 66 quoniam
2212 627 122 66 aliter

548 678 110 60 non
611 678 157 60 posset
721 678 204 60 confessor
877 678 188 60 reuelare
1018 678 125 60 ipsi
1097 678 188 60 supeiori
1238 678 188 60 peccatam
1379 678 125 60 sibi
1457 678 204 60 confessa:
1613 678 235 60 simpliciter
1801 678 78 60 &
1833 678 188 60 absolute
1974 678 125 60 ille
2052 678 94 60 in
2099 678 204 60 proposito
2240 678 94 60 casu

544 728 246 63 infideliter
740 728 213 63 referret:
905 728 82 63 &
937 728 148 63 esset
1036 728 213 63 infidelis
1200 728 197 63 relator:
1348 728 131 63 quod
1430 728 197 63 referret
1577 728 164 63 contra
1692 728 164 63 formam
1807 728 82 63 &
1840 728 164 63 moduui
1955 728 279 63 conmissionis,
2184 728 82 63 &
2201 728 131 63 contra

547 787 219 64 intentionem
723 787 248 64 committentis:
927 787 117 64 quam
1000 787 234 64 sufficienter
1190 787 102 64 per
1248 787 131 64 verba
1336 787 234 64 commissionis
1526 787 117 64 suae
1599 787 204 64 expressit.
1759 787 175 64 Iniumxit
1891 787 117 64 enim
1964 787 204 64 committens
2125 787 117 64 quod
2198 787 88 64 ei
2227 787 102 64 refer

550 836 98 71 ret
606 836 168 71 peccatam
732 836 112 71 quae
802 836 112 71 ille
872 836 112 71 sibi
942 836 238 71 confiteretur:
1138 836 196 71 intendendo
1292 836 112 71 quod
1362 836 196 71 quaecumque
1515 836 112 71 ille
1585 836 112 71 sibi
1655 836 238 71 confiteretur,
1851 836 112 71 ipse
1921 836 84 71 ei
1963 836 126 71 eadem
2047 836 98 71 sub
2103 836 126 71 eadem
2187 836 126 71 forma
2257 836 84 71 reci

552 898 152 62 tando
654 898 220 62 referret:
823 898 186 62 habendo
958 898 203 62 aspectum
1111 898 102 62 ad
1162 898 186 62 peccata
1297 898 102 62 ab
1348 898 135 62 illo
1433 898 237 62 perpetrata
1619 898 102 62 de
1670 898 254 62 praeterito.
1873 898 135 62 Nunc
1957 898 152 62 autem
2059 898 254 62 respondendo
2245 898 85 62 ne-

549 948 169 63 gatiue:
672 948 169 63 dicende
795 948 185 63 scilicet
933 948 123 63 quod
1010 948 108 63 non
1072 948 139 63 habet
1164 948 185 63 peccata:
1303 948 108 63 non
1364 948 200 63 respondet
1518 948 200 63 petitioni
1672 948 154 63 factae
1780 948 92 63 in
1826 948 246 63 conmissione:
2026 948 108 63 sed
2088 948 169 63 deludit
2195 948 139 63 interro

553 1009 168 64 gantem
671 1009 117 64 seu
738 1009 268 64 conmittentem
956 1009 235 64 sophistice
1140 1009 201 64 scilicet
1291 1009 218 64 dirigendo
1459 1009 252 64 intentionem
1660 1009 101 64 ad
1710 1009 184 64 peccata
1845 1009 201 64 confessa
1996 1009 117 64 non
2063 1009 101 64 vt
2113 1009 201 64 hactenus
2247 1009 84 64 per

558 1058 206 65 petrata:
713 1058 206 65 qualiter
868 1058 103 65 ad
919 1058 103 65 ea
971 1058 224 65 dirigebat
1143 1058 258 65 intentionem
1349 1058 258 65 committens:
1556 1058 120 65 sed
1625 1058 103 65 vt
1676 1058 120 65 iam
1745 1058 258 65 inficientia
1951 1058 155 65 ipsum
2055 1058 275 65 confitentem:
2261 1058 69 65 de

558 1110 115 60 quo
623 1110 148 60 nihil
722 1110 214 60 cogitabat
887 1110 115 60 nec
953 1110 197 60 cogitare
1101 1110 165 60 debuit
1216 1110 247 60 committens.
1413 1110 82 60 &
1446 1110 132 60 quid
1529 1110 181 60 amplius
1660 1110 132 60 est,
1743 1110 115 60 sic
1808 1110 230 60 respondens
1989 1110 197 60 insinuat
2121 1110 214 60 committenti

552 1164 128 70 quod
632 1164 128 70 ille
712 1164 144 70 nulla
808 1164 176 70 peccata
935 1164 160 70 habuit
1047 1164 128 70 sibi
1127 1164 240 70 confitenda.
1319 1164 112 70 Est
1383 1164 144 70 autem
1478 1164 224 70 consimilis
1654 1164 208 70 obligatio
1814 1164 96 70 in
1862 1164 128 70 isto
1942 1164 144 70 casu,
2037 1164 80 70 &
2069 1164 96 70 in
2117 1164 128 70 casu
2181 1164 144 70 praedi-

547 1218 145 60 ctae
637 1218 290 60 quaestionis:
873 1218 127 60 sed
945 1218 199 60 differt
1090 1218 235 60 solummodo
1271 1218 127 60 quo
1344 1218 109 60 ad
1398 1218 235 60 obligatum
1579 1218 235 60 hincinde:
1760 1218 91 60 &
1797 1218 127 60 quo
1869 1218 109 60 ad
1923 1218 290 60 absolutionis
2141 1218 199 60 effectum.

559 1267 140 66 Quia
647 1267 105 66 in
700 1267 140 66 isto
787 1267 140 66 casu
875 1267 228 66 obligatur
1050 1267 228 66 confessor
1225 1267 105 66 ad
1278 1267 245 66 referendum
1471 1267 88 66 &
1506 1267 158 66 quasi
1611 1267 263 66 confitendum
1821 1267 210 66 praelato
1979 1267 140 66 vice
2066 1267 210 66 confessi
2206 1267 123 66 omnia

568 1320 163 68 peccam
682 1320 163 68 illius
796 1320 131 68 sibi
878 1320 212 68 confessa.
1041 1320 98 68 In
1090 1320 131 68 illo
1172 1320 131 68 vero
1254 1320 131 68 casu
1335 1320 212 68 obligatur
1499 1320 131 68 ipse
1581 1320 212 68 confessus
1744 1320 98 68 ad
1793 1320 229 68 referendum
1973 1320 82 68 &
2005 1320 245 68 confitendum
2201 1320 98 68 in
2250 1320 114 68 pro

562 1378 138 70 pria
648 1378 189 70 persona
785 1378 206 70 praelato
940 1378 120 70 suo
1009 1378 189 70 peccata
1146 1378 155 70 eadem
1250 1378 138 70 quae
1336 1378 120 70 iam
1404 1378 224 70 confessus
1576 1378 138 70 est.
1662 1378 103 70 Et
1714 1378 103 70 in
1766 1378 138 70 illo
1852 1378 138 70 casu
1937 1378 224 70 confessus
2109 1378 224 70 obligatus
2264 1378 69 70 si

551 1435 104 59 in
603 1435 243 59 confitendo
794 1435 121 59 non
863 1435 191 59 haberet
1002 1435 243 59 propositum
1193 1435 226 59 fideliter
1366 1435 226 59 referendi
1540 1435 208 59 praelato
1696 1435 121 59 suo
1765 1435 156 59 omnia
1869 1435 139 59 quae
1956 1435 278 59 confiteretur
2182 1435 191 59 fratri:

558 1491 105 53 ab
610 1491 140 53 ipso
697 1491 244 53 nullatenus
889 1491 297 53 absolueretur.
1133 1491 105 53 Et
1186 1491 122 53 ita
1255 1491 122 53 quo
1325 1491 105 53 ad
1377 1491 122 53 hoc
1447 1491 122 53 non
1517 1491 174 53 restat
1639 1491 227 53 concessio
1814 1491 157 53 facta
1918 1491 209 53 confesso
2075 1491 105 53 de
2128 1491 244 53 confitendo

555 1535 193 69 fratri:
696 1535 140 69 siue
783 1535 123 69 sub
853 1535 263 69 obligatione
1064 1535 140 69 siue
1151 1535 123 69 sub
1221 1535 263 69 conditione:
1432 1535 140 69 quia
1519 1535 158 69 sicut
1624 1535 123 69 non
1695 1535 245 69 intendendo
1887 1535 228 69 adimplere
2063 1535 105 69 id
2115 1535 105 69 ad
2168 1535 140 69 quid
2238 1535 105 69 erat

559 1592 236 64 obligatus:
744 1592 118 64 non
812 1592 286 64 absolueretur:
1048 1592 118 64 sic
1115 1592 118 64 nec
1182 1592 270 64 absolueretur
1401 1592 101 64 si
1452 1592 152 64 facta
1553 1592 185 64 fuisset
1688 1592 219 64 concessio
1856 1592 118 64 sub
1924 1592 253 64 conditione:
2126 1592 135 64 nisi
2193 1592 135 64 scili-

566 1641 120 64 cet
635 1641 241 64 confitendo
824 1641 241 64 proponeret
1013 1641 258 64 conditionem
1220 1641 241 64 adimplere:
1409 1641 138 64 quia
1495 1641 120 64 iam
1564 1641 120 64 non
1633 1641 189 64 extaret
1770 1641 224 64 conditio:
1942 1641 206 64 secundum
2097 1641 138 64 quod
2183 1641 138 64 haec
2252 1641 86 64 pa-

567 1694 144 64 tent
657 1694 108 64 ex
711 1694 162 64 supra
818 1694 305 64 determinatis.
1070 1694 108 64 In
1123 1694 144 64 isto
1213 1694 144 64 vero
1303 1694 144 64 casu
1393 1694 233 64 confessor
1572 1694 233 64 obligatus
1752 1694 108 64 ad
1806 1694 269 64 referendum:
2021 1694 144 64 etsi
2111 1694 108 64 in
2165 1694 215 64 audiendo

567 1751 285 70 confessionem
798 1751 89 70 &
834 1751 249 70 absoluendo
1030 1751 125 70 non
1101 1751 196 70 haberet
1243 1751 249 70 propositum
1439 1751 231 70 fideliter
1617 1751 231 70 referendi
1795 1751 213 70 praelato
1955 1751 142 70 sibi
2044 1751 231 70 confessa:
2204 1751 142 70 nihilo

569 1808 159 66 minus
675 1808 265 66 absolueret.
887 1808 106 66 Et
940 1808 123 66 ita
1010 1808 123 66 quo
1081 1808 106 66 ad
1134 1808 123 66 hoc
1204 1808 176 66 multum
1328 1808 176 66 refert
1451 1808 229 66 concessio
1628 1808 159 66 facta
1733 1808 247 66 confessori
1927 1808 106 66 de
1980 1808 212 66 audiendo
2121 1808 212 66 confessio-

570 1856 124 71 nem
641 1856 195 71 illius,
783 1856 89 71 &
819 1856 248 71 absoluendo
1014 1856 160 71 ipsum
1120 1856 106 71 de
1174 1856 213 71 peccatis
1333 1856 142 71 suis
1422 1856 124 71 sub
1493 1856 266 71 obligatione
1706 1856 89 71 &
1742 1856 124 71 sub
1813 1856 266 71 conditione:
2026 1856 142 71 quia
2114 1856 160 71 facta
2203 1856 142 71 commis

564 1918 160 67 sione
671 1918 124 67 sub
742 1918 284 67 obligatione:
973 1918 124 67 non
1044 1918 249 67 intendendo
1239 1918 195 67 implere
1381 1918 107 67 id
1434 1918 107 67 ad
1488 1918 142 67 quid
1576 1918 142 67 erat
1665 1918 249 67 obligatus:
1861 1918 266 67 nihilominus
2074 1918 266 67 absolueret,
2269 1918 71 67 vt

572 1969 165 63 dictum
688 1969 132 63 est.
771 1969 116 63 Sed
837 1969 165 63 multum
952 1969 215 63 peccaret.
1117 1969 149 63 Pacta
1216 1969 132 63 vero
1299 1969 132 63 sibi
1381 1969 248 63 commissione
1580 1969 116 63 sub
1646 1969 248 63 conditione:
1844 1969 99 63 vt
1893 1969 198 63 scilicet
2042 1969 132 63 eius
2108 1969 231 63 confessionem

571 2020 191 66 audiret
709 2020 87 66 &
744 2020 260 66 absolueret:
952 2020 104 66 si
1004 2020 243 66 intenderet
1195 2020 156 66 omnia
1299 2020 139 66 sibi
1385 2020 208 66 commissa
1542 2020 225 66 fideliter
1715 2020 208 66 referre:
1871 2020 139 66 iste
1958 2020 156 66 nullo
2062 2020 139 66 modo
2131 2020 208 66 absolueret

574 2090 133 54 nisi
658 2090 150 54 istam
758 2090 250 54 conditionem
958 2090 217 54 fideliter
1125 2090 217 54 adimplere
1292 2090 250 54 intenderet.
1492 2090 133 54 Quia
1575 2090 100 54 si
1626 2090 217 54 postmodum
1792 2090 250 54 intentionem
1993 2090 200 54 mutaret,
2143 2090 100 54 vt
2193 2090 117 54 non
2260 2090 117 54 in-

574 2125 210 71 tenderet
731 2125 210 71 referre:
889 2125 123 71 aut
959 2125 123 71 non
1029 2125 245 71 fideliter:
1221 2125 175 71 multum
1344 2125 228 71 peccaret.
1519 2125 123 71 Sed
1589 2125 158 71 tamen
1694 2125 140 71 ille
1781 2125 228 71 absolutus
1956 2125 210 71 maneret:
2114 2125 263 71 quemadmodum

577 2183 173 67 dictum
698 2183 121 67 est
767 2183 208 67 superius
923 2183 104 67 de
975 2183 156 67 ipso:
1079 2183 139 67 quod
1166 2183 104 67 si
1218 2183 243 67 intenderet
1408 2183 139 67 actu
1495 2183 121 67 vel
1564 2183 173 67 habitu
1686 2183 104 67 in
1738 2183 243 67 confitendo
1928 2183 87 67 &
1963 2183 277 67 absolutionem
2171 2183 173 67 accipiem

574 2238 104 70 do
626 2238 156 70 eadem
730 2238 226 70 fideliter
904 2238 226 70 confiteri
1077 2238 191 70 proprio
1216 2238 226 70 praelato:
1390 2238 278 70 absolueretur
1616 2238 87 70 &
1650 2238 191 70 maneret
1789 2238 243 70 absolutus:
1980 2238 156 70 licet
2085 2238 226 70 postmodum
2241 2238 104 70 muta

576 2295 120 64 ret
644 2295 273 64 intentionem:
866 2295 103 64 vt
918 2295 120 64 non
986 2295 239 64 intenderet
1174 2295 154 64 eadem
1277 2295 222 64 confiteri
1447 2295 188 64 proprio
1584 2295 222 64 sacerdoti
1755 2295 120 64 aut
1823 2295 120 64 non
1892 2295 239 64 fideliter.
2080 2295 120 64 Sed
2148 2295 154 64 tamen
2233 2295 103 64 pec-

574 2338 158 80 caret
680 2338 193 80 peccato
820 2338 315 80 inobedientiae:
1083 2338 140 80 quid
1170 2338 193 80 omnibus
1310 2338 210 80 peccatis
1468 2338 228 80 confessis
1643 2338 105 80 ab
1696 2338 158 80 ipso,
1801 2338 245 80 quodammodo
1994 2338 333 80 praeponderaret.
2256 2338 88 80 Pro

578 2400 131 65 pter
659 2400 131 65 quod
741 2400 196 65 grauiter
888 2400 196 65 peccaret
1036 2400 131 65 ille
1117 2400 114 65 qui
1183 2400 131 65 sibi
1265 2400 196 65 confesso
1412 2400 98 65 in
1461 2400 131 65 tali
1543 2400 245 65 obligatione
1739 2400 229 65 consuleret
1919 2400 131 65 siue
2001 2400 196 65 suaderet
2148 2400 98 65 ne
2197 2400 131 65 sibi
2262 2400 82 65 com

573 2451 140 73 fessa
667 2451 171 73 iterato
792 2451 249 73 confiteretur
994 2451 109 73 suo
1057 2451 171 73 proprio
1181 2451 218 73 sacerdoti:
1353 2451 109 73 aut
1415 2451 109 73 sic
1477 2451 218 73 instrueret
1649 2451 125 73 eum,
1727 2451 78 73 &
1758 2451 203 73 assereret
1914 2451 94 73 ei
1960 2451 125 73 quod
2038 2451 109 73 non
2101 2451 203 73 teneretur
2241 2451 109 73 eadem

582 2513 214 60 confiteri
746 2513 181 60 proprio
878 2513 230 60 sacerdoti:
1059 2513 115 60 sed
1125 2513 148 60 solum
1224 2513 165 60 dicere
1339 2513 115 60 ei.
1405 2513 181 60 Denene,
1536 2513 115 60 ego
1602 2513 148 60 nulla
1701 2513 148 60 habeo
1800 2513 198 60 peccata:
1948 2513 82 60 &
1981 2513 132 60 ideo
2063 2513 115 60 non
2129 2513 165 60 teneor
2228 2513 115 60 vobis

576 2567 223 59 confiteri:
752 2567 112 59 nec
815 2567 128 59 illa
895 2567 128 59 quae
975 2567 160 59 fratri
1087 2567 207 59 confessus
1246 2567 128 59 sum.
1326 2567 80 59 &
1358 2567 112 59 hoc
1422 2567 223 59 informando
1597 2567 96 59 in
1645 2567 112 59 hoc
1709 2567 255 59 conscientiam
1916 2567 191 59 confessi
2060 2567 128 59 sibi
2140 2567 128 59 illa
2203 2567 144 59 friuola

575 2604 170 77 ratione
698 2604 186 77 scilicet
837 2604 124 77 quia
915 2604 186 77 postquam
1054 2604 108 77 est
1116 2604 201 77 confessus
1270 2604 77 77 &
1301 2604 217 77 absolutus:
1472 2604 108 77 iam
1533 2604 108 77 non
1595 2604 139 77 habet
1688 2604 170 77 peccata
1812 2604 124 77 quae
1889 2604 108 77 sua
1951 2604 124 77 sunt
2028 2604 93 77 ad
2075 2604 247 77 confitendum:
2260 2604 93 77 quem

575 2674 179 59 admodum
705 2674 162 59 multum
818 2674 195 59 peccaret
965 2674 114 59 qui
1030 2674 97 59 in
1078 2674 130 59 isto
1159 2674 130 59 casu
1241 2674 227 59 confessori
1419 2674 114 59 sic
1484 2674 195 59 obligato
1630 2674 227 59 consuleret
1809 2674 114 59 aut
1874 2674 195 59 suaderet
2020 2674 97 59 ne
2069 2674 130 59 sibi
2150 2674 195 59 confessa
2280 2674 65 59 re

579 2721 153 66 ferret
686 2721 199 66 praelato:
838 2721 107 66 aut
899 2721 107 66 sic
960 2721 214 66 instrueret
1128 2721 107 66 eum
1190 2721 76 66 &
1220 2721 199 66 assereret
1373 2721 92 66 ei
1419 2721 122 66 quod
1495 2721 107 66 non
1556 2721 199 66 teneretur
1709 2721 92 66 ad
1754 2721 122 66 hoc:
1831 2721 107 66 sed
1892 2721 122 66 quod
1968 2721 137 66 solum
2060 2721 168 66 deberet
2182 2721 92 66 ei
2213 2721 137 66 dicere.

572 2778 174 64 Denee,
694 2778 140 64 iste
781 2778 227 64 confessus
955 2778 140 64 mihi
1043 2778 157 64 nulla
1147 2778 192 64 peccata
1287 2778 174 64 habet:
1409 2778 122 64 sed
1479 2778 174 64 mundus
1601 2778 122 64 est
1671 2778 87 64 &
1706 2778 192 64 immunis
1845 2778 105 64 ab
1897 2778 140 64 omni
1985 2778 209 64 peccato,
2142 2778 87 64 &
2177 2778 122 64 hoc
2229 2778 122 64 infor

576 2823 138 66 mando
668 2823 123 66 eius
745 2823 246 66 conscientiam
945 2823 169 66 friuola
1068 2823 169 66 ratione
1191 2823 215 66 praedicta:
1360 2823 123 66 immo
1437 2823 123 66 iste
1514 2823 92 66 in
1560 2823 200 66 referendo
1714 2823 185 66 turpiter
1853 2823 215 66 mentiretur
2022 2823 108 66 non
2083 2823 200 66 referendo
2237 2823 92 66 se
2283 2823 92 66 ad

579 2881 244 66 intentionem
774 2881 130 66 eius
855 2881 114 66 cui
920 2881 146 66 facit
1017 2881 244 66 relationem.
1212 2881 211 66 argumento
1375 2881 130 66 eius
1456 2881 130 66 quid
1537 2881 146 66 dicit
1634 2881 195 66 lsidorus
1781 2881 146 66 libro
1878 2881 179 66 secundo
2008 2881 260 66 sententiarum
2203 2881 146 66 suarum.

574 2933 73 60 &
604 2933 176 60 habetur.
736 2933 132 60 xxii.
824 2933 103 60 qu.
883 2933 88 60 v.
927 2933 191 60 Quacumque
1073 2933 117 60 arte
1147 2933 176 60 verborum
1279 2933 117 60 quis
1352 2933 147 60 iurat:
1455 2933 117 60 Deus
1528 2933 132 60 tamen
1616 2933 103 60 qui
1675 2933 235 60 conscientiae
1866 2933 147 60 testis
1968 2933 103 60 est
2027 2933 103 60 ita
2086 2933 103 60 hoc
2145 2933 161 60 accipit
2247 2933 103 60 sicut

578 2991 121 60 ille
654 2991 106 60 cui
714 2991 167 60 iuratur
836 2991 227 60 intelligit.
1018 2991 136 60 Valde
1109 2991 152 60 igitur
1215 2991 197 60 consultum
1366 2991 212 60 consilium,
1533 2991 136 60 sicut
1624 2991 152 60 pastor
1730 2991 136 60 bonus
1821 2991 197 60 prouidens
1973 2991 152 60 ouibus
2079 2991 136 60 suis,
2170 2991 106 60 dat
2216 2991 136 60 dominus

580 3039 196 77 Martinus
726 3039 212 77 fratribus
889 3039 98 77 in
938 3039 163 77 vltima
1053 3039 196 77 clausula
1199 3039 228 77 priuilegii
1379 3039 147 77 eorum
1477 3039 114 77 cum
1542 3039 163 77 dicit.
1656 3039 196 77 Quiamque
1803 3039 147 77 iidem
1900 3039 179 77 fratres
2031 3039 114 77 &c.
2096 3039 196 77 Secundum
2227 3039 130 77 igitur

582 3107 242 79 argumentum
772 3107 207 79 secundum
927 3107 121 79 iam
996 3107 259 79 determinata
1203 3107 259 79 simpliciter
1410 3107 259 79 concedendum
1618 3107 138 79 est.
1704 3107 104 79 AD
1756 3107 173 79 primum
1877 3107 155 79 autem
1980 3107 155 79 patet
2084 3107 224 79 responsio
2256 3107 104 79 ex
2291 3107 69 79 di

585 3159 129 82 ctis
666 3159 146 82 supra
763 3159 97 82 in
811 3159 227 82 quaestione
989 3159 97 82 de
1038 3159 178 82 fratrum
1167 3159 227 82 priuilegio
1345 3159 97 82 in
1394 3159 227 82 solutione.
1572 3159 113 82 vi.
1637 3159 227 82 argumenti.
1814 3159 129 82 vii.
1895 3159 97 82 &.
1928 3159 113 82 viii.
