2408 3662
148 302 152 93 dicus
249 302 152 93 debet
351 302 169 93 scire.
469 302 135 93 Vnde
553 302 169 93 subdit
671 302 101 93 ad
722 302 219 93 vtriusque
891 302 169 93 partis
1009 302 287 93 expositionem.
1245 302 186 93 Medicus
1380 302 135 93 enim
1464 302 186 93 dicitur
1599 302 236 93 perfectus:
1785 302 84 93 a
1819 302 118 93 quo

149 380 142 64 nihil
244 380 221 64 diminuitur
417 380 95 64 ex
465 380 110 64 eis
528 380 126 64 quae
606 380 205 64 pertinent
764 380 95 64 ad
811 380 189 64 actionem
953 380 221 64 medicinae:
1127 380 79 64 &
1158 380 158 64 nullus
1268 380 173 64 medicus
1395 380 110 64 est
1458 380 221 64 perfectior
1631 380 110 64 eo.
1694 380 95 64 Et
1741 380 110 64 per
1789 380 110 64 omnem

150 430 150 71 eundem
255 430 135 71 modum
345 430 90 71 in
390 430 195 71 gratuitis
540 430 105 71 quo
600 430 90 71 ad
645 430 120 71 bona
720 430 165 71 gratiae
840 430 90 71 in
885 430 210 71 praesenti,
1051 430 75 71 &
1081 430 165 71 gloriae
1201 430 90 71 in
1246 430 165 71 futuro,
1366 430 165 71 dicitur
1486 430 120 71 homo
1561 430 195 71 perfectus
1711 430 90 71 in
1741 430 165 71 praesenti

156 484 174 60 quantum
283 484 95 60 ad
330 484 126 60 bona
409 484 190 60 gratiae:
551 484 158 60 quando
662 484 142 60 nihil
757 484 142 60 deest
852 484 95 60 ei
899 484 142 60 eorum
994 484 126 60 quae
1073 484 95 60 ad
1120 484 174 60 humanam
1247 484 221 60 concurrunt
1421 484 253 60 perfectionem
1626 484 95 60 in
1674 484 126 60 esse
1737 484 158 60 gratuito

151 533 84 71 &
185 533 118 71 hoc
252 533 235 71 consummate
437 533 118 71 per
504 533 168 71 statum
621 533 151 71 vitae
722 533 235 71 praesentis
907 533 101 71 in
957 533 201 71 augmento
1108 533 235 71 qualitatis
1293 533 269 71 spiritualis:
1511 533 134 71 quia
1595 533 168 71 vltima
1696 533 201 71 consummata

149 587 106 67 non
210 587 152 67 potest
316 587 121 67 esse
392 587 91 67 in
437 587 228 67 perfectione
620 587 137 67 vitae
711 587 228 67 praesentis.
893 587 167 67 dicente
1014 587 152 67 glossa
1121 587 121 67 supe
1197 587 137 67 illud
1288 587 137 67 Phil.
1379 587 121 67 iii.
1455 587 182 67 Quotquot
1591 587 121 67 ergo
1667 587 182 67 perfecti
1789 587 106 67 sumus

151 642 104 54 hoc
210 642 207 54 sentiamus.
373 642 192 54 videlicet
521 642 118 54 quod
595 642 207 54 imperfecti
758 642 133 54 sumus
847 642 89 54 in
891 642 237 54 comperatione
1084 642 163 54 futuri.
1202 642 192 54 Consistit
1350 642 133 54 autem
1439 642 192 54 perfectio
1587 642 118 54 ista
1661 642 89 54 in
1706 642 207 54 virtutibus
1854 642 44 54 &

157 696 135 67 donis
247 696 165 67 annexis
367 696 165 67 vinculo
488 696 225 67 charitatis.
668 696 120 67 quam
743 696 90 67 vt
788 696 135 67 dicit
878 696 150 67 Grego.
983 696 90 67 in
1028 696 195 67 registro.
1179 696 195 67 epistola.
1329 696 165 67 clxiii.
1449 696 195 67 Apostolus
1599 696 135 67 Coml.
1690 696 120 67 iii.
1750 696 150 67 vinculum

162 744 258 71 perfectionis
371 744 161 71 vocat:
484 744 129 71 quia
564 744 193 71 virtutes
709 744 193 71 caeterae
854 744 258 71 perfectionem
1064 744 209 71 generant.
1225 744 113 71 Sed
1289 744 113 71 eas
1354 744 193 71 charitas
1498 744 113 71 ita
1563 744 161 71 ligati
1676 744 97 71 vt
1724 744 97 71 ea
1772 744 97 71 ab
1804 744 97 71 amam

149 801 116 65 tis
216 801 149 65 mente
315 801 198 65 dissolui
463 801 116 65 iam
529 801 215 65 nequeant.
694 801 132 65 Vnde
777 801 132 65 ipsa
860 801 116 65 est
926 801 149 65 forma
1025 801 198 65 virtutum
1173 801 99 65 in
1223 801 116 65 qua
1289 801 215 65 perfectio
1454 801 198 65 generata
1603 801 281 65 principaliter
1817 801 83 65 con

158 850 166 67 sistit.
278 850 120 67 Quia
354 850 181 67 secundum
489 850 120 67 quod
565 850 136 67 dicit
655 850 196 67 Episoila.
806 850 136 67 lxix.
896 850 241 67 perfectionem
1092 850 105 67 non
1152 850 136 67 solum
1242 850 90 67 in
1288 850 136 67 mente
1378 850 181 67 generat:
1513 850 105 67 sed
1574 850 75 67 &
1604 850 151 67 ligat.
1709 850 166 67 Caetera
1815 850 90 67 vero

155 904 138 58 omnia
247 904 92 58 ab
292 904 122 58 ista
369 904 138 58 circa
461 904 122 58 quae
537 904 214 58 exercentur
706 904 184 58 virtutum
843 904 153 58 opera,
950 904 92 58 vt
996 904 184 58 crescant
1134 904 77 58 &
1165 904 260 58 perficiantur:
1379 904 107 58 per
1440 904 107 58 hoc
1501 904 245 58 perfectionis
1700 904 230 58 acquirendae

160 958 73 67 &
190 958 234 67 conseruandae
380 958 117 67 sunt
453 958 234 67 instrumenta.
644 958 176 67 secundum
775 958 117 67 quod
849 958 132 67 dicit
936 958 103 67 lo.
995 958 161 67 Casise.
1112 958 88 67 in
1156 958 205 67 collatione
1317 958 161 67 patrum,
1434 958 205 67 collatione
1595 958 146 67 prima.
1698 958 190 67 Perfectio
1830 958 73 67 non

148 1010 166 69 statim
264 1010 215 69 nuditate,
430 1010 116 69 aut
496 1010 248 69 paupertate,
695 1010 116 69 aut
761 1010 232 69 facultatum
943 1010 116 69 seu
1010 1010 232 69 dignitatum
1192 1010 232 69 abiectione
1374 1010 232 69 contingit:
1556 1010 132 69 nisi
1639 1010 166 69 fuerit
1738 1010 166 69 charitas

154 1063 127 64 illa
233 1063 127 64 quae
313 1063 95 64 in
360 1063 190 64 puritate
503 1063 159 64 cordis
614 1063 222 64 consistit.
788 1063 143 64 Omnia
883 1063 159 64 igitur
994 1063 143 64 huius
1089 1063 159 64 gratia
1200 1063 174 64 gerenda
1327 1063 127 64 sunt
1407 1063 159 64 nobis:
1518 1063 111 64 pro
1581 1063 111 64 hac
1644 1063 190 64 solitudo
1771 1063 127 64 sectam

150 1115 107 62 da:
211 1115 107 62 pro
272 1115 107 62 hac
333 1115 183 62 ieiunia,
470 1115 198 62 vigiliae,
622 1115 168 62 labores
744 1115 183 62 corporis
882 1115 76 62 &
912 1115 168 62 caetera
1034 1115 213 62 huiusmodi.
1202 1115 91 62 vt
1247 1115 183 62 scilicet
1385 1115 107 62 per
1446 1115 122 62 illa
1522 1115 91 62 ab
1568 1115 198 62 vniuersis
1705 1115 198 62 passionibus

151 1164 161 76 noxiis
263 1164 193 76 illaesum
408 1164 161 76 parare
520 1164 112 76 cor
584 1164 193 76 nostrum,
729 1164 80 76 &
761 1164 225 76 conseruare
938 1164 209 76 possimus:
1098 1164 80 76 &
1130 1164 96 76 ad
1179 1164 257 76 perfectionem
1387 1164 225 76 charitatis
1564 1164 145 76 istis
1660 1164 193 76 gradibus
1805 1164 128 76 inni

153 1228 144 67 tendo
249 1228 224 67 ascendere.
425 1228 112 67 Vbi
490 1228 128 67 post
570 1228 176 67 modicum
698 1228 176 67 subdit.
826 1228 160 67 Igitur
938 1228 192 67 ieiunia,
1083 1228 208 67 vigiliae,
1243 1228 208 67 meditatio
1403 1228 272 67 scripturarum,
1628 1228 192 67 nuditas,
1772 1228 96 67 ac
1804 1228 96 67 pri-

159 1275 144 69 uatio
255 1275 160 69 omnium
367 1275 240 69 facultatum:
559 1275 112 69 non
622 1275 208 69 perfectio
782 1275 112 69 sed
846 1275 256 69 perfectionis
1054 1275 240 69 instrumenta
1246 1275 144 69 sunt:
1342 1275 112 69 non
1406 1275 128 69 quia
1485 1275 96 69 in
1533 1275 144 69 ipsis
1629 1275 208 69 consistit
1773 1275 128 69 ipsius

158 1335 233 58 disciplinae
345 1335 155 58 finis,
454 1335 109 58 sed
516 1335 109 58 per
578 1335 124 58 illa
656 1335 218 58 peruenitur
827 1335 93 58 ad
873 1335 155 58 finem.
982 1335 93 58 De
1029 1335 155 58 numero
1138 1335 155 58 talium
1246 1335 124 58 sunt
1324 1335 140 58 illa.
1417 1335 186 58 lxxiiii.
1557 1335 124 58 quae
1635 1335 249 58 annumerantur
1837 1335 93 58 in

153 1384 157 69 regula
263 1384 141 69 beati
358 1384 220 69 Benedicti.
530 1384 94 69 de
577 1384 157 69 quibus
687 1384 141 69 dicit
782 1384 94 69 in
829 1384 126 69 fine
907 1384 126 69 cap,
986 1384 173 69 quarti.
1112 1384 126 69 Ecce
1190 1384 126 69 haec
1269 1384 126 69 sunt
1347 1384 236 69 instrumenta
1536 1384 141 69 artis
1630 1384 220 69 spiritalis
1803 1384 126 69 quae

161 1433 118 71 cum
228 1433 185 71 fuerint
363 1433 84 71 a
397 1433 152 71 nobis
498 1433 118 71 die
565 1433 202 71 noctuque
717 1433 253 71 incessanter
919 1433 236 71 adimpleta,
1104 1433 84 71 &
1138 1433 152 71 vsque
1239 1433 101 71 in
1289 1433 135 71 diem
1373 1433 185 71 iudicii
1508 1433 236 71 reseruata,
1693 1433 135 71 illa
1760 1433 135 71 merces

160 1489 143 58 nobis
255 1489 79 58 a
287 1489 159 58 domino
398 1489 302 58 recompensabitur
652 1489 127 58 quam
731 1489 127 58 ipse
811 1489 206 58 promisit,
970 1489 127 58 quam
1049 1489 159 58 oculus
1160 1489 111 58 non
1223 1489 143 58 vidit
1319 1489 111 58 &c.
1382 1489 95 58 In
1430 1489 111 58 qua
1493 1489 238 58 consummatio
1668 1489 222 58 perfectionis

151 1539 174 64 nostrae
278 1539 253 64 obtinebitur.
483 1539 190 64 Intantum
625 1539 142 64 autem
720 1539 95 64 in
768 1539 126 64 vita
847 1539 126 64 ista
926 1539 205 64 perfectus
1084 1539 174 64 dicitur
1210 1539 142 64 homo:
1305 1539 111 64 non
1368 1539 126 64 quia
1447 1539 111 64 non
1511 1539 111 64 sit
1574 1539 111 64 quo
1637 1539 221 64 proficiat:
1811 1539 111 64 sed

165 1592 126 69 quia
244 1592 94 69 ex
291 1592 142 69 magna
386 1592 142 69 parte
480 1592 205 69 profecit:
637 1592 110 69 vti
700 1592 142 69 etiam
795 1592 236 69 imperfectus
983 1592 173 69 dicatur
1109 1592 189 69 respectu
1251 1592 126 69 eius
1330 1592 126 69 quod
1408 1592 157 69 deest.
1518 1592 173 69 dicente
1644 1592 205 69 Augustino
1786 1592 110 69 super

155 1644 136 71 psal.
246 1644 182 71 xxxviii.
382 1644 106 71 Qui
443 1644 136 71 dedit
534 1644 121 71 ista
609 1644 136 71 omnia
700 1644 121 71 quae
776 1644 212 71 contemnam,
943 1644 121 71 ipse
1018 1644 136 71 dabit
1109 1644 76 71 &
1140 1644 106 71 se.
1200 1644 121 71 Nemo
1276 1644 121 71 ergo
1352 1644 136 71 dicat
1443 1644 91 71 se
1488 1644 212 71 perfectum.
1655 1644 106 71 non
1715 1644 121 71 enim
1776 1644 121 71 potest

159 1703 109 60 hic
222 1703 156 60 habere
331 1703 266 60 perfectionem.
550 1703 109 60 Hic
613 1703 125 60 erit
691 1703 203 60 perfectio
847 1703 109 60 tua
909 1703 109 60 sic
972 1703 94 60 de
1019 1703 156 60 quodam
1128 1703 203 60 transisse
1285 1703 94 60 vt
1331 1703 94 60 ad
1378 1703 172 60 quoddam
1503 1703 203 60 properes.
1660 1703 125 60 Ergo
1738 1703 94 60 me
1785 1703 78 60 &
1800 1703 94 60 per-

157 1747 169 67 fectum
276 1747 135 67 dico
360 1747 85 67 &
394 1747 271 67 imperfectum.
614 1747 254 67 Imperfectum
817 1747 169 67 quidem
936 1747 135 67 quia
1021 1747 169 67 nondum
1139 1747 169 67 accepi
1258 1747 135 67 quod
1342 1747 135 67 volo
1427 1747 119 67 &c.
1495 1747 220 67 Perfectum
1664 1747 135 67 vero
1749 1747 135 67 quia
1816 1747 85 67 iam

151 1806 161 66 profeci
269 1806 88 66 in
312 1806 161 66 aliquo.
430 1806 103 66 Sub
488 1806 103 66 quo
547 1806 117 66 sunt
620 1806 103 66 duo
679 1806 146 66 gradus
781 1806 117 66 siue
854 1806 146 66 status
957 1806 88 66 in
1001 1806 117 66 vita
1074 1806 176 66 praesent
1206 1806 176 66 scilicet
1338 1806 249 66 imperfectorum
1543 1806 103 66 tam
1601 1806 249 66 proficientium
1806 1806 117 66 quam

159 1870 258 54 incipientium.
371 1870 167 54 Dicitur
492 1870 121 54 enim
568 1870 197 54 perfectus
719 1870 106 54 qui
780 1870 151 54 magnum
886 1870 136 54 habet
977 1870 91 54 in
1022 1870 167 54 virtute
1144 1870 212 54 profectum.
1310 1870 106 54 Sed
1371 1870 167 54 dicitur
1492 1870 167 54 proprie
1613 1870 227 54 imperfectus
1780 1870 121 54 profi-

163 1909 135 60 ciens
253 1909 105 60 qui
313 1909 165 60 aliquem
433 1909 135 60 habet
523 1909 90 60 in
568 1909 165 60 virtute
688 1909 210 60 processum.
853 1909 165 60 Dicitur
973 1909 135 60 autem
1063 1909 225 60 imperfectus
1243 1909 210 60 incipiens,
1408 1909 165 60 proprie
1528 1909 105 60 qui
1588 1909 150 60 nondum
1693 1909 135 60 habet
1768 1909 135 60 aliquem

157 1960 89 73 in
202 1960 163 73 virtute
320 1960 207 73 processum:
483 1960 104 73 sed
542 1960 133 73 illum
631 1960 207 73 inchoauit.
794 1960 178 73 secundum
927 1960 118 73 quod
1001 1960 89 73 de
1045 1960 148 73 primis
1149 1960 148 73 duobus
1253 1960 178 73 sequitur
1386 1960 89 73 in
1430 1960 133 73 coli.
1519 1960 163 73 patrum.
1638 1960 222 73 collatione.
1800 1960 104 73 viii.

157 2018 131 71 lnter
245 2018 189 71 perfectos
391 2018 131 71 autem
478 2018 87 71 et
522 2018 219 71 imperfectos
697 2018 117 71 ista
769 2018 189 71 distantia
915 2018 117 71 est:
988 2018 117 71 quod
1061 2018 87 71 in
1105 2018 131 71 illis
1192 2018 146 71 quidem
1294 2018 131 71 fixa,
1381 2018 87 71 et
1425 2018 102 71 (ut
1483 2018 102 71 ita
1542 2018 146 71 dicam,
1644 2018 175 71 maturior
1760 2018 146 71 charitas

146 2067 272 67 perseuerans,
367 2067 187 67 firmius
503 2067 119 67 eos
571 2067 102 67 ac
622 2067 204 67 tenacius
775 2067 153 67 facit
877 2067 102 67 in
928 2067 238 67 sanctitate
1115 2067 187 67 durare.
1251 2067 102 67 In
1302 2067 119 67 his
1370 2067 136 67 vero
1455 2067 153 67 velut
1557 2067 221 67 infirmius
1710 2067 187 67 collocata

154 2123 145 67 atque
250 2123 193 67 facilius
395 2123 273 67 refrigescens:
620 2123 129 67 cito
700 2123 96 67 ac
749 2123 177 67 saepius
877 2123 113 67 eos
942 2123 225 67 peccatorum
1118 2123 209 67 compellit
1279 2123 177 67 laqueis
1408 2123 225 67 implicari.
1585 2123 96 67 De
1633 2123 273 67 incipientibus
1842 2123 64 67 ve

160 2173 94 63 ro
207 2173 141 63 dicit
301 2173 220 63 Ambrosius:
474 2173 220 63 appellando
646 2173 110 63 eos
709 2173 204 63 pusillos,
866 2173 78 63 i
897 2173 94 63 io
944 2173 125 63 esi.
1023 2173 141 63 super
1117 2173 157 63 Lucam.
1227 2173 188 63 Pusillus
1368 2173 110 63 est
1431 2173 110 63 qui
1493 2173 157 63 nullum
1603 2173 141 63 adhuc
1697 2173 173 63 videtur
1823 2173 110 63 ha-

157 2230 162 59 buisse
270 2230 194 59 virtutis
415 2230 226 59 processum.
593 2230 162 59 STAtus
706 2230 129 59 vero
787 2230 259 59 perfectionis
997 2230 97 59 ad
1046 2230 194 59 praesens
1191 2230 113 59 non
1256 2230 178 59 dicitur
1385 2230 162 59 vltima
1498 2230 210 59 perfectio
1660 2230 113 59 rei
1724 2230 97 59 in
1773 2230 113 59 suo
1821 2230 81 59 com

159 2288 207 62 plemento
314 2288 104 62 in
366 2288 121 62 quo
435 2288 190 62 oportet
573 2288 121 62 eam
642 2288 190 62 manere:
780 2288 104 62 vt
832 2288 225 62 nequaquam
1005 2288 173 62 possit
1126 2288 207 62 vlterius
1281 2288 225 62 proficere
1454 2288 207 62 secundum
1609 2288 155 62 modum
1713 2288 173 62 status
1817 2288 86 62 iam

151 2342 154 61 supra
254 2342 291 61 determinatum:
493 2342 120 61 sed
562 2342 188 61 dicitur
699 2342 120 61 hic
768 2342 171 61 status
887 2342 274 61 perfectionis
1110 2342 154 61 modus
1213 2342 154 61 vitae
1316 2342 154 61 fixus
1418 2342 103 61 ac
1470 2342 274 61 perseuerans:
1692 2342 103 61 in
1744 2342 120 61 quo
1812 2342 120 61 di-

157 2376 114 78 cta
222 2376 212 78 perfectio
385 2376 131 78 nata
467 2376 114 78 est
532 2376 196 78 expedite
680 2376 196 78 acquiri,
827 2376 114 78 aut
892 2376 114 78 iam
957 2376 212 78 acquisita
1121 2376 212 78 exerceri.
1284 2376 147 78 Licet
1382 2376 131 78 enim
1464 2376 114 78 sit
1529 2376 163 78 animae
1644 2376 212 78 perfectio
1791 2376 114 78 eadem

154 2438 105 67 in
206 2438 210 67 quolibet
363 2438 175 67 statu,
485 2438 227 67 differens
660 2438 157 67 solum
765 2438 157 67 sicut
870 2438 227 67 completum
1044 2438 87 67 &
1079 2438 279 67 incompletum,
1306 2438 105 67 vt
1359 2438 122 67 iam
1428 2438 210 67 dicetur:
1586 2438 122 67 est
1655 2438 157 67 tamen
1760 2438 157 67 alius
1848 2438 52 67 &

159 2487 146 64 alius
256 2487 146 64 modus
354 2487 146 64 vitae
451 2487 130 64 siue
532 2487 195 64 viuendi,
678 2487 97 64 in
727 2487 114 64 quo
792 2487 211 64 persectio
954 2487 146 64 habet
1052 2487 195 64 acquiri,
1198 2487 97 64 et
1247 2487 97 64 in
1295 2487 114 64 quo
1360 2487 146 64 habet
1458 2487 211 64 exerceri:
1620 2487 146 64 sicut
1717 2487 146 64 aliae
1799 2487 97 64 sunt

155 2547 200 61 actiones
305 2547 166 61 quibus
422 2547 233 61 exercetur,
605 2547 100 61 et
654 2547 150 61 aliae
754 2547 166 61 quibus
871 2547 250 61 acquiritur.
1070 2547 133 61 Quae
1153 2547 100 61 vt
1203 2547 116 61 iam
1270 2547 166 61 dictum
1386 2547 116 61 est
1453 2547 200 61 secundum
1603 2547 183 61 Cassia.
1736 2547 100 61 et
1769 2547 133 61 beatum

151 2598 228 53 Benedictum
330 2598 130 53 sunt
411 2598 163 53 ipsius
525 2598 261 53 perfectionis
737 2598 261 53 instrumenta.
949 2598 163 53 Quarum
1063 2598 195 53 facultas
1209 2598 130 53 siue
1291 2598 147 53 copia
1388 2598 261 53 perfectionis
1600 2598 163 53 statum
1698 2598 195 53 constituit

166 2646 90 67 vt
211 2646 105 67 non
271 2646 105 67 sit
331 2646 150 67 status
435 2646 239 67 perfectionis
630 2646 120 67 nisi
705 2646 120 67 vita
780 2646 239 67 instrumentis
974 2646 239 67 perfectionis
1169 2646 224 67 acquirendae
1348 2646 105 67 aut
1408 2646 210 67 exercendae
1573 2646 165 67 munita,
1692 2646 135 67 atque
1782 2646 105 67 per
1827 2646 75 67 ali

162 2706 124 62 quam
240 2706 249 62 obligationem
442 2706 202 62 assumpte.
598 2706 187 62 scilicet
738 2706 109 62 aut
800 2706 109 62 per
862 2706 264 62 professionem,
1080 2706 109 62 aut
1142 2706 109 62 per
1204 2706 311 62 administrationis
1469 2706 249 62 susceptionem
1671 2706 109 62 sub
1733 2706 155 62 aliqua
1826 2706 78 62 con

157 2756 147 60 sueta
255 2756 261 60 solemnitate:
466 2756 130 60 quae
548 2756 114 60 sit
613 2756 98 60 in
662 2756 163 60 signum
776 2756 261 60 obligationis
988 2756 163 60 illius
1102 2756 114 60 iam
1167 2756 179 60 factae:
1298 2756 114 60 non
1363 2756 130 60 quae
1445 2756 147 60 facit
1542 2756 277 60 obligationem,
1771 2756 114 60 aut
1819 2756 82 60 sta

159 2812 123 62 tum
230 2812 281 62 perfectionis
458 2812 246 62 instituit:
651 2812 123 62 qua
721 2812 140 62 quis
809 2812 105 62 se
862 2812 176 62 seruum
985 2812 123 62 dei
1055 2812 246 62 constituit
1248 2812 105 62 ad
1301 2812 158 62 opera
1406 2812 176 62 quibus
1529 2812 228 62 persectio
1687 2812 211 62 acquiritur

158 2857 120 71 vel
226 2857 222 71 exercetur
397 2857 222 71 implenda:
568 2857 103 71 vt
619 2857 171 71 possit
739 2857 188 71 dicere:
876 2857 137 71 Vaeh
961 2857 137 71 mihi
1047 2857 103 71 si
1098 2857 120 71 non
1166 2857 205 71 operatus
1320 2857 171 71 fuero.
1440 2857 154 71 luxta
1542 2857 154 71 illud
1645 2857 137 71 quid
1730 2857 154 71 dicit
1816 2857 85 71 Apo

145 2914 182 68 stolus.
278 2914 99 68 i.
328 2914 166 68 Corin.
444 2914 116 68 ix.
510 2914 232 68 Necessitas
692 2914 132 68 mihi
775 2914 215 68 incumbit:
940 2914 132 68 Vaeh
1023 2914 132 68 mihi
1106 2914 99 68 si
1156 2914 116 68 non
1222 2914 315 68 euangelizauero.
1487 2914 99 68 Et
1537 2914 149 68 quasi
1636 2914 215 68 quaesitum
1785 2914 116 68 esset

157 2964 155 71 quare,
266 2964 155 71 subdit
375 2964 155 71 illius
483 2964 186 71 rationem
623 2964 217 71 assignans.
793 2964 109 71 Cum
855 2964 140 71 liber
948 2964 140 71 essem
1041 2964 93 71 ex
1088 2964 186 71 omnibus:
1227 2964 155 71 omnium
1336 2964 93 71 me
1382 2964 124 71 feci
1460 2964 171 71 seruum.
1584 2964 171 71 Propter
1708 2964 124 71 quod
1770 2964 124 71 status

152 3027 233 65 perfectionis
342 3027 146 65 duplex
444 3027 117 65 est.
517 3027 102 65 Vnu
575 3027 175 65 scilicet
706 3027 146 65 status
808 3027 233 65 perfectionis
998 3027 233 65 acquirendae.
1187 3027 131 65 Alius
1274 3027 117 65 vero
1347 3027 233 65 perfectionis
1537 3027 219 65 exercendae.
1712 3027 219 65 Quemadmodum

159 3074 151 60 alius
260 3074 117 60 est
327 3074 168 60 status
444 3074 285 60 perfectionis,
679 3074 134 60 siue
763 3074 151 60 modus
863 3074 201 60 viuendi:
1014 3074 101 60 in
1064 3074 117 60 quo
1131 3074 184 60 medicus
1265 3074 151 60 habet
1366 3074 168 60 copiam
1483 3074 302 60 instrumentorum
1734 3074 101 60 ad
1768 3074 134 60 perfe-

148 3132 177 73 ctionem
277 3132 209 73 medicinae
438 3132 258 73 acquirendam:
647 3132 97 73 vt
696 3132 209 73 perfectus
857 3132 177 73 medicus
986 3132 97 73 in
1034 3132 161 73 seipso
1147 3132 145 73 fiat.
1243 3132 145 73 Alius
1340 3132 129 73 vero
1421 3132 97 73 in
1469 3132 113 73 quo
1533 3132 113 73 iam
1598 3132 193 73 existens
1727 3132 177 73 perfectus
