2466 3732
485 289 193 98 medicus
626 289 158 98 habet
731 289 175 98 copiam
854 289 316 98 instrumentorum
1117 289 105 98 vt
1170 289 281 98 perfectionem
1398 289 228 98 medicinae
1573 289 158 98 circa
1678 289 158 98 alios
1784 289 228 98 exerceat.
1959 289 246 98 Docilitate
2152 289 140 98 enim
2222 289 53 98 &

490 369 266 70 beniuolentia
706 369 83 70 &
740 369 233 70 attentione
922 369 166 70 studii
1039 369 249 70 conuersando
1238 369 150 70 inter
1338 369 216 70 magistros
1504 369 83 70 &
1537 369 249 70 discipulos,
1736 369 166 70 vsuque
1853 369 199 70 librorum
2002 369 183 70 tamquam
2118 369 150 70 instru-

487 427 196 63 mentis,
630 427 232 63 medicinae
809 427 232 63 perfectio
987 427 268 63 acquiritur:
1201 427 179 63 morbos
1326 427 143 63 vero
1416 427 214 63 curando,
1577 427 89 63 &
1612 427 232 63 sanitates
1791 427 196 63 hominum
1934 427 286 63 conseruando,
2148 427 125 63 inter

493 480 195 61 egrotos
635 480 89 61 &
671 480 230 61 sanitatis
848 480 213 61 custodia
1007 480 248 61 indigentes
1202 480 284 61 conuersando,
1433 480 230 61 haerbarum
1610 480 160 61 atque
1716 480 266 61 medicinarum
1929 480 177 61 vtendo
2053 480 248 61 adiutorio:

491 536 109 63 his
554 536 188 63 tamquam,
695 536 188 63 propriis
835 536 250 63 instrumentis
1039 536 203 63 persectio
1195 536 203 63 medicinae
1352 536 219 63 exercetur.
1524 536 109 63 Est
1586 536 141 63 autem
1680 536 109 63 hic
1743 536 250 63 aduertendum:
1946 536 125 63 quod
2024 536 156 63 status
2118 536 172 63 perfectio

489 593 106 57 nis
550 593 167 57 diuersi
671 593 198 57 dicuntur:
823 593 213 57 acquirende
991 593 182 57 scilicet
1127 593 259 57 perfectionis,
1340 593 76 57 &
1371 593 228 57 exercendae,
1553 593 106 57 non
1614 593 122 57 quin
1690 593 91 57 in
1736 593 167 57 vtroque
1857 593 137 57 statu
1949 593 198 57 perfectio
2086 593 182 57 acquiritur

500 649 87 55 vt
544 649 174 55 continue
675 649 160 55 crescat
791 649 73 55 &
820 649 174 55 augeatur
951 649 87 55 in
994 649 203 55 praesenti:
1154 649 174 55 secundum
1285 649 116 55 quod
1357 649 232 55 perfectionem
1546 649 189 55 vtriusque
1691 649 145 55 status
1793 649 160 55 tamquam
1909 649 232 55 perfectionem
2098 649 116 55 viae
2156 649 116 55 Aposto

498 698 108 65 lus
559 698 231 65 distinguens
744 698 154 65 contra
852 698 247 65 perfectionem
1053 698 185 65 patriae,
1192 698 139 65 dicit
1284 698 139 65 Phil.
1377 698 123 65 iii.
1454 698 108 65 Non
1516 698 123 65 quod
1593 698 108 65 iam
1655 698 201 65 acceperim
1809 698 93 65 vt
1855 698 108 65 iam
1917 698 201 65 perfectus
2071 698 123 65 sim:
2149 698 154 65 sequor

498 762 151 64 autem
599 762 151 64 siquo
699 762 134 64 modo
783 762 268 64 comprhendam.
1001 762 134 64 Vnum
1085 762 151 64 autem
1185 762 134 64 quae
1269 762 168 64 quidem
1386 762 151 64 retro
1487 762 134 64 sunt
1570 762 251 64 obliuiscens
1771 762 101 64 ad
1822 762 101 64 ea
1872 762 134 64 quae
1956 762 168 64 priora
2073 762 134 64 sunt
2140 762 134 64 exten-

494 813 150 63 dens
588 813 206 63 meipsum
737 813 112 63 ad
793 813 262 63 destinatum
999 813 243 63 prosequor
1186 813 224 63 brauium.
1354 813 224 63 Quotquot
1522 813 150 63 ergo
1616 813 224 63 perfecti
1784 813 187 63 sumus:
1915 813 131 63 hoc
1990 813 262 63 sentiamus.
2177 813 93 63 No-

492 864 97 79 ta
540 864 129 79 quod
621 864 178 79 videtur
751 864 162 79 Paulus
864 864 129 79 sibi
945 864 129 79 esse
1026 864 226 79 contrarius
1203 864 113 79 cum
1268 864 162 79 dicit.
1381 864 113 79 Non
1446 864 129 79 quod
1527 864 113 79 iam
1592 864 210 79 perfectus
1753 864 129 79 sim:
1834 864 81 79 &
1867 864 194 79 quotquot
2012 864 194 79 perfecti
2142 864 129 79 sumus.

492 921 115 65 Sed
557 921 197 65 secundum
705 921 148 65 glos.
804 921 214 65 perfectus
968 921 131 65 erat
1050 921 181 65 viator:
1182 921 115 65 sed
1247 921 164 65 nondum
1362 921 214 65 perfectus
1527 921 279 65 comprehensor:
1757 921 131 65 quia
1839 921 197 65 iustitia
1987 921 115 65 qua
2052 921 164 65 iustus
2167 921 99 65 ex
2200 921 66 65 fi

499 978 102 59 de
550 978 171 59 viuit:
670 978 154 59 licet
772 978 119 59 pro
840 978 154 59 huius
942 978 154 59 vitae
1045 978 239 59 capacitate
1232 978 205 59 perfecta
1386 978 205 59 dicatur:
1539 978 154 59 parua
1642 978 154 59 tamen
1744 978 119 59 est
1812 978 102 59 ad
1864 978 154 59 illam
1966 978 171 59 magnam
2085 978 136 59 quam
2154 978 119 59 capit

491 1031 245 70 aequalitas
683 1031 245 70 angelorum.
875 1031 140 70 Nemo
962 1031 140 70 ergo
1050 1031 210 70 fidelium
1207 1031 140 70 etsi
1294 1031 175 70 multum
1417 1031 245 70 profecerit
1609 1031 175 70 dicat,
1731 1031 210 70 sufficit
1889 1031 157 70 mihi.
1993 1031 122 70 Qui
2063 1031 140 70 enim
2151 1031 122 70 hoc
2203 1031 70 70 di

490 1088 136 73 xit:
575 1088 204 73 inhaesit
728 1088 102 73 in
779 1088 119 73 via
847 1088 136 73 ante
932 1088 170 73 finem.
1051 1088 119 73 Qui
1119 1088 136 73 ergo
1204 1088 153 73 multa
1306 1088 136 73 bona
1391 1088 153 73 habet
1493 1088 170 73 quibus
1612 1088 102 73 in
1663 1088 119 73 hac
1731 1088 136 73 vita
1816 1088 255 73 perficitur:
2020 1088 204 73 sequatur
2156 1088 119 73 tamen

493 1146 166 68 adhuc
603 1146 111 68 si
659 1146 185 68 quoquo
788 1146 148 68 modo
880 1146 277 68 apprhendat:
1102 1146 129 68 non
1176 1146 277 68 quodcumque:
1397 1146 129 68 sed
1471 1146 148 68 vnum
1563 1146 166 68 bonum
1674 1146 111 68 in
1730 1146 129 68 quo
1803 1146 166 68 omnia
1914 1146 240 68 habentur.
2099 1146 148 68 Vnde
2191 1146 111 68 in

498 1200 149 64 psal.
598 1200 132 64 Vnam
680 1200 149 64 petii
780 1200 83 64 a
813 1200 165 64 domino
929 1200 116 64 &c.
995 1200 215 64 Perfectus
1160 1200 132 64 ergo
1243 1200 99 64 in
1293 1200 132 64 vita
1375 1200 132 64 ista
1458 1200 199 64 secundum
1607 1200 199 64 vtrumque
1756 1200 199 64 dictorum
1905 1200 182 64 statuum
2037 1200 165 64 semper
2137 1200 132 64 perfe-

497 1253 177 58 ctionem
626 1253 209 58 acquirit,
787 1253 81 58 &
819 1253 97 58 in
867 1253 161 58 melius
980 1253 209 58 proficit,
1141 1253 193 58 quousque
1286 1253 145 58 illud
1382 1253 129 58 vnum
1463 1253 97 58 in
1511 1253 113 58 quo
1576 1253 193 58 perfecte
1721 1253 161 58 status
1833 1253 129 58 est,
1914 1253 274 58 comprehendat.
2123 1253 145 58 Dicitur

498 1305 138 60 tamen
590 1305 123 60 vnus
667 1305 138 60 eorum
759 1305 154 60 status
866 1305 246 60 perfectionis
1066 1305 246 60 acquirendae:
1266 1305 138 60 alter
1358 1305 123 60 vero
1435 1305 231 60 exercendae:
1620 1305 215 60 aspiciendo
1789 1305 92 60 ad
1835 1305 138 60 finem
1927 1305 154 60 operis
2034 1305 92 60 in
2081 1305 123 60 quem
2142 1305 123 60 status

502 1365 193 55 tendit.
643 1365 175 55 Status
766 1365 140 55 enim
853 1365 175 55 primus
976 1365 298 55 principaliter
1222 1365 210 55 intendit
1379 1365 158 55 bonum
1485 1365 281 55 multiplicare
1713 1365 105 55 in
1765 1365 193 55 seipso.
1906 1365 175 55 Status
2028 1365 140 55 vero
2099 1365 175 55 secundus

499 1416 146 69 quasi
596 1416 194 69 neglecto
742 1416 178 69 seipso:
871 1416 146 69 bonum
969 1416 130 69 suum
1050 1416 194 69 intendit
1196 1416 227 69 diffundere
1374 1416 97 69 in
1422 1416 162 69 alios:
1536 1416 97 69 vt
1584 1416 113 69 non
1649 1416 146 69 viuat
1746 1416 130 69 homo
1828 1416 97 69 in
1876 1416 97 69 eo
1925 1416 178 69 propter
2054 1416 113 69 se:
2119 1416 113 69 sed
2184 1416 113 69 pro

494 1471 133 70 pter
578 1471 167 70 alios:
694 1471 183 70 dicente
828 1471 217 70 Augustino
994 1471 150 70 super
1094 1471 150 70 illud
1194 1471 150 70 psal.
1294 1471 133 70 xxx.
1377 1471 183 70 Defecit
1511 1471 100 70 in
1561 1471 167 70 dolore
1677 1471 167 70 virtus
1794 1471 133 70 mea.
1877 1471 217 70 Quicumque
2044 1471 200 70 perfecti
2177 1471 100 70 sunt

488 1534 100 65 ex
538 1534 216 65 euangelio
704 1534 83 65 &
738 1534 166 65 gratia
854 1534 133 65 dei:
937 1534 116 65 non
1003 1534 116 65 hic
1070 1534 166 65 viuunt
1186 1534 133 65 nisi
1269 1534 183 65 propter
1402 1534 166 65 alios:
1518 1534 116 65 nam
1584 1534 133 65 vita
1668 1534 149 65 eorum
1767 1534 100 65 in
1817 1534 116 65 hoc
1883 1534 183 65 saeculo
2016 1534 116 65 iam
2083 1534 116 65 non
2149 1534 116 65 est
2199 1534 83 65 eis

497 1583 238 64 necessaria:
688 1583 111 64 sed
751 1583 238 64 dispensatio
941 1583 143 64 eorum
1037 1583 143 64 aliis
1132 1583 222 64 necessaria
1306 1583 127 64 est.
1386 1583 175 64 Propter
1512 1583 127 64 quod
1592 1583 159 64 Paulus
1703 1583 190 64 existens
1846 1583 95 64 in
1893 1583 143 64 statu
1988 1583 254 64 perfectionis
2179 1583 95 64 exer

493 1639 186 58 cendae,
629 1639 152 58 dixit
730 1639 152 58 Phil.
832 1639 102 58 i.
883 1639 203 58 Coarctor
1035 1639 85 58 e
1069 1639 186 58 duobus,
1204 1639 237 58 desiderium
1391 1639 169 58 habens
1509 1639 220 58 dissolui,
1678 1639 85 58 &
1712 1639 135 58 esse
1797 1639 119 58 cum
1865 1639 203 58 Christo.
2017 1639 135 58 Quia
2102 1639 152 58 multo
2203 1639 119 58 ma-

499 1696 114 68 gis
564 1696 163 68 melius
678 1696 131 68 est:
760 1696 212 68 permanere
923 1696 147 68 autem
1021 1696 98 68 in
1070 1696 147 68 carne
1168 1696 245 68 necessarium
1364 1696 114 68 est
1429 1696 180 68 propter
1560 1696 131 68 vos.
1641 1696 114 68 vbi
1707 1696 147 68 dicit
1805 1696 180 68 Glossa.
1935 1696 114 68 Non
2000 1696 131 68 quod
2082 1696 131 68 sibi
2147 1696 131 68 melius

496 1757 174 62 elegit:
623 1757 111 62 sed
686 1757 126 62 quod
765 1757 174 62 multis.
891 1757 95 62 In
939 1757 111 62 quo
1002 1757 142 62 tamen
1097 1757 95 62 se
1144 1757 205 62 exercendo
1302 1757 142 62 sibi,
1397 1757 79 62 &
1429 1757 126 62 quam
1508 1757 190 62 pluribus
1650 1757 205 62 profecit:
1808 1757 174 62 dicente
1934 1757 190 62 Gregorio
2077 1757 95 62 in
2124 1757 142 62 primo
2203 1757 79 62 Pa-

499 1802 221 72 storalis.
669 1802 136 72 Tunc
754 1802 102 72 ad
805 1802 136 72 alta
890 1802 204 72 charitas
1044 1802 255 72 mirabiliter
1248 1802 187 72 surgit:
1384 1802 119 72 cum
1452 1802 102 72 ad
1503 1802 119 72 ima
1571 1802 238 72 proximorum
1758 1802 102 72 se
1809 1802 306 72 misericorditer
2065 1802 221 72 attrahit:
2218 1802 51 72 &

492 1860 126 68 dum
564 1860 199 68 benigne
709 1860 235 68 descendit
889 1860 108 68 ad
943 1860 144 68 ima:
1034 1860 217 68 valenter
1196 1860 217 68 recurrit
1359 1860 108 68 ad
1413 1860 181 68 summa.
1539 1860 144 68 Vnde
1630 1860 163 68 alibi
1738 1860 181 68 dicit.
1865 1860 181 68 Nullum
1991 1860 126 68 est
2045 1860 235 68 sacrificium

501 1923 134 58 quid
585 1923 151 58 magis
686 1923 184 58 placeat
820 1923 117 58 deo
887 1923 134 58 quam
971 1923 151 58 zelus
1071 1923 218 58 animarum.
1239 1923 101 58 Et
1289 1923 134 58 Ber.
1373 1923 101 58 de
1424 1923 151 58 amore
1524 1923 134 58 dei.
1608 1923 134 58 Ille
1692 1923 151 58 maior
1793 1923 117 58 est
1860 1923 101 58 in
1910 1923 151 58 amore
2011 1923 134 58 dei,
2095 1923 117 58 qui
2145 1923 134 58 plures

499 1969 98 71 ad
548 1969 164 71 amorem
662 1969 115 71 dei
728 1969 180 71 trahit:
859 1969 82 71 &
892 1969 147 71 tanto
990 1969 147 71 maior
1088 1969 164 71 quanto
1203 1969 164 71 status
1317 1969 115 71 est
1383 1969 180 71 altior,
1514 1969 82 71 &
1547 1969 213 71 perfectio
1710 1969 164 71 maior,
1825 1969 82 71 &
1858 1969 147 71 opera
1956 1969 262 71 perfectionis
2152 1969 115 71 excel

506 2021 216 71 lentiora,
673 2021 83 71 &
706 2021 166 71 plures
823 2021 100 71 ad
873 2021 166 71 amorem
989 2021 117 71 dei
1056 2021 233 71 trahentia.
1239 2021 100 71 Ex
1289 2021 133 71 tali
1372 2021 133 71 enim
1455 2021 283 71 dispensatione
1688 2021 250 71 perfectiora
1888 2021 83 71 &
1921 2021 150 71 magis
2021 2021 216 71 meritoria
2171 2021 100 71 sunt

503 2078 125 66 opera
586 2078 111 66 quae
656 2078 111 66 sunt
725 2078 83 66 ad
767 2078 167 66 alterum,
892 2078 111 66 quam
962 2078 111 66 quae
1031 2078 111 66 sunt
1101 2078 83 66 ad
1142 2078 167 66 seipsum.
1267 2078 153 66 Propter
1379 2078 111 66 quod
1448 2078 167 66 virtutem
1573 2078 195 66 iustitiae:
1726 2078 111 66 quia
1796 2078 83 66 ad
1837 2078 153 66 alterum
1948 2078 111 66 est,
2018 2078 208 66 philosophus
2171 2078 111 66 praefe

495 2141 131 57 rens
577 2141 197 57 caeteris
724 2141 213 57 moralibus
888 2141 246 57 virtutibus:
1085 2141 131 57 quia
1167 2141 98 57 ad
1217 2141 180 57 seipsum
1348 2141 148 57 sunt:
1446 2141 148 57 dicit
1545 2141 115 57 in.
1610 2141 98 57 v.
1660 2141 197 57 Etlosoe.
1807 2141 98 57 In
1856 2141 197 57 iustitia
2004 2141 148 57 simul
2103 2141 148 57 omnis
2185 2141 98 57 vir-

502 2186 109 59 tus
565 2186 125 59 est:
643 2186 78 59 &
674 2186 187 59 perfecta
814 2186 156 59 maxime
923 2186 171 59 virtus:
1047 2186 171 59 quoniam
1172 2186 202 59 perfectae
1327 2186 187 59 virtutis
1468 2186 125 59 vsus
1545 2186 125 59 est.
1623 2186 187 59 Perfecta
1763 2186 140 59 autem
1857 2186 156 59 virtus
1966 2186 125 59 est:
2044 2186 171 59 quoniam
2152 2186 125 59 habens

503 2243 164 66 ipsam,
618 2243 99 66 ad
667 2243 181 66 alterum
798 2243 164 66 potest
914 2243 181 66 virtute
1045 2243 132 66 vti,
1127 2243 115 66 non
1193 2243 148 66 solum
1292 2243 99 66 ad
1341 2243 197 66 seipsum.
1489 2243 148 66 Multi
1588 2243 132 66 enim
1670 2243 99 66 in
1719 2243 197 66 propriis
1867 2243 181 66 virtute
1999 2243 181 66 possunt
2130 2243 132 66 vti:
2212 2243 99 66 in

494 2298 119 60 his
562 2298 153 60 autem
664 2298 136 60 quae
749 2298 102 60 ad
800 2298 204 60 alterum,
952 2298 119 60 non
1020 2298 204 60 possunt.
1173 2298 102 60 Et
1224 2298 187 60 propter
1360 2298 119 60 hoc
1428 2298 136 60 bene
1513 2298 187 60 videtur
1649 2298 170 60 habere
1768 2298 119 60 hoc
1836 2298 187 60 beatis:
1971 2298 187 60 quoniam
2090 2298 187 60 principa-

497 2354 120 62 tus
565 2354 154 62 virum
668 2354 223 62 ostendit.
840 2354 103 62 Ad
891 2354 189 62 alterum
1028 2354 137 62 enim
1114 2354 86 62 &
1148 2354 103 62 in
1200 2354 309 62 communicatione
1457 2354 120 62 iam
1526 2354 223 62 princeps.
1697 2354 137 62 alii
1783 2354 137 62 enim
1869 2354 257 62 conferentia
2074 2354 223 62 operatur:
2229 2354 51 62 &

495 2417 162 58 alteri
608 2417 195 58 laborat.
755 2417 114 58 Sic
820 2417 146 58 autem
917 2417 244 58 principatus
1112 2417 130 58 siue
1193 2417 211 58 praelatio
1355 2417 146 58 virum
1453 2417 211 58 ostendit,
1615 2417 97 58 vt
1664 2417 227 58 frequenter
1843 2417 114 58 qui
1908 2417 97 58 se
1956 2417 211 58 perfectum
2119 2417 146 58 putat
2216 2417 97 58 in

499 2462 146 64 statu
596 2462 260 64 perfectionis
808 2462 260 64 acquirendae:
1019 2462 244 64 imperfectum
1214 2462 98 64 se
1263 2462 195 64 inueniat
1409 2462 114 64 cum
1474 2462 211 64 assumptus
1637 2462 163 64 fuerit
1751 2462 98 64 ad
1799 2462 163 64 statum
1913 2462 260 64 perfectionis
2108 2462 163 64 exercen-

497 2517 117 64 dae,
570 2517 73 64 &
599 2517 87 64 in
643 2517 117 64 ipso
716 2517 146 64 status
818 2517 117 64 iste
891 2517 175 64 perficit
1022 2517 87 64 id
1066 2517 87 64 in
1109 2517 102 64 quo
1168 2517 117 64 ille
1241 2517 175 64 deficit:
1372 2517 160 64 dicente
1488 2517 175 64 Gregorio
1619 2517 146 64 parte.
1721 2517 102 64 ii.
1780 2517 131 64 super
1867 2517 117 64 Eze,
1940 2517 146 64 homil.
2042 2517 117 64 vii.
2115 2517 189 64 Sanctorum

497 2571 209 65 mentibus
653 2571 157 65 saepe
758 2571 192 65 euenit:
897 2571 104 65 vt
949 2571 122 65 cum
1019 2571 104 65 se
1071 2571 209 65 viderint
1228 2571 157 65 magno
1333 2571 226 65 caelestis
1507 2571 192 65 gratiae
1646 2571 174 65 munere
1768 2571 261 65 compunctos:
1977 2571 122 65 iam
2047 2571 104 65 se
2081 2571 192 65 perfectos

499 2628 240 66 existiment:
691 2628 80 66 &
723 2628 224 66 obedientes
898 2628 176 66 putent:
1026 2628 112 66 sed
1090 2628 128 66 quia
1170 2628 160 66 nuilus
1282 2628 112 66 est
1346 2628 112 66 qui
1409 2628 128 66 dura
1489 2628 240 66 praecipiat:
1681 2628 208 66 patientes
1841 2628 128 66 esse
1921 2628 96 66 se
1969 2628 192 66 credant:
2112 2628 112 66 sed
2176 2628 128 66 quia

495 2683 133 68 nemo
578 2683 116 68 eos
645 2683 116 68 per
711 2683 248 68 contumelias
910 2683 83 68 &
943 2683 265 68 aduersitates
1158 2683 182 68 pulsat:
1291 2683 83 68 &
1324 2683 232 68 plaerumque
1506 2683 232 68 contingit,
1688 2683 99 68 vt
1738 2683 232 68 spirituale
1920 2683 248 68 ministerium
2119 2683 116 68 vel
2185 2683 116 68 in-

492 2739 143 67 uiti
581 2739 268 67 suscipiant,
795 2739 161 67 atque
902 2739 107 67 ad
956 2739 303 67 gubernationem
1206 2739 214 67 fidelium
1366 2739 268 67 deducantur:
1580 2739 125 67 qui
1652 2739 125 67 cum
1723 2739 178 67 magnis
1848 2739 339 67 tribulationibus
2115 2739 161 67 fuerint

500 2793 191 57 hincinde
644 2793 191 57 pulsati,
787 2793 175 57 turbati
915 2793 144 57 mente
1010 2793 128 57 sese
1090 2793 239 57 imperfectos
1281 2793 223 57 inueniunt,
1457 2793 112 57 qui
1521 2793 112 57 non
1584 2793 175 57 pulsati
1712 2793 207 57 perfectos
1871 2793 96 57 se
1919 2793 128 57 esse
1999 2793 255 57 crediderunt.
2190 2793 80 57 Qua

495 2850 103 64 ex
546 2850 103 64 re
598 2850 171 64 agitur
718 2850 103 64 vt
769 2850 154 64 semet
872 2850 154 64 ipsos
975 2850 240 64 colligant:
1164 2850 86 64 &
1198 2850 137 64 apud
1284 2850 103 64 se
1335 2850 240 64 opprobrium
1524 2850 137 64 suae
1609 2850 274 64 infirmitatis
1832 2850 257 64 erubescant:
2038 2850 154 64 atque
2141 2850 103 64 ex
2175 2850 103 64 ipsa

495 2903 241 66 confusione
684 2903 206 66 roborati
839 2903 172 66 contra
959 2903 189 66 aduersa
1097 2903 241 66 patientiam
1286 2903 224 66 opponant:
1458 2903 86 66 &
1492 2903 103 66 ex
1544 2903 275 66 tribulatione
1767 2903 241 66 proficiant
1956 2903 120 66 qui
2025 2903 155 66 prius
2128 2903 103 66 in
2163 2903 103 66 otio

498 2961 102 69 ex
549 2961 136 69 ipsa
634 2961 119 69 sua
703 2961 239 69 securitate
890 2961 239 69 torpebant:
1078 2961 85 69 &
1112 2961 222 69 veraciter
1283 2961 154 69 tales
1385 2961 136 69 esse
1470 2961 222 69 incipiunt
1641 2961 171 69 quales
1760 2961 102 69 se
1811 2961 136 69 esse
1897 2961 154 69 prius
1999 2961 205 69 inaniter
2136 2961 136 69 putaue

498 3005 151 71 runt.
599 3005 134 71 Mira
682 3005 134 71 enim
766 3005 100 71 vt
816 3005 167 71 dicit.
934 3005 151 71 iiii.
1034 3005 167 71 morum.
1151 3005 201 71 deitatis
1302 3005 184 71 pietate
1436 3005 184 71 agitur:
1570 3005 117 71 cum
1637 3005 100 71 is
1687 3005 117 71 qui
1754 3005 201 71 perfecto
1905 3005 151 71 corde
2005 3005 100 71 ad
2039 3005 234 71 contemplatio

501 3065 122 73 nem
570 3065 191 73 tendit,
709 3065 191 73 humanis
848 3065 261 73 ministeriis
1057 3065 243 73 occupatur:
1248 3065 87 73 &
1283 3065 104 73 vt
1335 3065 174 73 multis
1457 3065 296 73 infirmioribus
1700 3065 139 73 eius
1787 3065 139 73 mens
1874 3065 209 73 perfecta
2031 3065 243 73 proficiat:
2204 3065 70 73 ex

505 3116 121 61 quo
574 3116 156 61 semet
678 3116 156 61 ipsum
782 3116 260 61 imperfectum
990 3116 226 61 respicit:
1164 3116 139 61 inde
1251 3116 104 61 ad
1303 3116 173 61 culmen
1424 3116 243 61 perfectior
1615 3116 208 61 assurgit
1771 3116 121 61 &c.
1840 3116 121 61 SED
1910 3116 191 61 destatu
2031 3116 243 61 perfectionis

498 3167 235 62 exercendae,
686 3167 78 62 &
718 3167 94 62 de
765 3167 125 62 eius
843 3167 235 62 perfectione
1031 3167 110 62 non
1093 3167 110 62 est
1156 3167 94 62 ad
1203 3167 188 62 praesens
1344 3167 204 62 intentio:
1501 3167 125 62 nisi
1579 3167 172 62 modicum
1704 3167 94 62 in
1751 3167 125 62 fine
1830 3167 235 62 quaestionis
2017 3167 219 62 sequentis:
2190 3167 110 62 sed

496 3223 151 72 solum
597 3223 100 72 de
647 3223 134 72 illo
731 3223 84 72 &
764 3223 100 72 de
814 3223 134 72 eius
898 3223 251 72 perfectione
1099 3223 117 72 qui
1166 3223 117 72 est
1233 3223 268 72 perfectionis
1450 3223 268 72 acquirendae:
1668 3223 117 72 qui
1735 3223 100 72 vt
1785 3223 167 72 dictum
1902 3223 117 72 est
1969 3223 100 72 in
2019 3223 151 72 copia
2119 3223 84 72 &
2136 3223 134 72 facul
