2450 3741
113 284 161 103 matri
220 284 89 103 &
256 284 250 103 domesticis
453 284 161 103 tuis.
560 284 161 103 Horum
667 284 179 103 quippe
792 284 250 103 indigentia
989 284 107 103 si
1042 284 250 103 pauperibus
1239 284 107 103 vt
1293 284 125 103 sis
1364 284 232 103 perfectus
1543 284 268 103 instituisti
1739 284 197 103 distribue

108 376 113 52 re
165 376 169 52 talia
278 376 151 52 tua,
372 376 188 52 primum
503 376 151 52 apud
598 376 113 52 te
654 376 169 52 locum
767 376 226 52 obtinere
936 376 188 52 debet.
1068 376 188 52 Siquis
1200 376 151 52 enim
1294 376 151 52 suis
1388 376 94 52 &
1426 376 188 52 maxime
1558 376 282 52 domesticis,
1783 376 113 52 vt
1840 376 132 52 di-

114 428 132 63 cit
190 428 265 63 Apostolus,
398 428 132 63 non
473 428 246 63 prouidet,
663 428 170 63 fidem
776 428 227 63 negauit,
946 428 95 63 &
984 428 132 63 est
1060 428 227 63 infideli
1230 428 246 63 deterior.
1419 428 113 63 Et
1476 428 132 63 per
1552 428 189 63 eundem
1684 428 170 63 modum
1779 428 151 63 nosmet

120 486 102 60 &
160 486 122 60 ea
221 486 162 60 quae
323 486 122 60 in
384 486 183 60 nobis
506 486 162 60 sunt
607 486 183 60 odire
729 486 102 60 &
770 486 183 60 amare
891 486 244 60 debemus,
1074 486 162 60 quia
1176 486 244 60 secundum
1358 486 284 60 Apostolum,
1582 486 162 60 nemo
1683 486 203 60 carnem
1805 486 122 60 suam

119 536 155 55 odio
216 536 194 55 habuit
352 536 136 55 sed
429 536 175 55 ipsam
546 536 194 55 nutrit
682 536 97 55 &
721 536 194 55 fouet.
857 536 97 55 &
896 536 175 55 tamen
1012 536 155 55 cura
1109 536 194 55 carnis
1245 536 136 55 non
1323 536 136 55 est
1401 536 214 55 gerenda
1556 536 117 55 in
1595 536 330 55 concupiscentiis

110 591 120 61 sed
179 591 172 61 tantum
299 591 103 61 in
350 591 275 61 necessariis,
573 591 86 61 &
608 591 103 61 in
659 591 326 61 concupiscentiis
934 591 120 61 est
1003 591 275 61 abscindenda.
1226 591 155 61 iuxta
1329 591 172 61 illud.
1449 591 103 61 Si
1501 591 172 61 oculus
1621 591 137 61 tuus
1707 591 103 61 te
1741 591 189 61 scandali-

117 640 229 58 zauerit,
288 640 152 58 erue
384 640 133 58 eum
460 640 95 58 &
498 640 209 58 proiice
650 640 133 58 abs
726 640 133 58 te.
802 640 152 58 Vnde
898 640 171 58 dicit
1012 640 152 58 Hugo
1107 640 114 58 de
1164 640 171 58 laude
1279 640 267 58 charitatis
1488 640 114 58 in
1545 640 267 58 principio.
1736 640 190 58 Charitas

123 698 144 56 sola
213 698 126 56 est
285 698 144 56 quae
375 698 108 56 ab
429 698 180 56 initio
556 698 180 56 seruis
682 698 126 56 dei
754 698 162 56 mundi
862 698 162 56 huius
970 698 252 56 illecebras
1169 698 198 56 fugere,
1313 698 252 56 voluptates
1511 698 216 56 calcare,
1674 698 180 56 carnis
1782 698 144 56 concu-

129 750 262 70 piscentias
335 750 243 70 cohibere,
522 750 243 70 desideria
709 750 243 70 frangere,
897 750 206 70 honores
1046 750 281 70 contemnere,
1271 750 225 70 postremo
1439 750 225 70 vniuersa
1608 750 168 70 vitae
1701 750 225 70 praesentis

129 804 280 67 blandimenta
353 804 242 67 respuere,
539 804 168 67 ipsam
651 804 186 67 quoque
782 804 130 67 pro
856 804 242 67 desiderio
1043 804 168 67 vitae
1155 804 242 67 perpetuae
1341 804 186 67 mortem
1472 804 186 67 suadet
1602 804 130 67 non
1677 804 205 67 timere.
1826 804 130 67 di-

123 867 166 59 cente
233 867 166 59 Paulo
344 867 129 59 Ro.
418 867 203 59 octauo.
565 867 148 59 Quis
657 867 129 59 nos
731 867 240 59 separabit
916 867 92 59 a
953 867 240 59 charitate
1137 867 221 59 Christi:
1303 867 277 59 tribulatio,
1524 867 111 59 an
1580 867 240 59 angustia,
1764 867 111 59 an
1801 867 129 59 fames

135 912 121 69 an
195 912 242 69 nuditas.
377 912 141 69 &c.
457 912 242 69 POSTquam
638 912 181 69 autem
759 912 181 69 omnia
880 912 161 69 sunt
981 912 242 69 vendita,
1162 912 222 69 pretium
1323 912 242 69 receptum
1504 912 282 69 pauperibus
1726 912 101 69 &
1746 912 181 69 indigen

125 965 170 62 tibus
239 965 170 62 debet
352 965 227 62 erogari.
523 965 170 62 iuxta
636 965 170 62 illud
750 965 189 62 Actuum
883 965 208 62 quarto.
1034 965 227 62 Quotquot
1204 965 170 62 autem
1318 965 303 62 possessiones
1564 965 227 62 domorum,
1735 965 133 62 aut
1810 965 151 62 agro

124 1020 137 64 rum
203 1020 177 64 erant
321 1020 275 64 vendentes,
536 1020 275 64 afferebant
752 1020 196 64 pretia
889 1020 177 64 eorum
1007 1020 157 64 quae
1105 1020 294 64 vendiderunt
1341 1020 157 64 ante
1439 1020 177 64 pedes
1556 1020 314 64 apostolorum.
1792 1020 137 64 Diui-

124 1073 183 64 debant
252 1073 164 64 autem
361 1073 219 64 singulis
526 1073 164 64 prout
635 1073 183 64 cuique
763 1073 146 64 opus
854 1073 164 64 erat.
964 1073 201 64 Propter
1110 1073 146 64 quod
1201 1073 237 64 subditur.
1384 1073 110 64 Et
1439 1073 110 64 da
1494 1073 274 64 pauperibus,
1713 1073 128 64 hoc
1786 1073 128 64 est
1859 1073 110 64 in

131 1127 306 69 digentibus.
376 1127 143 69 Per
457 1127 163 69 hunc
559 1127 184 69 etiam
682 1127 184 69 modum
804 1127 143 69 dat
886 1127 163 69 quis
988 1127 286 69 pauperibus
1213 1127 204 69 patrem
1355 1127 102 69 &
1396 1127 225 69 matrem,
1560 1127 245 69 &caetera
1723 1127 204 69 huiusmo-

127 1183 131 60 di,
202 1183 187 60 quando
333 1183 243 60 relinquit
521 1183 131 60 eos
595 1183 225 60 infirmis
764 1183 112 60 ad
820 1183 262 60 temporalem
1026 1183 337 60 consolationem,
1307 1183 112 60 ad
1363 1183 150 60 quam
1457 1183 131 60 non
1532 1183 150 60 vult
1625 1183 131 60 eis
1700 1183 150 60 vti.
1794 1183 131 60 Quo
1850 1183 75 60 fa

131 1237 134 63 cto,
215 1237 134 63 tunc
299 1237 151 63 primo
400 1237 235 63 dispositus
585 1237 134 63 est,
669 1237 101 63 vt
719 1237 185 63 quantum
854 1237 118 63 est
921 1237 101 63 ex
971 1237 185 63 ratione
1106 1237 185 63 status,
1240 1237 101 63 ad
1291 1237 269 63 perfectionis
1509 1237 286 63 acquisitionem
1744 1237 185 63 gressus
1862 1237 67 63 ex

134 1289 181 61 tendat,
265 1289 131 61 quod
347 1289 230 61 insinuatur
528 1289 115 61 cum
593 1289 214 61 subditur.
758 1289 99 61 Et
807 1289 181 61 sequere
938 1289 115 61 me,
1004 1289 148 61 quasi
1103 1289 164 61 dicat,
1218 1289 197 61 reiectis
1366 1289 263 61 impedimentis
1579 1289 214 61 ingredere
1743 1289 131 61 viam
1809 1289 115 61 virtu

122 1343 113 58 tis
186 1343 97 58 vt
235 1343 129 58 fias
315 1343 225 58 perfectus.
492 1343 129 58 Vnde
573 1343 145 58 dicit
669 1343 177 58 interl.
798 1343 145 58 glos.
895 1343 113 58 Non
959 1343 193 58 sufficit
1104 1343 225 58 relinquare
1281 1343 145 58 mala.
1378 1343 97 58 et
1426 1343 145 58 glos:
1523 1343 145 58 super
1619 1343 161 58 Matth.
1732 1343 161 58 dicit.
1828 1343 97 58 Reli

123 1399 137 65 ctis
208 1399 154 65 malis
311 1399 120 65 fac
380 1399 154 65 bona.
482 1399 188 65 Sequere
619 1399 205 65 imitando
773 1399 120 65 me,
842 1399 154 65 sicut
944 1399 120 65 sum
1013 1399 137 65 via.
1098 1399 120 65 hoc
1167 1399 137 65 enim
1253 1399 154 65 solum
1355 1399 223 65 sufficit.
1526 1399 137 65 Hinc
1612 1399 120 65 est
1680 1399 137 65 quod
1766 1399 154 65 dicit
1852 1399 68 65 Hu

125 1454 111 65 go
180 1454 111 65 de
236 1454 167 65 laude
347 1454 278 65 charitatis.
569 1454 167 65 Certe
680 1454 167 65 parum
791 1454 130 65 hoc
865 1454 148 65 erat
957 1454 185 65 amicis
1087 1454 148 65 dei,
1179 1454 111 65 vt
1235 1454 130 65 pro
1309 1454 167 65 amore
1420 1454 259 65 aeternorum
1623 1454 148 65 ista
1697 1454 222 65 spernerent

129 1515 146 56 ista
220 1515 255 56 calcarent:
421 1515 128 56 sed
494 1515 219 56 abiectis
658 1515 128 56 his
731 1515 201 56 omnibus
877 1515 237 56 alacriter
1059 1515 109 56 ad
1114 1515 164 56 votum
1224 1515 237 56 currentes
1406 1515 128 56 nec
1479 1515 164 56 minis
1589 1515 201 56 terreri
1716 1515 201 56 poterant,

133 1567 114 60 nec
198 1567 229 60 tormentis.
378 1567 212 60 Currebant
541 1567 147 60 ergo:
639 1567 163 60 mundum
754 1567 131 60 post
835 1567 98 60 se
884 1567 294 60 relinquambant:
1130 1567 131 60 deum
1211 1567 131 60 ante
1293 1567 98 60 se
1342 1567 212 60 habebant.
1505 1567 98 60 Et
1554 1567 147 60 iuxta
1653 1567 114 60 hoc
1718 1567 147 60 dicit
1800 1567 114 60 Greg.

131 1620 156 60 super
235 1620 208 60 Ezechie.
391 1620 156 60 parte
495 1620 191 60 secunda
633 1620 173 60 homil.
755 1620 139 60 vii.
841 1620 260 60 transitoria
1049 1620 173 60 cuncta
1171 1620 243 60 despiciens
1361 1620 208 60 quousque
1517 1620 104 60 ad
1569 1620 173 60 gaudia
1691 1620 191 60 secreta
1812 1620 104 60 per-

136 1664 179 63 ueniat,
266 1664 114 63 per
331 1664 163 63 atrium
445 1664 260 63 perfectionis
657 1664 179 63 currat.
787 1664 130 63 quia
868 1664 98 63 vt
917 1664 146 63 dicit
1015 1664 163 63 Hiero.
1129 1664 146 63 super
1226 1664 163 63 Matth.
1340 1664 114 63 non
1405 1664 195 63 sufficit
1552 1664 163 63 tantum
1666 1664 244 63 relinquere.
1845 1664 81 63 Hoc

135 1719 129 69 enim
216 1719 194 69 Socrates
361 1719 242 69 philosophus
555 1719 162 69 fecit,
668 1719 81 69 &
701 1719 145 69 multi
798 1719 145 69 alii.
895 1719 162 69 iungit
1008 1719 129 69 quod
1088 1719 210 69 perfectum
1250 1719 129 69 est.
1331 1719 178 69 Sequere
1460 1719 113 69 me.
1525 1719 129 69 quod
1606 1719 178 69 proprie
1719 1719 210 69 apostolorum

129 1770 118 62 est
197 1770 152 62 atque
298 1770 253 62 credentium.
501 1770 169 62 Cumque
619 1770 101 62 vt
670 1770 118 62 iam
737 1770 169 62 dictum
856 1770 135 62 est,
940 1770 220 62 abdicanda
1109 1770 135 62 sint
1194 1770 152 62 omnia
1295 1770 237 62 temporalia
1481 1770 118 62 non
1548 1770 152 62 solum
1650 1770 186 62 illorum
1785 1770 169 62 aliqua

133 1836 118 62 nam
201 1836 135 62 homo
285 1836 118 62 per
353 1836 118 62 hoc
420 1836 101 62 in
471 1836 152 62 statu
572 1836 270 62 perfectionis
792 1836 253 62 acquirendae
995 1836 186 62 positus
1130 1836 237 62 expeditius
1316 1836 169 62 potest
1434 1836 101 62 se
1485 1836 220 62 extendere
1654 1836 101 62 ad
1704 1836 203 62 aeterna:
1840 1836 84 62 ta-

137 1877 129 72 men
210 1877 147 72 quia
302 1877 276 72 quaestiones
523 1877 111 72 ad
579 1877 221 72 praesens
744 1877 258 72 propositae
947 1877 147 72 sunt
1039 1877 239 72 solummodo
1223 1877 258 72 propositae
1426 1877 166 72 circa
1536 1877 295 72 abdicationem
1757 1877 166 72 bonorum

134 1942 272 61 pecunialium:
355 1942 136 61 ideo
440 1942 255 61 abdicatione
645 1942 204 61 aliorunm
798 1942 204 61 scilicet
951 1942 187 61 patris,
1087 1942 187 61 matris,
1223 1942 85 61 &
1257 1942 255 61 generaliter
1461 1942 204 61 amicorum
1615 1942 187 61 omnium,
1751 1942 85 61 &
1785 1942 119 61 cum
1836 1942 85 61 hoc

128 1991 234 61 suiipsius
308 1991 108 61 ad
362 1991 216 61 praesens
524 1991 198 61 omissa,
668 1991 162 61 circa
776 1991 288 61 abdicationem
1010 1991 270 61 temporalium
1225 1991 162 61 rerum
1333 1991 252 61 exteriorum
1531 1991 288 61 restringenda
1765 1991 126 61 est
1837 1991 126 61 in-

136 2039 173 69 tentio
257 2039 190 69 nostra.
395 2039 259 69 Descendendo
602 2039 173 69 igitur
723 2039 104 69 ad
775 2039 242 69 propositam
965 2039 277 69 quaestionem,
1190 2039 104 69 an
1242 2039 190 69 habens,
1380 2039 190 69 propria
1518 2039 156 69 solum
1622 2039 242 69 necessaria
1795 2039 138 69 victui

139 2102 169 61 melius
257 2102 84 61 &
291 2102 236 61 perfectius
476 2102 185 61 faceret
611 2102 135 61 illa
695 2102 236 61 dimittendo
881 2102 101 61 an
931 2102 236 61 retinendo:
1117 2102 135 61 Dico
1201 2102 135 61 quod
1285 2102 169 61 quando
1403 2102 202 61 quaestio
1555 2102 118 61 est
1623 2102 101 61 de
1673 2102 185 61 aliquo,
1808 2102 101 61 an
1842 2102 84 61 sit

145 2150 153 63 bonum,
252 2150 92 63 an
298 2150 153 63 melius
405 2150 107 63 non
466 2150 92 63 in
512 2150 107 63 se,
573 2150 107 63 sed
634 2150 92 63 in
680 2150 153 63 ordine
787 2150 92 63 ad
833 2150 153 63 aliud,
941 2150 107 63 non
1002 2150 107 63 est
1063 2150 107 63 tam
1124 2150 230 63 aspiciendum
1308 2150 92 63 ad
1354 2150 138 63 illud
1446 2150 138 63 quale
1537 2150 107 63 sit
1599 2150 92 63 in
1645 2150 107 63 se,
1706 2150 122 63 quam
1767 2150 153 63 qualiter

150 2204 84 63 se
192 2204 140 63 habeat
290 2204 84 63 ad
332 2204 140 63 illud,
430 2204 168 63 respectu
556 2204 126 63 cuius
640 2204 196 63 proponitur
794 2204 112 63 esse
864 2204 140 63 bonum,
962 2204 98 63 aut
1018 2204 154 63 melius:
1131 2204 196 63 aspiciende
1285 2204 168 63 scilicet
1411 2204 98 63 non
1467 2204 126 63 solum
1551 2204 84 63 an
1593 2204 98 63 sit
1649 2204 126 63 bonum
1733 2204 84 63 in
1775 2204 98 63 se,
1831 2204 98 63 aut
1873 2204 56 63 me

139 2254 126 64 lius,
223 2254 98 64 sed
279 2254 84 64 an
322 2254 98 64 sit
378 2254 140 64 bonum,
476 2254 70 64 &
504 2254 155 64 melius,
617 2254 98 64 hoc
673 2254 98 64 est
729 2254 197 64 expediens,
883 2254 98 64 aut
940 2254 225 64 expedientius
1122 2254 126 64 illi.
1207 2254 112 64 Quod
1277 2254 84 64 nm
1319 2254 126 64 bonum
1403 2254 98 64 est
1459 2254 84 64 in
1502 2254 98 64 se,
1558 2254 98 64 non
1614 2254 140 64 semper
1712 2254 126 64 bonum
1797 2254 98 64 est
1853 2254 98 64 ha-

137 2307 140 70 benti
231 2307 156 70 illud:
340 2307 124 70 quia
418 2307 109 70 non
480 2307 109 70 est
542 2307 93 70 ei
589 2307 202 70 expediens
744 2307 109 70 pro
807 2307 187 70 tempore,
947 2307 109 70 aut
1009 2307 140 70 loco,
1102 2307 109 70 aut
1164 2307 171 70 naturae
1289 2307 124 70 suae
1367 2307 265 70 dispositione.
1585 2307 140 70 Licet
1678 2307 124 70 enim
1756 2307 156 70 vinum,
1849 2307 78 70 aut

139 2364 164 70 bibere
253 2364 147 70 vinum
352 2364 115 70 sit
417 2364 147 70 bonum
515 2364 262 70 simpliciter,
728 2364 131 70 quia
810 2364 115 70 est
876 2364 147 70 bonum
974 2364 82 70 &
1007 2364 213 70 expediens
1171 2364 131 70 bene
1252 2364 213 70 disposito
1416 2364 197 70 secundum
1564 2364 180 70 corpus:
1695 2364 115 70 non
1760 2364 147 70 tamen
1842 2364 82 70 est

140 2418 138 67 bonum
232 2418 262 67 febricitanti,
447 2418 123 67 quia
524 2418 108 67 est
586 2418 123 67 male
663 2418 215 67 dispositus
832 2418 185 67 secundum
970 2418 169 67 corpus:
1093 2418 77 67 &
1124 2418 123 67 ideo
1201 2418 108 67 non
1263 2418 108 67 est
1324 2418 92 67 ei
1370 2418 215 67 expediens.
1539 2418 108 67 hoc
1601 2418 108 67 est
1662 2418 123 67 enim
1739 2418 138 67 illud
1832 2418 123 67 quod

150 2472 155 69 dictum
259 2472 109 69 est
321 2472 186 69 secundum
461 2472 186 69 Tullium:
601 2472 124 69 quod
679 2472 93 69 in
725 2472 264 69 deliberatione
943 2472 186 69 secundum
1083 2472 124 69 quod
1161 2472 140 69 genus
1254 2472 140 69 vitae
1347 2472 155 69 viuere
1456 2472 186 69 velimus,
1596 2472 93 69 ad
1642 2472 171 69 naturam
1767 2472 186 69 cuiusque

140 2539 227 55 consilium
314 2539 139 55 omne
401 2539 244 55 reuocandum
593 2539 139 55 est.
680 2539 105 55 In
732 2539 139 55 ista
820 2539 139 55 ergo
907 2539 296 55 deliberatione
1151 2539 105 55 an
1203 2539 139 55 isti
1290 2539 122 55 sit
1360 2539 174 55 melius
1482 2539 157 55 totum
1587 2539 227 55 dimittere
1761 2539 87 55 &
1779 2539 139 55 viuere

147 2591 140 71 nihil
241 2591 172 71 habendo
366 2591 94 71 in
413 2591 187 71 proprio,
553 2591 94 71 an
600 2591 187 71 retinere
740 2591 218 71 necessaria
912 2591 140 71 vitae
1005 2591 78 71 &
1037 2591 156 71 viuere
1146 2591 172 71 aliquid
1271 2591 172 71 habendo
1396 2591 94 71 in
1442 2591 187 71 proprio:
1583 2591 94 71 et
1630 2591 203 71 similiter
1786 2591 94 71 in
1817 2591 109 71 deli-

136 2630 221 67 beratione
306 2630 153 67 magis
408 2630 221 67 generali,
578 2630 102 67 an
629 2630 170 67 melius
748 2630 153 67 esset
850 2630 170 67 homini
969 2630 255 67 simpliciter
1172 2630 170 67 habere
1291 2630 170 67 tantum
1410 2630 255 67 necessaria,
1614 2630 102 67 an
1665 2630 136 67 illa
1733 2630 187 67 dimittere

143 2693 72 61 &
171 2693 130 61 nihil
258 2693 158 61 habere:
373 2693 173 61 Dicendum
502 2693 101 61 est
560 2693 86 61 ad
603 2693 216 61 quaestionem
776 2693 101 61 sic
833 2693 216 61 generaliter
1006 2693 216 61 propositam:
1179 2693 115 61 quod
1251 2693 130 61 eadem
1337 2693 101 61 res
1395 2693 144 61 potest
1495 2693 187 61 comperari
1639 2693 173 61 secundum
1769 2693 130 61 bonum
1855 2693 72 61 &
1869 2693 58 61 me

148 2744 123 68 lius
225 2744 200 68 sibiipsi,
379 2744 92 68 vt
425 2744 154 68 habita
533 2744 77 68 &
563 2744 108 68 non
625 2744 169 68 habita,
748 2744 231 68 dupliciter.
933 2744 108 68 Vno
995 2744 139 68 imodo
1087 2744 246 68 considerando
1287 2744 139 68 ipsam
1380 2744 92 68 sm
1426 2744 92 68 se
1472 2744 77 68 &
1503 2744 200 68 absolute.
1657 2744 123 68 Alio
1734 2744 123 68 modo
1796 2744 123 68 consi-

146 2793 177 76 derando
275 2793 145 76 ipsam
372 2793 97 76 in
420 2793 194 76 respectu
565 2793 81 76 &
597 2793 258 76 comparatione
807 2793 97 76 ad
856 2793 194 76 habentem
1001 2793 81 76 &
1033 2793 113 76 non
1097 2793 210 76 habentem.
1259 2793 97 76 Si
1307 2793 145 76 primo
1404 2793 145 76 modo,
1501 2793 129 76 tunc
1581 2793 113 76 non
1646 2793 177 76 quaerit
1759 2793 161 76 quaestio

149 2848 127 67 nisi
228 2848 95 67 an
276 2848 111 67 sit
339 2848 158 67 melius
450 2848 158 67 habere
561 2848 95 67 an
608 2848 111 67 non
672 2848 174 67 habere.
799 2848 95 67 Et
846 2848 111 67 sic
909 2848 238 67 simpliciter
1099 2848 127 67 dico
1179 2848 127 67 quod
1258 2848 158 67 melius
1369 2848 111 67 est
1432 2848 158 67 habere
1543 2848 127 67 quam
1622 2848 111 67 non
1685 2848 174 67 habere,
1812 2848 111 67 non
1860 2848 63 67 so

141 2904 106 67 lum
202 2904 167 67 proprio
323 2904 152 67 tantum
430 2904 152 67 victui
536 2904 228 67 necessaria,
718 2904 106 67 sed
779 2904 137 67 etiam
870 2904 91 67 in
916 2904 137 67 magna
1007 2904 228 67 abundantia,
1189 2904 106 67 ita
1250 2904 122 67 quod
1326 2904 152 67 habere
1433 2904 106 67 sit
1493 2904 137 67 tanto
1585 2904 152 67 melius
1691 2904 152 67 quanto
1782 2904 137 67 habetur

148 2966 261 55 abundantius:
360 2966 131 55 quia
442 2966 114 55 res
507 2966 98 55 in
556 2966 98 55 se
605 2966 82 55 &
637 2966 98 55 ex
686 2966 98 55 se
735 2966 147 55 bonae
833 2966 147 55 sunt,
931 2966 98 55 vt
980 2966 147 55 infra
1078 2966 180 55 dicetur
1209 2966 196 55 secundum
1356 2966 229 55 Augustinus
1535 2966 82 55 &
1568 2966 196 55 Ambrosi.
1715 2966 82 55 &
1747 2966 98 55 in
1796 2966 114 55 non
1862 2966 98 55 ha

146 3021 152 64 bere,
248 3021 135 64 quia
332 3021 203 64 defectus
484 3021 118 64 est
552 3021 85 64 &
586 3021 203 64 priuatio
738 3021 152 64 pura,
839 3021 152 64 nihil
941 3021 220 64 bonitatis
1110 3021 85 64 &
1143 3021 270 64 perfectionis
1363 3021 237 64 consistit.
1549 3021 169 64 Aliter
1667 3021 135 64 enim
1735 3021 186 64 continge-

151 3080 113 52 ret
215 3080 161 52 opinio
328 3080 209 52 Manichei,
489 3080 129 52 quod
569 3080 225 52 temporalia
746 3080 96 52 ex
794 3080 96 52 se
842 3080 129 52 mala
923 3080 129 52 sunt
1003 3080 80 52 &
1035 3080 225 52 abdicanda,
1212 3080 129 52 quod
1293 3080 225 52 haereticum
1470 3080 113 52 est
1534 3080 177 52 dicere.
1663 3080 96 52 Si
1711 3080 177 52 secundo
1840 3080 129 52 modo

144 3126 137 71 tunc
230 3126 189 71 quaerit
367 3126 206 71 quaestio
521 3126 103 71 an
573 3126 172 71 melius
693 3126 120 71 sit
761 3126 172 71 homini
882 3126 189 71 habere,
1019 3126 103 71 an
1070 3126 120 71 non
1139 3126 189 71 habere.
1276 3126 103 71 Et
1328 3126 120 71 est
1396 3126 120 71 hic
1465 3126 223 71 sciendum:
1636 3126 137 71 quod
1722 3126 103 71 in
1774 3126 120 71 hac
1825 3126 103 71 con-

150 3174 209 80 paratione
311 3174 113 80 non
375 3174 274 80 considerantur
601 3174 161 80 melius
714 3174 81 80 &
746 3174 145 80 minus
843 3174 145 80 bonum
939 3174 145 80 circa
1036 3174 145 80 haibe
1133 3174 81 80 &
1165 3174 113 80 non
1229 3174 129 80 habe
1310 3174 129 80 nisi
1390 3174 97 80 ex
1439 3174 177 80 ratione
1568 3174 274 80 distractionis
1793 3174 81 80 a
1825 3174 129 80 bono
