2478 3726
520 276 196 94 spiritali
671 276 106 94 per
731 276 136 94 ipsa:
822 276 121 94 quia
897 276 136 94 illud
988 276 106 94 est
1048 276 211 94 perfectius
1215 276 91 94 in
1260 276 136 94 statu
1350 276 76 94 &
1381 276 166 94 melius,
1502 276 121 94 quod
1577 276 136 94 minus
1668 276 136 94 natum
1758 276 106 94 est
1819 276 227 94 distrahere,
2000 276 91 94 vt
2045 276 166 94 patebit
2166 276 91 94 in
2196 276 121 94 sequen

522 346 89 73 ti
567 346 223 73 quaestione.
746 346 119 73 Quia
820 346 134 73 autem
909 346 194 73 huiusmodi
1058 346 119 73 bona
1133 346 119 73 nata
1207 346 119 73 sunt
1282 346 223 73 distrahere,
1461 346 149 73 partim
1565 346 194 73 contingit
1714 346 89 73 ex
1759 346 134 73 parte
1848 346 164 73 ipsarum
1967 346 149 73 rerum,
2072 346 149 73 partim
2176 346 89 73 ex
2206 346 104 73 parte

517 404 185 60 hominum
652 404 236 60 habentium,
837 404 118 60 aut
904 404 118 60 non
972 404 219 60 habentium
1140 404 118 60 ea.
1207 404 151 60 Dicta
1308 404 135 60 ergo
1392 404 236 60 comperatio
1577 404 168 60 potest
1695 404 252 60 considerari
1897 404 151 60 circa
1998 404 185 60 habere,
2133 404 84 60 &
2167 404 118 60 non
2217 404 101 60 habe

517 461 160 70 propria
634 461 87 70 ex
678 461 131 70 parte
765 461 160 70 ipsarum
882 461 146 70 rerum,
984 461 102 70 vel
1042 461 87 70 ex
1086 461 131 70 parte
1174 461 190 70 habentium
1319 461 73 70 &
1349 461 102 70 non
1407 461 190 70 habentium
1553 461 102 70 ea.
1611 461 87 70 Si
1655 461 131 70 primo
1742 461 131 70 modo,
1830 461 117 70 tunc
1903 461 146 70 duplex
2005 461 146 70 potest
2107 461 131 70 fieri
2180 461 131 70 compera

515 518 139 70 tio:
602 518 122 70 Vna
671 518 243 70 comparando
862 518 174 70 habere
984 518 191 70 propria
1123 518 104 70 ad
1175 518 122 70 non
1245 518 174 70 habere
1366 518 122 70 ea,
1436 518 278 70 considerando
1662 518 122 70 non
1731 518 139 70 habe
1818 518 209 70 secundum
1975 518 104 70 se
2027 518 87 70 &
2062 518 226 70 absolute:
2218 518 87 70 vel

521 565 122 77 cum
590 565 174 77 aliquo
712 565 227 77 adiuncto,
887 565 227 77 videlicet
1061 565 122 77 aut
1131 565 122 77 cum
1201 565 140 77 hate
1288 565 140 77 bona
1375 565 105 77 in
1428 565 209 77 conmuni,
1584 565 122 77 aut
1654 565 122 77 cum
1724 565 122 77 non
1794 565 244 77 haitmebona
1986 565 105 77 in
2038 565 209 77 communi.
2195 565 105 77 Si
2230 565 87 77 pri

517 635 97 60 mo
565 635 146 60 modo,
663 635 114 60 sic
728 635 114 60 non
793 635 162 60 habere
906 635 179 60 propria
1036 635 244 60 simpliciter
1231 635 162 60 melius
1345 635 114 60 est
1410 635 130 60 quam
1491 635 146 60 haire
1588 635 146 60 ipsa,
1686 635 130 60 quia
1767 635 162 60 habere
1881 635 146 60 natum
1978 635 114 60 est
2043 635 227 60 distrahere
2205 635 114 60 haben

521 680 119 72 tem:
596 680 104 72 non
655 680 149 72 habere
760 680 134 72 autem
849 680 194 72 nequaquam
999 680 164 72 quantum
1118 680 104 72 est
1178 680 90 72 ex
1223 680 104 72 se.
1282 680 149 72 Aliter
1387 680 119 72 enim
1461 680 224 72 simpliciter
1640 680 149 72 melius
1745 680 134 72 esset
1834 680 104 72 hre
1894 680 119 72 bona
1969 680 179 72 communia
2103 680 90 72 &,
2148 680 164 72 propria
2252 680 60 72 si

516 739 121 73 mul,
592 739 121 73 quam
668 739 152 73 habere
774 739 182 73 communia
910 739 152 73 tantum
1016 739 152 73 absque
1123 739 197 73 propriis:
1274 739 121 73 quia
1350 739 152 73 habere
1456 739 167 73 propria
1578 739 167 73 aliquid
1699 739 121 73 boni
1775 739 197 73 apponeret
1927 739 91 73 ei
1972 739 91 73 ex
2018 739 91 73 se
2063 739 121 73 quod
2139 739 106 73 est
2185 739 121 73 habere

524 791 223 70 communia.
696 791 103 70 Si
747 791 155 70 autem
850 791 240 70 comparemus
1039 791 172 70 habere
1159 791 189 70 propria
1297 791 103 70 ad
1348 791 120 70 non
1417 791 172 70 habere
1537 791 120 70 ea,
1606 791 120 70 cum
1675 791 103 70 eo
1726 791 137 70 quid
1812 791 120 70 est
1881 791 172 70 habere
2001 791 223 70 conmunia:
2173 791 120 70 sic
2224 791 86 70 nul

517 847 111 72 lum
580 847 158 72 dubium
691 847 111 72 est
755 847 127 72 quin
834 847 111 72 non
897 847 158 72 habere
1008 847 174 72 propria
1135 847 158 72 melius
1245 847 127 72 est,
1325 847 127 72 quia
1404 847 142 72 minus
1499 847 206 72 distrahit
1657 847 127 72 hare
1736 847 190 72 conmunia
1879 847 127 72 cum,
1958 847 190 72 propriis
2100 847 127 72 aut,
2164 847 142 72 propria

525 905 141 59 tantum.
628 905 77 59 Si
666 905 116 59 autem
744 905 180 59 comparemus
885 905 116 59 hatbe
962 905 141 59 propria
1065 905 77 59 ad
1103 905 90 59 non
1155 905 103 59 habe
1219 905 90 59 ea,
1270 905 90 59 cum
1322 905 77 59 eo
1360 905 103 59 quid
1424 905 90 59 est
1476 905 90 59 non
1527 905 103 59 habe
1592 905 167 59 communia:
1720 905 90 59 hic
1771 905 128 59 aliqui
1861 905 167 59 dubitant,
1990 905 103 59 quid
2054 905 154 59 scilicet
2170 905 128 59 melius
2247 905 64 59 sit

521 958 89 58 an
566 958 149 58 habere
670 958 178 58 propria,
803 958 89 58 an
848 958 134 58 nihil
937 958 119 58 hare
1011 958 163 58 omnino,
1130 958 119 58 nec,
1205 958 178 58 propria,
1338 958 104 58 nec
1398 958 193 58 communia.
1546 958 119 58 Dico
1621 958 104 58 quo
1680 958 89 58 ad
1725 958 104 58 ius
1784 958 74 58 &
1814 958 193 58 dominium,
1962 958 119 58 quia
2037 958 119 58 sine
2111 958 104 58 vsu
2155 958 149 58 factinul

526 1011 109 62 lus
589 1011 155 62 potest
697 1011 140 62 esse,
791 1011 93 62 vt
837 1011 202 62 videbitur
993 1011 93 62 in
1040 1011 187 62 sequenti
1179 1011 233 62 quaestione.
1366 1011 155 62 Aliqui
1475 1011 124 62 enim
1553 1011 155 62 dicunt
1662 1011 124 62 quod
1739 1011 187 62 obligari
1879 1011 93 62 ad
1926 1011 140 62 nihil
2019 1011 155 62 habere
2128 1011 155 62 omnino
2221 1011 78 62 est

527 1071 249 62 discrimini
723 1071 107 62 se
777 1071 249 62 committere
973 1071 107 62 ac
1026 1071 196 62 tentare
1169 1071 143 62 deum
1258 1071 160 62 circa
1365 1071 267 62 prouisionem
1578 1071 321 62 necessariorum,
1846 1071 125 62 aut
1917 1071 125 62 est
1988 1071 178 62 multum
2095 1071 214 62 propinquum

524 1126 135 61 illi.
614 1126 165 61 Propter
734 1126 120 61 quid
808 1126 150 61 absque
913 1126 120 61 omni
988 1126 239 61 distinctione
1183 1126 150 61 dicunt
1287 1126 105 61 hoc
1347 1126 135 61 nullo
1437 1126 120 61 modo
1512 1126 165 61 licere:
1632 1126 75 61 &
1661 1126 105 61 ita
1721 1126 105 61 non
1781 1126 120 61 esse
1856 1126 150 61 melius
1961 1126 120 61 quam
2036 1126 120 61 habe
2110 1126 180 61 propria:
2245 1126 90 61 in

514 1182 97 62 mo
562 1182 146 62 multo
659 1182 210 62 deterius.
821 1182 162 62 Quorum
935 1182 210 62 opinionem
1096 1182 178 62 danmnat
1226 1182 194 62 Nicolaus
1371 1182 129 62 papa
1452 1182 97 62 in
1501 1182 243 62 expositione
1695 1182 178 62 regulae
1825 1182 178 62 fratrum
1954 1182 178 62 minorum
2083 1182 178 62 dicens:
2213 1182 129 62 quod

513 1236 169 55 taliter
635 1236 169 55 propter
758 1236 123 55 deum
835 1236 138 55 omnia
927 1236 215 55 abdicantes
1096 1236 107 55 non
1157 1236 169 55 tamquam
1280 1236 199 55 homicidae
1433 1236 107 55 sui
1495 1236 107 55 vel
1556 1236 215 55 tentatores
1725 1236 107 55 dei
1786 1236 169 55 viuendi
1909 1236 92 55 se
1955 1236 215 55 discrimini
2109 1236 199 55 committunt.

527 1289 111 69 Sic
590 1289 126 69 enim
669 1289 174 69 seipsos
796 1289 221 69 committunt
970 1289 174 69 diuinae
1096 1289 253 69 prouidentiae
1302 1289 95 69 in
1349 1289 174 69 viuendo
1476 1289 95 69 vt
1523 1289 126 69 viam
1602 1289 111 69 non
1666 1289 221 69 contemnant
1839 1289 237 69 prouisionis
2029 1289 174 69 humanae
2156 1289 111 69 &c.
2203 1289 95 69 Pro-

530 1346 135 69 pter
614 1346 135 69 quod
699 1346 101 69 in
749 1346 118 69 hoc
817 1346 169 69 membro
935 1346 337 69 subdistinguendum
1221 1346 135 69 est:
1306 1346 185 69 dicendo
1440 1346 135 69 quod
1525 1346 169 69 hairne
1643 1346 185 69 propria
1777 1346 169 69 potest
1895 1346 219 69 comparari
2064 1346 101 69 ad
2115 1346 118 69 non
2165 1346 135 69 habere

522 1411 113 57 ea,
586 1411 113 57 nec
651 1411 145 57 etiam
747 1411 209 57 communia,
908 1411 113 57 hoc
973 1411 113 57 est
1037 1411 97 57 ad
1085 1411 145 57 nihil
1182 1411 161 57 omnino
1295 1411 177 57 habere,
1424 1411 242 57 dupliciter.
1617 1411 113 57 Vno
1681 1411 129 57 modo
1762 1411 258 57 considerando
1971 1411 145 57 ipsum
2068 1411 129 57 quod
2148 1411 113 57 est
2196 1411 113 57 nihil

524 1455 156 69 habere
634 1455 172 69 omnino.
759 1455 187 69 secundum
899 1455 94 69 se
946 1455 78 69 &
977 1455 203 69 absolute,
1133 1455 109 69 aut
1196 1455 109 69 cum
1258 1455 219 69 conditione
1430 1455 281 69 sollicitudinis
1664 1455 140 69 circa
1758 1455 234 69 prouisionem
1945 1455 265 69 necessariorum
2148 1455 156 69 accipiem

524 1512 114 59 dam
589 1512 98 59 de
638 1512 147 59 bonis
736 1512 180 59 alienis
867 1512 163 59 omnine
981 1512 196 59 scilicet
1128 1512 114 59 quo
1193 1512 98 59 ad
1242 1512 114 59 ius
1308 1512 82 59 &
1340 1512 212 59 dominium.
1504 1512 131 59 Quae
1585 1512 163 59 quidem
1700 1512 196 59 conditio
1847 1512 180 59 quamuis
1977 1512 114 59 est
2043 1512 98 59 ei
2092 1512 229 59 necessario
2255 1512 49 59 &

517 1568 320 62 inseparabiliter
787 1568 169 62 annexa
905 1568 186 62 quantum
1040 1568 101 62 ex
1091 1568 152 62 parte
1192 1568 186 62 humanae
1327 1568 270 62 indigentiae,
1546 1568 135 62 quia
1630 1568 152 62 nihil
1732 1568 169 62 habere
1850 1568 186 62 omnino,
1985 1568 84 62 &
2018 1568 152 62 nullo
2119 1568 135 62 modo
2187 1568 118 62 velle

520 1621 132 73 sibi
602 1621 214 73 prouidere
767 1621 99 73 de
816 1621 247 73 necessariis
1014 1621 165 73 vitae,
1129 1621 148 73 plane
1228 1621 148 73 esset
1327 1621 214 73 homicidam
1492 1621 132 73 esse
1575 1621 132 73 sui,
1657 1621 115 73 aut
1723 1621 231 73 committere
1904 1621 99 73 se
1954 1621 231 73 discrimini
2135 1621 82 73 &
2152 1621 148 73 tentare

526 1679 144 68 deum:
622 1679 144 68 tamen
718 1679 144 68 nihil
813 1679 160 68 habere
925 1679 160 68 omnino
1037 1679 96 68 ex
1084 1679 96 68 se
1132 1679 112 68 non
1196 1679 191 68 includit
1340 1679 160 68 illam,
1451 1679 128 68 quia
1531 1679 160 68 omnino
1643 1679 144 68 nihil
1739 1679 176 68 habenti
1866 1679 160 68 absque
1978 1679 176 68 propria
2090 1679 223 68 sollicitudi-

517 1733 93 79 ne
563 1733 154 79 posset
671 1733 154 79 aliter
779 1733 200 79 prouideri
933 1733 139 79 etiam
1025 1733 93 79 si
1072 1733 93 79 se
1118 1733 108 79 non
1180 1733 231 79 transferret
1365 1733 123 79 nisi
1442 1733 170 79 haberet
1565 1733 200 79 communia.
1719 1733 93 79 Si
1765 1733 139 79 primo
1858 1733 139 79 modo,
1950 1733 123 79 sic,
2027 1733 139 79 iuxta
2120 1733 123 79 quod
2182 1733 123 79 dictum

516 1788 113 60 est
580 1788 96 60 de
628 1788 113 60 non
693 1788 161 60 habere
805 1788 193 60 propria,
950 1788 145 60 nihil
1046 1788 161 60 habere
1159 1788 161 60 omnino
1271 1788 241 60 simpliciter
1464 1788 161 60 melius
1577 1788 113 60 est
1641 1788 129 60 quam
1721 1788 161 60 habere
1834 1788 193 60 propria.
1979 1788 129 60 quia
2059 1788 161 60 habere
2171 1788 96 60 ea
2220 1788 113 60 na-

517 1848 114 70 tum
582 1848 114 70 est
647 1848 98 70 ex
696 1848 98 70 se
744 1848 228 70 distrahere
923 1848 211 70 habentem:
1086 1848 146 70 nihil
1184 1848 146 70 autem
1281 1848 163 70 habere
1395 1848 179 70 quantum
1525 1848 114 70 est
1590 1848 98 70 ex
1639 1848 98 70 se
1688 1848 114 70 non
1753 1848 114 70 est
1818 1848 146 70 natum
1916 1848 228 70 distrahere
2095 1848 114 70 non
2143 1848 163 70 habentem

523 1904 113 64 sed
587 1904 145 64 solum
684 1904 113 64 per
748 1904 193 64 accidenm
893 1904 193 64 scilicet
1038 1904 97 64 ex
1086 1904 177 64 ratione
1215 1904 290 64 sollicitudinis
1456 1904 97 64 ex
1504 1904 177 64 propria
1633 1904 225 64 prouisione
1810 1904 177 64 annexa,
1939 1904 97 64 vt
1987 1904 161 64 dictum
2100 1904 129 64 est.
2164 1904 145 64 Propter

528 1954 143 72 quid
618 1954 161 72 dicit
725 1954 215 72 Nicolaus
886 1954 143 72 papa
976 1954 233 72 huiusmodi
1155 1954 287 72 abdicationem
1388 1954 125 72 non
1459 1954 161 72 solum
1567 1954 287 72 obseruabilem
1800 1954 90 72 &
1835 1954 215 72 licitam,
1997 1954 125 72 sed
2068 1954 251 72 meritoriam
2247 1954 54 72 &

526 2018 248 60 perfectam,
721 2018 89 60 &
757 2018 106 60 eo
810 2018 160 60 magis
917 2018 248 60 meritoriam
1112 2018 124 60 quo
1183 2018 124 60 per
1254 2018 160 60 ipsam
1360 2018 266 60 professores
1573 2018 177 60 ipsius
1698 2018 160 60 magis
1804 2018 89 60 a
1840 2018 284 60 temporalibus
2070 2018 195 60 propter
2195 2018 106 60 deum

527 2057 242 74 elongantur.
721 2057 97 74 Si
769 2057 178 74 secundo
899 2057 145 74 autem
996 2057 145 74 modo,
1093 2057 113 74 sic
1157 2057 178 74 oportet
1287 2057 145 74 totam
1384 2057 307 74 considerationem
1642 2057 178 74 referre
1772 2057 97 74 ad
1820 2057 145 74 illam
1917 2057 242 74 conditionem
2095 2057 210 74 sollicitudi

524 2115 122 65 nis
593 2115 192 65 annexae
733 2115 140 65 siue
820 2115 279 65 consequentis
1047 2115 349 65 inseparabiliter.
1343 2115 105 65 Et
1396 2115 262 65 suspicantur
1605 2115 122 65 hic
1675 2115 174 65 aliqui
1797 2115 140 65 quod
1884 2115 157 65 talem
1989 2115 314 65 sollicitudinem
2233 2115 70 65 ex

524 2173 166 75 ratione
644 2173 105 75 sui
705 2173 166 75 oportet
825 2173 120 75 esse
900 2173 151 75 tantam
1006 2173 120 75 quod
1081 2173 136 75 multo
1172 2173 120 75 plus
1247 2173 120 75 nata
1322 2173 105 75 est
1382 2173 166 75 quantum
1503 2173 105 75 est
1563 2173 90 75 ex
1608 2173 90 75 se
1653 2173 211 75 distrahere
1819 2173 120 75 quam
1894 2173 196 75 distrahat
2045 2173 226 75 sollicitudo
2211 2173 90 75 cir-

533 2226 99 71 ca,
589 2226 156 71 propria
703 2226 85 71 in
745 2226 198 71 accipiendo
901 2226 85 71 ab
944 2226 127 71 illis
1028 2226 212 71 necessaria:
1198 2226 85 71 et
1241 2226 113 71 quod
1312 2226 85 71 sm
1354 2226 99 71 hoc
1411 2226 142 71 melius
1510 2226 99 71 est
1567 2226 71 71 &
1595 2226 198 71 perfectius
1751 2226 142 71 hairne
1850 2226 156 71 propria
1963 2226 113 71 quam
2034 2226 127 71 nihil
2119 2226 127 71 haine
2190 2226 113 71 omnino

524 2283 80 68 Et
564 2283 93 68 per
617 2283 186 68 consequens
763 2283 120 68 multo
843 2283 133 68 melius
936 2283 120 68 esset
1016 2283 67 68 &
1043 2283 186 68 perfectius
1189 2283 120 68 haite
1269 2283 107 68 bona
1336 2283 80 68 in
1376 2283 146 68 communi
1482 2283 107 68 quam
1549 2283 120 68 nihil
1629 2283 133 68 haitne
1722 2283 146 68 omnino:
1829 2283 120 68 cuius
1909 2283 186 68 contrarium
2055 2283 186 68 intendimus
2201 2283 133 68 deter-

520 2332 176 71 minarein
652 2332 205 71 quaestione
814 2332 191 71 sequenti.
961 2332 161 71 Propter
1078 2332 117 71 quod
1151 2332 161 71 membrum
1269 2332 103 71 hoc
1327 2332 132 71 vsque
1416 2332 88 71 ad
1460 2332 132 71 illam
1548 2332 220 71 quaestionem
1724 2332 235 71 suspendamus.
1914 2332 88 71 Si
1958 2332 132 71 autem
2047 2332 235 71 consideretur
2223 2332 73 71 dis

524 2388 164 63 tractio
643 2388 89 63 ex
688 2388 149 63 bonis,
792 2388 268 63 proprietariis,
1016 2388 89 63 pm
1061 2388 119 63 quod
1135 2388 119 63 nata
1210 2388 119 63 sunt
1284 2388 209 63 distrahere
1448 2388 89 63 ex
1493 2388 134 63 parte
1582 2388 179 63 hominium
1717 2388 194 63 habentium
1866 2388 75 63 &
1896 2388 104 63 non
1955 2388 194 63 habentium
2104 2388 104 63 ea,
2164 2388 119 63 tunc
2223 2388 75 63 sub

529 2445 201 75 distinguo:
686 2445 115 75 quia
758 2445 115 75 ista
830 2445 229 75 consideratio
1016 2445 143 75 potest
1116 2445 186 75 intelligi
1259 2445 215 75 dupliciter,
1431 2445 100 75 aut
1488 2445 172 75 respectu
1617 2445 158 75 hominis
1732 2445 86 75 sm
1775 2445 143 75 statum
1875 2445 158 75 naturae
1990 2445 115 75 suae
2061 2445 129 75 prout
2147 2445 115 75 erat
2205 2445 100 75 primo

521 2502 200 64 instituta,
678 2502 100 64 aut
735 2502 86 64 sm
778 2502 143 64 statum
878 2502 172 64 modernum
1007 2502 129 64 prout
1093 2502 100 64 per
1150 2502 172 64 peccatum
1279 2502 200 64 destitura.
1436 2502 86 64 Si
1479 2502 129 64 primo
1564 2502 129 64 modo,
1650 2502 114 64 tunc
1722 2502 100 64 non
1779 2502 143 64 refert
1879 2502 100 64 hoc
1936 2502 186 64 quaeretur
2079 2502 129 64 circa
2165 2502 157 64 homine,
2265 2502 43 64 &

520 2558 128 64 hunc,
605 2558 99 64 vel
662 2558 142 64 illum,
761 2558 114 64 quia
832 2558 142 64 optima
931 2558 199 64 dispositio
1088 2558 156 64 fuisset
1201 2558 85 64 in
1244 2558 185 64 vnoquoque
1386 2558 85 64 ad
1428 2558 114 64 vsum
1499 2558 227 64 temporalium:
1684 2558 99 64 sed
1740 2558 284 64 subdistinguendum
1982 2558 85 64 ex
2024 2558 128 64 parte
2109 2558 114 64 eius
2166 2558 128 64 quodesm

527 2616 90 68 nde
578 2616 154 68 hiaibene
694 2616 102 68 quia
758 2616 115 68 habe,
834 2616 141 68 propria
937 2616 128 68 tantum
1026 2616 128 68 victui
1116 2616 192 68 necessaria:
1269 2616 90 68 aut
1321 2616 205 68 intelligitur
1487 2616 166 68 comparari
1615 2616 77 68 ad
1653 2616 115 68 nihil
1730 2616 115 68 haine
1807 2616 205 68 simpliciter:
1973 2616 90 68 nec
2024 2616 77 68 in
2063 2616 154 68 proprio,
2165 2616 141 68 necinconi

521 2671 96 71 aut
576 2671 82 71 ad
617 2671 123 71 nihil
699 2671 137 71 haibne
795 2671 82 71 in
837 2671 164 71 proprio,
960 2671 96 71 sed
1015 2671 137 71 tantum
1111 2671 151 71 inconi.
1220 2671 82 71 Si
1261 2671 123 71 primo
1344 2671 123 71 modo,
1426 2671 96 71 sic
1481 2671 123 71 adhuc
1563 2671 137 71 melius
1659 2671 219 71 simpliciter:
1837 2671 69 71 &
1864 2671 96 71 per
1919 2671 192 71 consequens
2070 2671 164 71 cuilibet
2193 2671 137 71 homini

525 2721 115 64 hine
596 2721 144 64 etiam,
697 2721 158 64 propria
812 2721 115 64 quam
884 2721 101 64 non
941 2721 144 64 haibe:
1042 2721 101 64 tum
1099 2721 115 64 quia
1171 2721 144 64 hatrne
1272 2721 129 64 nullo
1358 2721 115 64 modo
1430 2721 187 64 potuisset
1574 2721 144 64 amorem
1674 2721 115 64 eius
1746 2721 201 64 retraxisse
1904 2721 86 64 ab
1947 2721 172 64 aeternis
2076 2721 158 64 manente
2177 2721 115 64 status

522 2750 223 96 integritate:
703 2750 97 96 qui
759 2750 139 96 vtique
856 2750 209 96 remansisset
1023 2750 111 96 nisi
1093 2750 111 96 Adam
1162 2750 125 96 prius
1246 2750 153 96 peccato
1357 2750 209 96 cecidisset,
1524 2750 167 96 elatione
1650 2750 167 96 scilicet
1775 2750 181 96 suprbiae:
1914 2750 111 96 quid
1984 2750 125 96 forte
2067 2750 153 96 necesse
2179 2750 97 96 est
2220 2750 84 96 esse

530 2829 147 71 primum
633 2829 176 71 peccatum
765 2829 161 71 naturae
882 2829 117 71 bene
955 2829 220 71 institutae:
1131 2829 103 71 tum
1190 2829 117 71 quia
1263 2829 117 71 sine
1336 2829 132 71 bonis
1424 2829 161 71 omnibus
1541 2829 234 71 temporalibus
1732 2829 103 71 non
1790 2829 190 71 potuisset
1937 2829 147 71 natura
2039 2829 147 71 humana
2142 2829 132 71 salua
2215 2829 88 71 fuis

522 2890 103 62 se,
581 2890 118 62 quia
655 2890 176 62 communia
787 2890 279 62 terraenascentia
1022 2890 132 62 fuent
1110 2890 88 62 ei
1154 2890 147 62 omnino
1257 2890 221 62 necessaria,
1434 2890 118 62 siue
1507 2890 118 62 illa
1581 2890 118 62 tunc
1654 2890 132 62 terra
1742 2890 132 62 vltro
1831 2890 235 62 produxisset,
2022 2890 118 62 siue
2095 2890 162 62 homines
2198 2890 103 62 coni-

520 2933 103 57 ter
579 2933 88 57 ad
623 2933 118 57 vsus
697 2933 162 57 commnes
815 2933 103 57 eam
874 2933 206 57 coluissent
1036 2933 191 57 quaeliter
1183 2933 118 57 nunc
1257 2933 103 57 eam
1315 2933 191 57 colerent,
1463 2933 74 57 &
1492 2933 147 57 colere
1595 2933 177 57 deberent
1728 2933 88 57 si
1772 2933 133 57 omnes
1860 2933 162 57 vellent
1978 2933 191 57 dimittere
2125 2933 177 57 propria.
2243 2933 59 57 Si

524 2986 168 79 secundo
646 2986 138 79 modo,
738 2986 107 79 sic
799 2986 153 79 melius
906 2986 168 79 fuisset
1028 2986 229 79 simpliciter
1211 2986 168 79 homini,
1333 2986 76 79 &
1364 2986 107 79 per
1425 2986 214 79 consequens
1593 2986 183 79 cuilibet
1731 2986 168 79 homini,
1853 2986 107 79 non
1914 2986 153 79 habere
2021 2986 168 79 propria
2143 2986 153 79 tantum
2235 2986 61 79 vi

521 3045 113 67 ctui
591 3045 211 67 necessaria,
761 3045 113 67 immo
831 3045 99 67 nec
887 3045 85 67 in
930 3045 183 67 quacumque
1071 3045 211 67 abundantia,
1240 3045 113 67 quam
1310 3045 85 67 in
1353 3045 155 67 commni.
1465 3045 169 67 qualiter
1592 3045 127 67 omnia
1677 3045 169 67 fuissent
1804 3045 169 67 communia
1931 3045 85 67 in
1973 3045 282 67 statuinocentiae.
2212 3045 85 67 Si
2241 3045 56 67 ve

527 3100 82 68 ro
568 3100 109 68 fiat
637 3100 218 68 consideratio
814 3100 150 68 hominis
923 3100 82 68 vt
964 3100 96 68 iam
1019 3100 96 68 est
1074 3100 164 68 respectu
1196 3100 109 68 eius
1265 3100 96 68 per
1319 3100 164 68 peccatum
1442 3100 191 68 destituta,
1592 3100 96 68 sic
1647 3100 109 68 quid
1715 3100 96 68 est
1770 3100 137 68 melius
1865 3100 164 68 pluribus
1988 3100 96 68 non
2043 3100 150 68 oportet
2152 3100 109 68 quod
2220 3100 96 68 sit
2261 3100 55 68 es

528 3149 165 57 melius
643 3149 263 57 simpliciter.
857 3149 247 57 quemadmodum
1054 3149 99 57 si
1104 3149 148 57 omnis
1203 3149 132 57 homo
1285 3149 115 57 per
1351 3149 198 57 peccatum
1499 3149 165 57 factus
1614 3149 181 57 fuisset
1746 3149 263 57 febricitans:
1960 3149 148 57 tamen
2059 3149 198 57 secundum
2191 3149 115 57 magis

521 3205 86 88 &
555 3205 172 88 minus:
675 3205 137 88 tunc
761 3205 206 88 respectu
915 3205 189 88 plurium
1053 3205 172 88 melius
1173 3205 154 88 esset
1276 3205 223 88 abstinere
1447 3205 172 88 omnino
1567 3205 86 88 a
1602 3205 154 88 vino:
1705 3205 120 88 non
1773 3205 154 88 tamen
1876 3205 223 88 oporteret
2048 3205 137 88 quod
2133 3205 120 88 hoc
2185 3205 120 88 esset
