2438 3732
103 254 179 117 melius
228 254 286 117 simpliciter:
460 254 143 117 quia
550 254 125 117 non
621 254 161 117 esset
728 254 179 117 melius
853 254 161 117 lente
960 254 304 117 febricitanti.
1211 254 143 117 Quod
1300 254 143 117 enim
1389 254 125 117 est
1461 254 268 117 simpliciter
1675 254 161 117 tale,
1764 254 161 117 oportet

108 334 142 101 quod
197 334 231 101 iudicetur
375 334 142 101 tale
463 334 213 101 respectu
623 334 142 101 eius
712 334 142 101 quod
801 334 124 101 est
872 334 107 101 in
925 334 195 101 meliori
1067 334 302 101 dispositione:
1315 334 107 101 vt
1369 334 249 101 determinat
1564 334 266 101 philosophus
1777 334 107 101 in
1812 334 107 101 pri-

106 379 118 103 mo
165 379 316 103 Politicorum:
422 379 99 103 &
462 379 237 103 secuncum
639 379 158 103 quod
738 379 138 103 dat
817 379 237 103 exemplum
995 379 118 103 in
1054 379 197 103 quarto
1192 379 336 103 Metaphysicae.
1469 379 118 103 Si
1528 379 197 103 plures
1666 379 217 103 homines
1805 379 118 103 male

117 429 242 101 dispositi
303 429 260 101 iudicarent
508 429 130 101 mel
583 429 149 101 esse
676 429 205 101 amarum:
824 429 242 101 pauciores
1010 429 149 101 vero
1103 429 149 101 bene
1196 429 242 101 dispositi
1382 429 260 101 iudicarent
1587 429 167 101 ipsum
1699 429 149 101 esse
1773 429 149 101 dulce:

118 481 249 105 iudicandum
314 481 160 105 esset
421 481 160 105 ipsum
528 481 142 105 esse
617 481 178 105 dulce:
742 481 125 105 non
813 481 160 105 autem
920 481 196 105 amarum.
1062 481 125 105 Nec
1133 481 196 105 oportet
1276 481 125 105 hic
1347 481 338 105 subdistinguere:
1632 481 107 105 an
1668 481 249 105 consideretur

122 536 225 101 comparatio
299 536 177 101 ratione
427 536 177 101 hominis
556 536 241 101 simpliciter
748 536 80 101 &
781 536 145 101 huius
877 536 112 101 vel
941 536 177 101 illius:
1070 536 129 101 quia
1150 536 145 101 eadem
1246 536 112 101 via
1311 536 80 101 &
1343 536 145 101 eadem
1439 536 257 101 distinctione
1648 536 257 101 respondendum
1841 536 80 101 est

120 590 92 103 in
166 590 168 103 vtraque
288 590 259 103 comparatione.
501 590 153 103 Semper
608 590 107 103 nim
669 590 122 103 quod
745 590 107 103 est
806 590 153 103 melius
913 590 107 103 vel
974 590 122 103 tale
1050 590 183 103 aliquid,
1188 590 183 103 respectu
1325 590 122 103 eius
1401 590 122 103 quod
1478 590 107 103 est
1539 590 137 103 bene,
1630 590 107 103 aut
1691 590 153 103 melius
1783 590 137 103 disposi

131 642 101 102 tum
188 642 101 102 sub
246 642 159 102 specie,
361 642 101 102 est
419 642 144 102 melius
520 642 173 102 respectu
650 642 159 102 speciei
766 642 231 102 simpliciter:
953 642 173 102 quamquam
1083 642 101 102 non
1141 642 130 102 esset
1227 642 144 102 melius
1328 642 173 102 pluribus
1458 642 130 102 aliis
1545 642 130 102 peius
1631 642 202 102 dispositis
1790 642 101 102 sub
1833 642 87 102 spse

124 696 175 103 Propter
251 696 127 103 quod
331 696 143 103 Plato
427 696 207 103 aspiciens
586 696 96 103 ad
634 696 271 103 dispositionem
857 696 175 103 naturae
984 696 175 103 humanae
1112 696 112 103 pro
1175 696 143 103 statu
1271 696 112 103 quo
1335 696 127 103 erat
1414 696 223 103 instituta,
1590 696 303 103 quaelitercunque
1828 696 96 103 deue

128 748 101 105 nit
185 748 87 105 ad
229 748 173 105 notitiam
359 748 130 105 eius,
445 748 188 105 describit
590 748 246 105 dispositionem
792 748 188 105 ciuitatis
937 748 116 105 esse
1009 748 173 105 meliorem
1139 748 217 105 simpliciter
1313 748 87 105 in
1356 748 101 105 qua
1414 748 130 105 omnia
1500 748 145 105 essent
1602 748 173 105 communia
1732 748 130 105 quam,
1804 748 130 105 propria

130 802 241 104 Aristoteles
323 802 129 104 vero
403 802 209 104 aspiciens
564 802 96 104 ad
612 802 273 104 dispositionem
837 802 177 104 naturae
965 802 177 104 humanae
1094 802 112 104 pro
1158 802 145 104 statu
1254 802 96 104 in
1303 802 112 104 quo
1367 802 129 104 nunc
1447 802 129 104 est:
1527 802 129 104 quem
1608 802 177 104 putauit
1736 802 129 104 esse
1800 802 129 104 statum

130 855 176 107 naturae
258 855 240 107 institutae,
450 855 224 107 econtrario
626 855 224 107 descripsit
802 855 272 107 dispositionem
1026 855 208 107 ciuitatis
1186 855 128 107 esse
1266 855 192 107 meliorem
1410 855 96 107 in
1458 855 112 107 qua
1522 855 176 107 singuli
1650 855 192 107 haberent
1778 855 144 107 propria

144 915 109 115 quam
213 915 82 115 in
254 915 96 115 qua
308 915 123 115 omnia
390 915 137 115 essent
486 915 164 115 commnia:
609 915 68 115 &
636 915 96 115 hoc
691 915 109 115 quia
759 915 123 115 vidit
841 915 109 115 quod
909 915 164 115 pluribus
1032 915 123 115 esset
1114 915 137 115 melius
1210 915 68 115 &
1237 915 219 115 expedientius
1415 915 150 115 hatbene
1524 915 150 115 propria
1633 915 109 115 quam
1702 915 96 115 non
1756 915 137 115 harbe.
1852 915 109 115 Illd

136 964 144 104 autem
232 964 128 104 quod
312 964 144 104 natum
408 964 112 104 est
472 964 208 104 conuenire
631 964 192 104 pluribus
775 964 176 104 semper,
903 964 112 104 aut
967 964 240 104 srequenter:
1159 964 224 104 iudicandum
1335 964 112 104 est
1399 964 224 104 contingere
1574 964 96 104 sm
1622 964 160 104 cursum
1734 964 176 104 naturae
1846 964 80 104 spe

135 1017 146 105 ciei,
232 1017 97 105 vt
280 1017 226 105 determinat
458 1017 97 105 in
507 1017 178 105 secundo
636 1017 162 105 physi.
749 1017 81 105 &
782 1017 113 105 in.
846 1017 113 105 vi.
911 1017 259 105 Metaphysicae
1121 1017 113 105 vbi
1186 1017 178 105 iudicat
1315 1017 146 105 inter
1412 1017 194 105 fortuita
1558 1017 81 105 &
1590 1017 194 105 casualia
1736 1017 129 105 quod
1817 1017 146 105 natum

139 1071 107 102 est
200 1071 107 102 sic
261 1071 138 102 fieri
353 1071 92 102 in
399 1071 245 102 paucioribus.
598 1071 92 102 Et
644 1071 107 102 hoc
705 1071 138 102 verum
797 1071 107 102 est
858 1071 92 102 in
904 1071 138 102 illis
996 1071 107 102 qui
1057 1071 107 102 non
1119 1071 122 102 sunt
1195 1071 77 102 a
1226 1071 184 102 naturali
1364 1071 245 102 dispositione
1563 1071 214 102 destituti,
1731 1071 153 102 quales
1823 1071 107 102 erant

134 1124 147 105 futuri
237 1124 162 105 homines
355 1124 88 105 in
400 1124 133 105 statu
488 1124 236 105 innocentiae:
680 1124 103 105 non
739 1124 133 105 autem
827 1124 103 105 est
886 1124 133 105 verum
975 1124 88 105 in
1019 1124 133 105 illis
1107 1124 103 105 qui
1166 1124 118 105 sunt
1240 1124 74 105 a
1270 1124 236 105 dispositione
1461 1124 177 105 naturali
1594 1124 206 105 destituti:
1756 1124 147 105 quales
1845 1124 88 105 sunt

140 1180 135 100 omnes
230 1180 165 100 homines
350 1180 165 100 Christo
470 1180 165 100 excepto
590 1180 120 100 post
666 1180 195 100 peccatum.
816 1180 165 100 Proptur
936 1180 120 100 quod
1011 1180 225 100 simpliciter
1191 1180 150 100 melius
1296 1180 195 100 indicauit
1446 1180 135 100 Plato
1537 1180 255 100 dispositionem
1747 1180 180 100 ciuitati
1867 1180 60 100 me

146 1232 151 112 lioris
252 1232 121 112 quam
328 1232 242 112 Aristoteles,
524 1232 91 112 sm
570 1232 121 112 quid
646 1232 136 112 autem
737 1232 151 112 melius
843 1232 197 112 indicauit
994 1232 197 112 Aristinu.
1145 1232 91 112 sm
1191 1232 121 112 quod
1267 1232 136 112 alias
1357 1232 106 112 hoc
1418 1232 212 112 exposuimus
1585 1232 91 112 in
1630 1232 167 112 quaedam
1751 1232 212 112 quaestione

146 1286 122 105 alia
222 1286 91 105 in
267 1286 122 105 alio
343 1286 198 105 Quolibet.
495 1286 91 105 AD
541 1286 228 105 quaestionem
723 1286 152 105 igitur
830 1286 91 105 in
875 1286 137 105 dicta
967 1286 243 105 generalitate
1164 1286 228 105 propositam,
1346 1286 243 105 respondendum
1544 1286 122 105 est:
1620 1286 213 105 aspiciendo
1787 1286 91 105 ad
1818 1286 106 105 artem

145 1339 250 116 praedictam
341 1339 178 116 Tullii
466 1339 107 116 ad
520 1339 196 116 naturam
662 1339 89 116 &
698 1339 267 116 conditiones
912 1339 143 116 eius
1001 1339 232 116 inquantum
1179 1339 125 116 sua
1251 1339 232 116 corruptio
1429 1339 125 116 est
1500 1339 214 116 quodammo
1661 1339 125 116 sua
1732 1339 196 116 natura.
1857 1339 71 116 di

144 1393 138 105 cente
236 1393 214 105 Augustinus
404 1393 138 105 super
496 1393 138 105 psal.
588 1393 168 105 xxxvii.
710 1393 153 105 Natura
817 1393 138 105 nobis
909 1393 138 105 facta
1001 1393 107 105 est
1062 1393 153 105 poena:
1169 1393 138 105 primo
1261 1393 153 105 homini
1369 1393 122 105 quod
1445 1393 122 105 erat
1522 1393 138 105 poena
1613 1393 138 105 nobis
1705 1393 153 105 natura
1813 1393 122 105 est.
1874 1393 61 105 Di

137 1452 103 100 sti
196 1452 162 100 nguendo
314 1452 118 100 ergo
387 1452 88 100 ex
431 1452 132 100 parte
519 1452 162 100 hominis
637 1452 132 100 huius
725 1452 103 100 vel
784 1452 162 100 illius:
901 1452 118 100 Dico
975 1452 118 100 quod
1048 1452 132 100 talis
1137 1452 103 100 aut
1195 1452 103 100 sic
1254 1452 103 100 est
1313 1452 206 100 dispositus
1474 1452 103 100 vel
1533 1452 88 100 ex
1577 1452 162 100 natura,
1695 1452 103 100 vel
1754 1452 88 100 ex
1798 1452 162 100 acquisi

135 1495 143 110 tione
231 1495 80 110 &
263 1495 239 110 assumptione
454 1495 112 110 cum
518 1495 207 110 gera(quam
677 1495 175 110 Tullius
804 1495 159 110 nomine
916 1495 175 110 naturae
1044 1495 239 110 comphendit:
1235 1495 223 110 Consuetudo
1410 1495 128 110 enim
1490 1495 112 110 est
1554 1495 159 110 altera
1665 1495 175 110 natura)
1793 1495 128 110 quod
1856 1495 80 110 pos

142 1553 117 105 sit
209 1553 151 105 inedi
310 1553 100 105 am
360 1553 100 105 ex
410 1553 184 105 defectu
544 1553 84 105 &
578 1553 201 105 carentia
728 1553 234 105 propriorum
913 1553 167 105 omnino
1030 1553 218 105 patienter
1197 1553 218 105 sustinere
1365 1553 167 105 absque
1482 1553 234 105 tristitia,
1666 1553 184 105 dolore,
1783 1553 151 105 murmura

148 1609 150 100 tione,
253 1609 75 100 &
283 1609 180 100 caeteris
418 1609 165 100 talibus
538 1609 120 100 quae
612 1609 120 100 sunt
687 1609 150 100 filiae
792 1609 255 100 impatientiae:
1002 1609 105 100 aut
1062 1609 105 100 cum
1122 1609 150 100 minore
1227 1609 240 100 impatientia:
1422 1609 120 100 quae
1496 1609 135 100 esset
1586 1609 150 100 amoris
1691 1609 180 100 affectio
1811 1609 120 100 ligans

153 1661 138 104 ipsum
245 1661 92 104 in
291 1661 200 104 haosbendo
445 1661 185 104 propria,
583 1661 92 104 vt
629 1661 138 104 minus
722 1661 92 104 ab
768 1661 138 104 amore
860 1661 215 104 aeternorum
1029 1661 215 104 retraheret
1199 1661 138 104 ipsum
1291 1661 123 104 ista
1368 1661 231 104 impatientia
1552 1661 123 104 quam
1629 1661 123 104 ille
1706 1661 138 104 amor,
1799 1661 108 104 vel
1860 1661 108 104 non

148 1716 102 105 sed
207 1716 102 105 est
265 1716 131 105 talis
352 1716 116 105 quod
425 1716 87 105 in
468 1716 102 105 non
527 1716 160 105 habendo
643 1716 160 105 propria
759 1716 145 105 omnino
861 1716 218 105 frangeretur
1035 1716 233 105 impatientia,
1224 1716 102 105 aut
1283 1716 131 105 maior
1370 1716 131 105 esset
1457 1716 218 105 impatientia
1632 1716 87 105 in
1675 1716 204 105 retrahendo
1835 1716 87 105 ab
1864 1716 73 105 amo

151 1776 94 96 re
198 1776 219 96 aeternorum
370 1776 125 96 quam
448 1776 125 96 amor
526 1776 94 96 in
573 1776 172 96 propria
698 1776 234 96 possidendo.
885 1776 234 96 Sequentibus
1073 1776 125 96 enim
1151 1776 172 96 dominum
1276 1776 187 96 relictis
1417 1776 109 96 eis
1479 1776 125 96 quae
1557 1776 125 96 sunt
1635 1776 141 96 mundi
1729 1776 94 96 in
1776 1776 109 96 via
1823 1776 109 96 inter

154 1828 170 108 posita
273 1828 136 108 sunt
358 1828 221 108 tormenta,
528 1828 102 108 vt
579 1828 102 108 sm
630 1828 136 108 quod
715 1828 153 108 dicit
817 1828 136 108 Hugo
902 1828 102 108 de
953 1828 153 108 laude
1055 1828 255 108 charitatis,
1259 1828 340 108 interrogarentur,
1548 1828 119 108 vel
1616 1828 119 108 quo
1684 1828 221 108 desiderio
1837 1828 102 108 hunc

167 1883 221 106 quaererent:
344 1883 103 106 vel
403 1883 118 106 quae
477 1883 207 106 constantia
639 1883 118 106 illa
713 1883 251 106 despexissent.
920 1883 89 106 Si
964 1883 133 106 primo
1053 1883 133 106 modo:
1141 1883 118 106 dico
1215 1883 118 106 quod
1289 1883 148 106 melius
1392 1883 133 106 esset
1481 1883 118 106 illi
1554 1883 148 106 victui
1658 1883 207 106 necessaria
1805 1883 133 106 retine-

169 1927 88 107 re
213 1927 73 107 &
243 1927 220 107 perfectius:
418 1927 117 107 quia
492 1927 176 107 facilius
624 1927 103 107 est
682 1927 88 107 ei
726 1927 161 107 aliquem
843 1927 147 107 gradum
946 1927 220 107 sanctitatis
1122 1927 103 107 aut
1180 1927 234 107 perfectionis
1371 1927 190 107 attingere
1517 1927 88 107 in
1561 1927 161 107 habendo
1678 1927 117 107 quam
1752 1927 103 107 non
1810 1927 161 107 habendo

164 1984 174 106 quamquam
295 1984 87 106 in
339 1984 189 106 retinendo
484 1984 160 106 necesse
600 1984 131 106 esset
688 1984 102 106 eum
746 1984 116 106 esse
818 1984 131 106 extra
905 1984 145 106 statum
1007 1984 247 106 perfectionis,
1211 1984 116 106 quia
1283 1984 102 106 non
1341 1984 116 106 stat
1414 1984 102 106 cum
1472 1984 218 106 possessione
1646 1984 218 106 propriorum.
1806 1984 131 106 dicente

165 2037 202 104 Bernardo
317 2037 101 104 in
367 2037 151 104 libro
468 2037 101 104 de
518 2037 151 104 amore
619 2037 135 104 dei.
703 2037 118 104 Qui
771 2037 101 104 in
821 2037 252 104 proficiendo
1023 2037 168 104 lassus
1141 2037 118 104 est
1208 2037 101 104 si
1258 2037 219 104 fideliter
1427 2037 202 104 residens
1578 2037 118 104 hic
1645 2037 202 104 sarcinas
1780 2037 168 104 custodie

157 2102 134 110 rit,
241 2102 100 110 in
291 2102 201 110 triumpho
442 2102 217 110 victoriae
609 2102 151 110 parum
709 2102 134 110 erit
793 2102 234 110 dissimilis
977 2102 117 110 qui
1044 2102 151 110 vltra
1144 2102 268 110 processerit.
1362 2102 151 110 Adhuc
1462 2102 184 110 grandis
1596 2102 167 110 restat
1713 2102 134 110 via:
1780 2102 167 110 vlterius

160 2143 143 120 tamen
256 2143 111 120 fas
319 2143 111 120 non
383 2143 111 120 est
447 2143 207 120 procedere
606 2143 111 120 cum
670 2143 207 120 sarcinis.
829 2143 127 120 Quia
909 2143 143 120 autem
1004 2143 111 120 hoc
1068 2143 111 120 sit
1132 2143 127 120 tali
1211 2143 175 120 melius,
1339 2143 143 120 dicit
1434 2143 159 120 Grego.
1546 2143 175 120 secundo
1673 2143 191 120 pastora.
1817 2143 111 120 Qui
1864 2143 80 120 iam

168 2197 120 108 quae
243 2197 196 108 possident
394 2197 271 108 misericorditer
619 2197 196 108 tribuunt,
770 2197 166 108 necesse
890 2197 105 108 est
951 2197 90 108 vt
996 2197 196 108 sollicite
1146 2197 211 108 perpendant
1312 2197 90 108 ne
1357 2197 181 108 commissa
1492 2197 166 108 indigne
1613 2197 241 108 distribuant,
1809 2197 90 108 ne
1854 2197 120 108 quae

172 2251 130 114 dam
247 2251 186 114 quibus
377 2251 186 114 nulla,
508 2251 112 114 ne
564 2251 168 114 nulla
676 2251 186 114 quibus
806 2251 224 114 quaedam,
974 2251 112 114 ne
1030 2251 168 114 multa
1142 2251 186 114 quibus
1272 2251 186 114 pauca:
1402 2251 130 114 &c.
1477 2251 130 114 Vbi
1552 2251 242 114 aliquibus
1719 2251 224 114 interposi-

171 2307 135 100 tis
248 2307 116 100 in
306 2307 251 100 exponendo
499 2307 174 100 istud
615 2307 213 100 tertium
770 2307 213 100 membrum
925 2307 174 100 dicit
1041 2307 155 100 sic.
1138 2307 116 100 Ne
1196 2307 135 100 cum
1273 2307 174 100 pauca
1389 2307 213 100 oportet
1544 2307 213 100 plurima
1699 2307 271 100 praebeant,
1892 2307 58 100 &

171 2361 145 100 ipsi
262 2361 236 100 postmodum
443 2361 200 100 inopiam
589 2361 254 100 tolerantes
789 2361 109 100 ad
843 2361 291 100 impatientiam
1080 2361 236 100 erumpant,
1261 2361 200 100 audiant
1407 2361 145 100 quod
1498 2361 127 100 est
1570 2361 218 100 scriptum
1734 2361 145 100 est.
1825 2361 127 100 Non
1879 2361 73 100 vt

172 2412 153 111 aliis
274 2412 119 111 sit
342 2412 222 111 remissio,
513 2412 153 111 vobis
615 2412 153 111 autem
717 2412 256 111 tribulatio,
922 2412 119 111 sed
990 2412 102 111 ex
1041 2412 222 111 aequitate
1211 2412 119 111 vna
1279 2412 239 111 abundantia
1467 2412 187 111 inopiam
1603 2412 187 111 illorum
1740 2412 222 111 suppleat,
1893 2412 51 111 &

180 2466 98 102 vt
229 2466 181 102 illorum
360 2466 230 102 abundantia
541 2466 181 102 vestrae
672 2466 181 102 inopiae
803 2466 115 102 sit
869 2466 279 102 supplemenrum.
1099 2466 115 102 Cum
1164 2466 131 102 enim
1246 2466 164 102 dantis
1361 2466 131 102 mens
1443 2466 148 102 ferre
1542 2466 164 102 nescit
1657 2466 197 102 inopiam:
1804 2466 98 102 si
1837 2466 115 102 multa

173 2519 128 107 sibi
253 2519 225 107 subtrahit,
430 2519 225 107 occasionem
606 2519 160 107 contra
718 2519 96 107 se
766 2519 257 107 impatientiae
975 2519 208 107 exquirit.
1135 2519 144 107 Prius
1231 2519 160 107 nanque
1344 2519 257 107 praeparandus
1552 2519 112 107 est
1616 2519 225 107 patientiae
1793 2519 176 107 animus:
1905 2519 48 107 &

180 2575 135 97 tunc
264 2575 118 97 aut
332 2575 152 97 multa
433 2575 152 97 sunt,
534 2575 118 97 aut
602 2575 169 97 cuncta
720 2575 236 97 largienda:
905 2575 101 97 ne
956 2575 118 97 dum
1023 2575 152 97 minus
1124 2575 270 97 aequanimiter
1343 2575 169 97 inopia
1461 2575 185 97 irruens
1596 2575 185 97 fertur:
1731 2575 84 97 &
1748 2575 202 97 praemissae

182 2629 268 99 largitatis
393 2629 192 99 merces
527 2629 211 99 pereat:
680 2629 96 99 &
718 2629 172 99 adhuc
833 2629 192 99 mentem
967 2629 230 99 deterius
1140 2629 268 99 murmuratio
1350 2629 268 99 subsequens
1561 2629 211 99 perdat.
1714 2629 153 99 Idem
1810 2629 115 99 in
1848 2629 96 99 eo-

179 2676 154 105 dem.
275 2676 135 105 Non
352 2676 173 105 solum
468 2676 116 105 vt
526 2676 212 105 diximus
680 2676 116 105 ad
738 2676 308 105 impatientiae
988 2676 328 105 murmurationem
1258 2676 251 105 proruunt:
1451 2676 135 105 sed
1528 2676 212 105 cogente
1682 2676 193 105 inopia
1817 2676 173 105 vsque

178 2731 111 106 ad
234 2731 241 106 auaritiam
419 2731 315 106 prouoluuntur.
678 2731 204 106 Occasio
826 2731 148 106 ergo
919 2731 222 106 rapiendi
1085 2731 278 106 subtrahitur
1307 2731 111 106 si
1363 2731 148 106 bene
1455 2731 167 106 prius
1566 2731 130 106 ius
1640 2731 259 106 possidendi
1825 2731 130 106 dispo

184 2787 184 103 natur.
312 2787 110 103 Si
368 2787 203 103 secundo
515 2787 166 103 modo:
625 2787 129 103 sic
699 2787 184 103 melius
828 2787 129 103 est
902 2787 92 103 &
938 2787 258 103 perfectius
1141 2787 203 103 propria
1288 2787 258 103 dimittere.
1491 2787 147 103 Vnde
1583 2787 166 103 super
1693 2787 184 103 illud.
1822 2787 129 103 Non
1877 2787 74 103 vt

185 2835 154 106 aliis
287 2835 119 106 sit
356 2835 222 106 remissio.
526 2835 205 106 secundae
680 2835 222 106 Corinthi.
850 2835 188 106 octauo.
987 2835 154 106 dicit
1089 2835 188 106 Glossa.
1225 2835 119 106 Non
1294 2835 119 106 hoc
1362 2835 136 106 ideo
1447 2835 154 106 dixit
1550 2835 136 106 quin
1635 2835 171 106 melius
1754 2835 171 106 esset,
1874 2835 119 106 sed

188 2893 215 104 infirmis
350 2893 179 104 timet:
475 2893 144 104 quos
565 2893 126 104 sic
637 2893 144 104 dare
726 2893 161 104 monet
834 2893 108 104 vt
888 2893 233 104 egestatem
1067 2893 126 104 non
1139 2893 251 104 patiantur.
1336 2893 144 104 Vnde
1426 2893 197 104 talibus
1569 2893 161 104 nullo
1677 2893 144 104 modo
1767 2893 126 104 est
1820 2893 144 104 consu-

175 2943 150 108 lendum
280 2943 165 108 propria
401 2943 211 108 dimittere.
566 2943 181 108 Atalibus
701 2943 135 108 etiam
792 2943 105 108 non
852 2943 105 108 est
912 2943 150 108 tantum
1017 2943 226 108 accipiendum
1198 2943 90 108 vt
1243 2943 196 108 egestatem
1393 2943 211 108 patiantur,
1559 2943 120 108 etsi
1634 2943 211 108 voluntarii
1800 2943 150 108 essent
1905 2943 90 108 ad

192 2999 168 109 dandum,
314 2999 77 109 &
345 2999 153 109 multum
452 2999 230 109 obsecrarent
636 2999 92 109 vt
681 2999 245 109 acciperetur,
880 2999 122 109 quia
957 2999 153 109 multum
1064 2999 199 109 peccarent
1217 2999 107 109 hoc
1278 2999 214 109 facientes.
1447 2999 122 109 Vnde
1523 2999 107 109 nec
1584 2999 153 109 Apost.
1692 2999 153 109 voluit
1799 2999 107 109 hoc
1845 2999 122 109 facere

181 3059 187 98 secundum
322 3059 125 98 quod
400 3059 140 98 dicit
494 3059 156 98 ibidem
603 3059 219 98 collaudans
775 3059 94 98 in
821 3059 109 98 hoc
884 3059 203 98 ecclesias
1040 3059 234 98 Macedoniae.
1227 3059 234 98 Testimonium
1415 3059 140 98 illis
1508 3059 140 98 reddo
1602 3059 125 98 quod
1680 3059 140 98 supra
1774 3059 187 98 virtutem
1899 3059 62 98 vo
