2430 3751
153 269 184 89 saria:
281 269 275 89 quemadmodum
501 269 220 89 conmunia
667 269 165 89 primo
777 269 147 89 modo
869 269 147 89 sunt
960 269 257 89 necessaria
1162 269 147 89 toti
1254 269 312 89 congregationi
1511 269 184 89 humani
1640 269 220 89 generis.
1805 269 110 89 Et
1860 269 147 89 ideo

152 340 139 57 dico
239 340 139 57 quod
326 340 157 57 nullo
430 340 139 57 modo
517 340 226 57 possessio
692 340 157 57 eorum
796 340 122 57 pro
866 340 139 57 toto
953 340 192 57 tempore
1092 340 244 57 durationis
1284 340 157 57 eorum
1388 340 209 57 diminuit
1545 340 105 57 de
1597 340 192 57 ratione
1719 340 244 57 persectionis

136 393 151 60 immo
230 393 132 60 non
306 393 245 60 possidere
494 393 132 60 ea:
569 393 188 60 multum
701 393 245 60 derogaret
889 393 301 60 perfectioni:
1133 393 94 60 &
1171 393 169 60 esset
1284 393 282 60 impeditiuum
1510 393 320 60 acquisitionis
1773 393 169 60 eius.
1867 393 94 60 SED

145 448 306 56 distinguendum
397 448 126 56 est
469 448 108 56 de
523 448 144 56 modo
613 448 252 56 possidendi
810 448 126 56 ea:
882 448 144 56 quia
972 448 126 56 aut
1044 448 270 56 congregatio
1260 448 126 56 sic
1332 448 216 56 communia
1494 448 216 56 possidet
1655 448 126 56 quo
1727 448 108 56 ad
1781 448 216 56 dominium

146 501 86 63 &
180 501 293 63 proprietatem:
422 501 121 63 aut
491 501 121 63 quo
560 501 104 63 ad
612 501 138 63 vsum
698 501 155 63 facti
801 501 190 63 tantum.
939 501 104 63 Et
991 501 173 63 dicunt
1112 501 173 63 aliqui
1233 501 138 63 quod
1319 501 224 63 possessio
1491 501 224 63 communium
1664 501 155 63 primo
1767 501 138 63 modo
1836 501 121 63 dimi-

153 555 135 69 nuit
237 555 101 69 de
288 555 151 69 apice
389 555 286 69 persectioni:,
624 555 135 69 quae
708 555 118 69 est
776 555 101 69 de
826 555 252 69 possessione
1028 555 219 69 communium
1196 555 185 69 secundo
1331 555 151 69 modo:
1432 555 135 69 quia
1516 555 135 69 illo
1600 555 135 69 modo
1684 555 235 69 possidendo
1869 555 118 69 non

145 610 310 65 abrenunciatur
400 610 146 65 omni
491 610 109 65 ei
546 610 128 65 quo
619 610 128 65 non
692 610 146 65 eget
783 610 201 65 tanquam
929 610 383 65 praeternecessario
1257 610 182 65 humana
1385 610 274 65 fragilitas.
1604 610 164 65 solum
1713 610 146 65 enim
1804 610 109 65 vt
1841 610 109 65 prae

147 670 179 60 dictum
272 670 143 60 est,
362 670 89 60 &
397 670 215 60 secundum
558 670 215 60 Nicolaum
719 670 179 60 Papam,
844 670 215 60 simplici
1005 670 125 60 vsu
1077 670 161 60 facti
1184 670 143 60 eget
1274 670 197 60 tanquam
1417 670 268 60 necessario.
1631 670 125 60 Sed
1703 670 125 60 cum
1756 670 197 60 possessio

148 715 191 67 simplex
287 715 139 67 vsus
374 715 157 67 facti
478 715 174 67 haberi
600 715 122 67 non
670 715 174 67 potest
791 715 139 67 nisi
878 715 139 67 alio
965 715 226 67 retinente
1139 715 226 67 dominium,
1313 715 87 67 &
1348 715 139 67 ipso
1435 715 244 67 concedente
1626 715 157 67 aliis
1731 715 139 67 vsum
1818 715 122 67 vel
1887 715 104 67 ad

149 769 263 62 voluntatem
356 769 150 62 suam
450 769 131 62 vel
525 769 300 62 simpliciter:
769 769 94 62 &
806 769 113 62 in
862 769 150 62 omne
956 769 188 62 tempus
1088 769 225 62 futurum:
1257 769 113 62 si
1313 769 150 62 ergo
1407 769 188 62 nullus
1538 769 188 62 vellet
1669 769 150 62 vsum
1763 769 169 62 talem
1857 769 94 62 con

155 821 204 65 cedere,
304 821 93 65 &
341 821 167 65 merum
452 821 223 65 dominium
619 821 148 65 sibi
712 821 260 65 reseruare,
916 821 93 65 &
953 821 278 65 congregatio
1176 821 204 65 plurium
1324 821 204 65 fratrum
1473 821 111 65 in
1528 821 167 65 magna
1640 821 278 65 multitudine
1844 821 111 65 fine

149 885 132 60 tali
232 885 248 60 possessione
430 885 215 60 communium
595 885 116 60 non
661 885 165 60 posset
777 885 149 60 simul
876 885 248 60 persistere:
1074 885 116 60 non
1140 885 165 60 posset
1256 885 132 60 ergo
1338 885 165 60 apicem
1454 885 264 60 perfectionis
1668 885 231 60 attingere:
1850 885 83 60 &
1866 885 83 60 sic

151 929 149 67 nullo
251 929 132 67 modo
333 929 149 67 talis
432 929 215 67 persectio
598 929 165 67 posset
713 929 182 67 attingi
846 929 132 67 nisi
928 929 83 67 a
961 929 165 67 paucis
1077 929 116 67 qui
1143 929 132 67 vagi
1226 929 132 67 esse
1308 929 198 67 vellent:
1457 929 116 67 qui
1523 929 149 67 tamen
1622 929 116 67 non
1689 929 182 67 possent
1821 929 132 67 esse
1887 929 66 67 si

149 985 101 64 ne
200 985 253 64 possessione
402 985 185 64 vestium
537 985 303 64 necessariarum.
789 985 152 64 Quare
891 985 101 64 si
941 985 185 64 attingi
1076 985 168 64 potest
1194 985 101 64 in
1244 985 286 64 congregatione
1480 985 168 64 magnae
1598 985 270 64 multitudinis
1800 985 152 64 fratrum

151 1038 151 61 simul
252 1038 285 61 conmorantium:
486 1038 151 61 etiam
587 1038 151 61 nullo
687 1038 184 61 volente
821 1038 218 61 obseruare
989 1038 201 61 dominium
1139 1038 151 61 rerum
1240 1038 268 61 quaruncumque
1458 1038 84 61 &
1491 1038 335 61 quantaruncumque:
1776 1038 167 61 quarum
1876 1038 84 61 vsu

148 1092 228 62 indigent:
324 1092 105 62 ne
377 1092 193 62 dicamus
517 1092 281 62 perfectionem
745 1092 105 62 ab
798 1092 140 62 alio
886 1092 140 62 quam
973 1092 88 62 a
1008 1092 123 62 deo
1079 1092 88 62 &
1114 1092 158 62 nobis
1219 1092 228 62 dependere
1394 1092 140 62 siue
1482 1092 123 62 pro
1552 1092 228 62 praesenti
1728 1092 140 62 siue
1816 1092 123 62 pro
1868 1092 88 62 fu-

153 1146 156 67 turo:
257 1146 191 67 accidit
395 1146 139 67 ergo
482 1146 156 67 apici
586 1146 277 67 persectionis
812 1146 277 67 abrenunciare
1037 1146 191 67 dominio
1176 1146 173 67 talium
1297 1146 156 67 rerum
1401 1146 243 67 conmunium:
1592 1146 87 67 &
1627 1146 121 67 sic
1696 1146 121 67 per
1765 1146 104 67 se
1817 1146 87 67 &
1835 1146 121 67 essen

147 1198 211 68 tialiter
305 1198 123 68 non
376 1198 211 68 diminuit
534 1198 105 68 de
586 1198 158 68 apice
691 1198 281 68 perfectionis
920 1198 228 68 possessio
1095 1198 228 68 communium
1271 1198 281 68 praedictorum
1499 1198 123 68 quo
1569 1198 105 68 ad
1622 1198 211 68 dominium
1780 1198 88 68 &
1797 1198 158 68 proprie

149 1254 167 69 tatem:
266 1254 250 69 quemadmodum
466 1254 150 69 etiam
566 1254 117 69 non
633 1254 200 69 diminuit
783 1254 100 69 de
833 1254 250 69 perfectione
1033 1254 250 69 praelatorum
1232 1254 133 69 quod
1316 1254 200 69 canonice
1466 1254 200 69 commissa
1616 1254 117 69 est
1682 1254 117 69 eis
1749 1254 183 69 bonorum
1866 1254 83 69 com

149 1311 168 65 munium
267 1311 235 65 procuratio
452 1311 118 65 pro
519 1311 101 65 se
570 1311 84 65 &
603 1311 118 65 pro
671 1311 168 65 aliis:
788 1311 135 65 quam
872 1311 135 65 papa
957 1311 101 65 si
1007 1311 168 65 vellet
1125 1311 168 65 posset
1243 1311 118 65 eis
1310 1311 235 65 committere
1495 1311 101 65 ad
1545 1311 135 65 suam
1629 1311 235 65 voluntatem
1814 1311 101 65 ad
1848 1311 101 65 vsum

153 1364 145 69 facti,
254 1364 188 69 retinendo
399 1364 116 69 sibi
471 1364 145 69 omnino
572 1364 174 69 dominium
703 1364 72 69 &
732 1364 246 69 possessionem.
934 1364 116 69 Quia
1007 1364 130 69 tamen
1094 1364 145 69 quando
1195 1364 130 69 alius
1282 1364 116 69 sibi
1354 1364 145 69 seruat
1456 1364 188 69 dominium:
1600 1364 72 69 &
1629 1364 246 69 congregationi
1818 1364 130 69 concedi

143 1415 127 66 tur
215 1415 199 66 simplex
360 1415 145 66 vsus
451 1415 163 66 facti
560 1415 145 66 quae
650 1415 272 66 renunciauit
868 1415 145 66 omni
958 1415 217 66 dominio:
1121 1415 145 66 plus
1212 1415 236 66 elongatur
1393 1415 145 66 illa
1484 1415 272 66 congregatio
1701 1415 91 66 a
1719 1415 236 66 temporalium

150 1466 149 60 amore
250 1466 83 60 &
283 1466 215 60 occasione
448 1466 165 60 amandi
564 1466 149 60 ipsa:
663 1466 132 60 ideo
745 1466 116 60 quo
812 1466 99 60 ad
861 1466 116 60 hoc
927 1466 149 60 licet
1026 1466 298 60 accidentaliter
1274 1466 231 60 perfectius
1456 1466 116 60 est
1522 1466 198 60 secundum
1671 1466 132 60 hunc
1754 1466 149 60 modum
1836 1466 116 60 abre-

139 1518 201 60 nunciare
290 1518 234 60 communibus
474 1518 117 60 quo
541 1518 100 60 ad
591 1518 134 60 omne
675 1518 201 60 dominium
826 1518 84 60 &
859 1518 134 60 esse
943 1518 218 60 contentum
1111 1518 201 60 simplici
1261 1518 117 60 vsu
1328 1518 167 60 facti:
1446 1518 117 60 ita
1513 1518 134 60 quod
1596 1518 117 60 quo
1663 1518 100 60 ad
1714 1518 117 60 hoc
1781 1518 151 60 esset
1881 1518 100 60 ad

146 1576 119 55 huc
214 1576 186 55 amplior
349 1576 237 55 perfectio:
536 1576 169 55 quanto
654 1576 254 55 paucioribus
857 1576 152 55 esset
959 1576 237 55 communitas
1145 1576 135 55 illa
1230 1576 119 55 quo
1298 1576 102 55 ad
1348 1576 135 55 vsum
1433 1576 152 55 facti
1535 1576 220 55 contenta.
1704 1576 102 55 Si
1755 1576 135 55 vero
1823 1576 135 55 conmu-

139 1630 124 69 nia
210 1630 230 69 praedicto
387 1630 141 69 modo
475 1630 124 69 non
545 1630 141 69 sunt
634 1630 141 69 vsui
722 1630 177 69 diurno
846 1630 265 69 necessaria:
1058 1630 124 69 sed
1128 1630 247 69 superslua:
1322 1630 88 69 &
1358 1630 124 69 non
1428 1630 141 69 nisi
1517 1630 106 69 ad
1570 1630 141 69 vsum
1658 1630 212 69 crastini
1799 1630 159 69 opportu

147 1683 116 56 na:
214 1683 116 56 aut
280 1683 133 56 ergo
363 1683 183 56 obtento
496 1683 100 56 eo
546 1683 116 56 vel
612 1683 116 56 per
678 1683 149 56 artem
778 1683 116 56 vel
844 1683 116 56 per
911 1683 299 56 mendicationem,
1160 1683 133 56 quod
1243 1683 133 56 vsui
1325 1683 166 56 diurno
1442 1683 116 56 est
1508 1683 265 56 necessarium,
1724 1683 199 56 continuo
1856 1683 100 56 alia

138 1737 256 58 sollicitudo
343 1737 222 58 adhibetur
514 1737 103 58 ad
565 1737 239 58 obtinendum
753 1737 154 58 illud
856 1737 137 58 quod
941 1737 120 58 est
1009 1737 205 58 supsluum
1163 1737 85 58 &
1197 1737 120 58 non
1266 1737 239 58 opportunum
1454 1737 137 58 nisi
1539 1737 103 58 in
1590 1737 239 58 crastinum:
1778 1737 120 58 aut
1829 1737 120 58 eadem

153 1787 277 70 sollicitudine
381 1787 114 70 qua
446 1787 212 70 obtinetur
608 1787 260 70 necessarium,
820 1787 212 70 obtinetur
983 1787 81 70 &
1015 1787 244 70 superfluum.
1210 1787 98 70 Si
1259 1787 146 70 primo
1357 1787 146 70 modo:
1455 1787 130 70 dico
1536 1787 130 70 quod
1617 1787 146 70 illud
1715 1787 179 70 cederet
1845 1787 98 70 in
1878 1787 81 70 per

148 1845 225 58 fectionis
321 1845 294 58 diminutionem:
563 1845 138 58 quia
650 1845 121 58 per
719 1845 104 58 se
771 1845 190 58 adhibet
909 1845 156 58 curam
1013 1845 104 58 de
1065 1845 208 58 crastino
1221 1845 87 58 &
1256 1845 138 58 plus
1342 1845 173 58 debita
1463 1845 138 58 cura
1550 1845 173 58 onerat
1671 1845 138 58 diem
1740 1845 208 58 instantem.

151 1901 97 56 Si
199 1901 179 56 secundo
329 1901 146 56 modo:
427 1901 130 56 dico
508 1901 130 56 quod
589 1901 130 56 illa
670 1901 162 56 oblata
784 1901 130 56 sunt
865 1901 114 56 aut
930 1901 179 56 mobilia
1060 1901 114 56 aut
1125 1901 227 56 immobilia.
1304 1901 97 56 Si
1352 1901 227 56 immobilia:
1531 1901 130 56 dico
1612 1901 130 56 quod
1693 1901 211 56 diminuunt
1856 1901 97 56 de
1888 1901 65 56 ra

144 1953 147 74 tione
242 1953 262 74 perfectionis
454 1953 180 74 propter
585 1953 164 74 nimiam
700 1953 294 74 sollicitudinem
945 1953 98 74 in
994 1953 229 74 affectione
1174 1953 147 74 circa
1272 1953 147 74 talia
1370 1953 98 74 ad
1419 1953 131 74 quam
1501 1953 131 74 nata
1583 1953 131 74 sunt
1665 1953 196 74 allicere
1812 1953 180 74 quantum

149 2010 111 63 est
212 2010 95 63 ex
260 2010 95 63 se
307 2010 205 63 inquantum
465 2010 126 63 sunt
544 2010 174 63 habita.
670 2010 95 63 Si
718 2010 126 63 vero
797 2010 126 63 sunt
876 2010 174 63 mobilia
1002 2010 174 63 tantum:
1129 2010 126 63 dico
1208 2010 126 63 quod
1287 2010 95 63 in
1334 2010 142 63 nullo
1429 2010 221 63 diminueret
1602 2010 95 63 de
1650 2010 174 63 ratione
1760 2010 190 63 perfectio-

150 2064 125 49 nis
222 2064 143 49 ipsa
311 2064 233 49 reseruare
490 2064 107 49 in
544 2064 250 49 crastinum:
740 2064 125 49 sed
812 2064 179 49 potius
937 2064 250 49 diminueret
1134 2064 143 49 ipsa
1224 2064 125 49 non
1295 2064 233 49 reseruare
1474 2064 125 49 sed
1546 2064 250 49 proiicere.
1742 2064 179 49 Minori
1850 2064 107 49 enim

150 2114 265 61 sollicitudine
369 2114 109 61 iam
431 2114 203 61 acquisita
587 2114 249 61 custodiuntur
789 2114 140 61 vsque
883 2114 93 61 in
930 2114 203 61 crastinum
1085 2114 125 61 quam
1163 2114 125 61 tunc
1241 2114 93 61 de
1288 2114 125 61 nouo
1366 2114 280 61 acquirerentur.
1600 2114 171 61 Propter
1724 2114 125 61 quod
1802 2114 156 61 contra
1896 2114 62 61 Ma

152 2172 155 61 nicheos
265 2172 99 61 qui
321 2172 170 61 dicebant
449 2172 113 61 quod
519 2172 99 61 non
576 2172 155 61 liceret
689 2172 155 61 aliquid
802 2172 184 61 custodire
943 2172 85 61 in
986 2172 198 61 crastinum,
1141 2172 127 61 dicit
1226 2172 198 61 Augustinus
1382 2172 85 61 in
1424 2172 127 61 libro
1509 2172 141 61 contra
1608 2172 212 61 adimantium.
1777 2172 99 61 ca.
1820 2172 127 61 xxiiii.

140 2231 168 58 neque
252 2231 131 58 hoc
327 2231 280 58 intelligunt
551 2231 112 58 ad
607 2231 112 58 id
662 2231 242 58 pertinere
849 2231 112 58 vt
905 2231 261 58 temporalia
1110 2231 131 58 non
1185 2231 186 58 amemus
1315 2231 168 58 neque
1427 2231 224 58 timeamus
1595 2231 112 58 ne
1651 2231 168 58 nobis
1763 2231 186 58 desint
1874 2231 75 58 ne

148 2275 214 67 cessaria:
312 2275 82 67 &
345 2275 181 67 propter
477 2275 132 67 ipsa
560 2275 231 67 acquirenda
741 2275 115 67 vel
807 2275 115 67 deo
873 2275 115 67 vel
939 2275 214 67 hominibus
1104 2275 231 67 seruiamus.
1285 2275 115 67 Nam
1351 2275 99 67 si
1401 2275 115 67 hoc
1467 2275 132 67 ideo
1549 2275 165 67 dictum
1665 2275 115 67 est
1731 2275 99 67 vt
1780 2275 115 67 non
1830 2275 115 67 serue

154 2327 135 67 tur
231 2327 116 67 in
289 2327 251 67 crastinum
482 2327 193 67 panis:
617 2327 174 67 magis
733 2327 135 67 hoc
810 2327 212 67 implent
964 2327 154 67 vagi
1061 2327 251 67 Romanorum
1254 2327 154 67 quos
1351 2327 232 67 passiuos
1524 2327 270 67 appellant:
1737 2327 135 67 qui
1814 2327 97 67 a
1833 2327 116 67 nona

150 2380 222 56 quotidiana
325 2380 175 56 satiato
452 2380 175 56 ventre:
579 2380 111 56 aut
642 2380 159 56 donant
753 2380 159 56 statim
864 2380 127 56 quod
943 2380 159 56 restat
1055 2380 111 56 aut
1118 2380 238 56 proiiciunt:
1308 2380 127 56 quam
1388 2380 111 56 vel
1451 2380 159 56 domini
1562 2380 206 56 discipuli
1721 2380 111 56 &c.
1784 2380 95 56 Sl
1832 2380 143 56 autem

153 2435 176 69 secundo
281 2435 128 69 modo
361 2435 224 69 principali
537 2435 112 69 diu
601 2435 224 69 supradicto
776 2435 224 69 comparemus
952 2435 144 69 inter
1048 2435 96 69 se
1096 2435 128 69 duas
1176 2435 160 69 dictas
1288 2435 288 69 sollicitudines
1527 2435 144 69 circa
1623 2435 192 69 possess.
1767 2435 192 69 scilicet
1895 2435 48 69 &

146 2492 164 67 circa
255 2492 273 67 acquirenda:
474 2492 146 67 tunc
565 2492 200 67 possunt
710 2492 128 67 duo
783 2492 200 67 status:
929 2492 182 67 quorum
1057 2492 146 67 vnus
1148 2492 200 67 abdicat
1293 2492 164 67 plura
1403 2492 128 67 vel
1475 2492 237 67 conmunia:
1658 2492 164 67 alter
1767 2492 164 67 autem
1858 2492 91 67 pau

150 2544 158 56 ciora,
261 2544 79 56 &
293 2544 174 56 retinet
419 2544 174 56 aliqua:
546 2544 206 56 comparari
705 2544 143 56 inter
800 2544 95 56 se
847 2544 301 56 quadrupliciter.
1101 2544 143 56 Simul
1196 2544 127 56 enim
1275 2544 95 56 in
1322 2544 143 56 eodem
1417 2544 143 56 statu
1512 2544 127 56 sunt
1592 2544 95 56 id
1639 2544 111 56 est
1702 2544 111 56 aut
1766 2544 143 56 maior
1861 2544 111 56 ab-

148 2597 202 62 dicatio
294 2597 92 62 &
331 2597 165 62 minor
441 2597 293 62 sollicitudo:
679 2597 128 62 aut
753 2597 238 62 econverso
936 2597 165 62 minor
1046 2597 238 62 abdicatio
1229 2597 92 62 &
1266 2597 165 62 maior
1376 2597 293 62 sollicitudo:
1614 2597 128 62 aut
1687 2597 165 62 maior
1779 2597 165 62 abdica-

142 2653 132 67 tio,
225 2653 83 67 &
258 2653 149 67 maior
357 2653 264 67 sollicitudo:
572 2653 116 67 aut
638 2653 182 67 econtra
770 2653 149 67 minor
869 2653 231 67 abdicatio,
1051 2653 83 67 &
1084 2653 149 67 minor
1183 2653 264 67 sollicitudo.
1397 2653 99 67 Si
1447 2653 165 67 igitur
1562 2653 99 67 in
1612 2653 149 67 statu
1711 2653 165 67 aliqua
1826 2653 116 67 sit
1876 2653 66 67 ma

144 2704 110 63 ior
207 2704 205 63 abdicatio
365 2704 79 63 &
397 2704 142 63 minor
491 2704 95 63 in
539 2704 221 63 acquirendo
712 2704 221 63 necessaria
886 2704 252 63 sollicitudo:
1091 2704 126 63 ille
1170 2704 158 63 status
1280 2704 158 63 omnino
1391 2704 110 63 est
1454 2704 300 63 perfectissimus.
1706 2704 189 63 Talibus.
1848 2704 95 63 nm
1880 2704 63 63 mi

149 2756 119 58 nima
224 2756 119 58 cura
298 2756 104 58 est
358 2756 104 58 aut
418 2756 134 58 nulla
507 2756 90 58 de
552 2756 104 58 eis
612 2756 119 58 quae
686 2756 119 58 sunt
761 2756 134 58 mundi
851 2756 75 58 &
880 2756 134 58 summa
970 2756 90 58 de
1015 2756 104 58 eis
1074 2756 119 58 quae
1149 2756 119 58 sunt
1224 2756 119 58 dei,
1298 2756 179 58 perfecti
1433 2756 119 58 sunt
1507 2756 119 58 illi
1582 2756 134 58 quasi
1671 2756 104 58 non
1731 2756 209 58 indigentes
1880 2756 60 58 de

145 2802 105 78 eis
205 2802 120 78 quae
280 2802 120 78 sunt
356 2802 150 78 mundi:
461 2802 105 78 nec
521 2802 165 78 sapiunt
641 2802 120 78 eis:
717 2802 181 78 secundum
852 2802 120 78 quod
927 2802 90 78 ad
972 2802 105 78 hoc
1032 2802 181 78 hortatur
1168 2802 165 78 fidelem
1288 2802 150 78 animam
1393 2802 165 78 Prosper
1514 2802 135 78 libro
1604 2802 90 78 i.
1649 2802 90 78 de
1694 2802 120 78 vita
1754 2802 196 78 contemplati

148 2865 95 72 ua
196 2865 174 72 sparsim
322 2865 174 72 dicens.
448 2865 190 72 Sectator
591 2865 95 72 ad
638 2865 221 72 conditorem
812 2865 126 72 suum
891 2865 142 72 ipsum
985 2865 174 72 iugiter
1112 2865 253 72 concupiscat:
1317 2865 111 72 pro
1380 2865 142 72 amore
1475 2865 126 72 eius
1554 2865 142 72 omnia
1649 2865 158 72 quibus
1759 2865 126 72 inde
1823 2865 126 72 potest

141 2918 175 67 auerti
263 2918 193 67 fugiat,
403 2918 88 67 a
438 2918 210 67 strepitu
596 2918 245 67 negotiorum
788 2918 263 67 saecularium
998 2918 298 67 remotissimus:
1243 2918 140 67 amet
1331 2918 158 67 otium
1436 2918 210 67 sanctum:
1593 2918 105 67 in
1646 2918 123 67 quo
1716 2918 210 67 exerceat
1856 2918 88 67 ani

141 2975 118 67 mae
209 2975 135 67 suae
293 2975 220 67 negotium:
462 2975 118 67 non
530 2975 169 67 metuat
649 2975 186 67 aliquid
784 2975 237 67 temporale:
970 2975 118 67 nec
1038 2975 186 67 cupiat:
1173 2975 101 67 ne
1224 2975 118 67 aut
1291 2975 152 67 metus
1393 2975 237 67 amittendae
1579 2975 118 67 rei
1647 2975 237 67 temporalis
1833 2975 118 67 aut
1883 2975 68 67 cu

153 3039 180 65 piditas
284 3039 246 65 acquirendae
481 3039 246 65 intentionem
678 3039 164 65 mentis
792 3039 131 65 eius
875 3039 213 65 emolliat:
1039 3039 115 65 nec
1104 3039 180 65 gaudeat
1235 3039 98 65 de
1285 3039 263 65 temporalibus
1498 3039 180 65 omnino:
1629 3039 115 65 nec
1695 3039 180 65 lugeat:
1826 3039 115 65 nec
1875 3039 66 65 pe

151 3096 165 56 ctoris
267 3096 132 56 eius
350 3096 264 56 stabilitatem
564 3096 281 56 firmitatemque
795 3096 198 56 quicquid
944 3096 215 56 promittit
1109 3096 165 56 mundus
1225 3096 116 56 aut
1291 3096 182 56 minatur
1423 3096 215 56 excutiat:
1588 3096 116 56 sed
1654 3096 132 56 idem
1736 3096 165 56 semper
1852 3096 99 56 ac
1885 3096 66 56 fi

145 3142 110 80 bi
200 3142 202 80 similis
346 3142 275 80 perseuerans
566 3142 165 80 mundi
677 3142 165 80 huius
787 3142 165 80 damna
897 3142 128 80 aut
970 3142 165 80 lucra
1080 3142 165 80 simul
1190 3142 128 80 non
1263 3142 220 80 sentiat.
1428 3142 110 80 De
1483 3142 128 80 quo
1557 3142 165 80 etiam
1667 3142 165 80 dicit
1777 3142 202 80 Bernar.
