2420 3662
151 227 254 75 adiuuamenta
354 227 220 75 virtutis.
523 227 135 75 ltem
608 227 237 75 Augustinus
794 227 152 75 super
896 227 152 75 psal.
997 227 169 75 ciiii.
1116 227 288 75 intelligendum
1353 227 118 75 est
1420 227 118 75 dei
1488 227 169 75 seruos
1606 227 220 75 propterea
1776 227 135 75 ista
1843 227 68 75 bo

148 289 110 62 na
203 289 184 62 sumere
332 289 92 62 a
368 289 129 62 deo
442 289 129 62 non
515 289 110 62 vt
571 289 110 62 in
626 289 129 62 eis
699 289 147 62 luxu
791 289 239 62 defluant:
975 289 129 62 aut
1049 289 221 62 peruersa
1214 289 257 62 securitate
1416 289 276 62 torpescant:
1637 289 129 62 sed
1711 289 110 62 vt
1747 289 166 62 habeant

146 346 145 66 haec
236 346 163 66 omnia
345 346 254 66 praeparata
545 346 109 66 in
599 346 181 66 quibus
726 346 254 66 quaerendis
925 346 199 66 possent
1070 346 344 66 negotiatissimis
1360 346 236 66 laboribus
1541 346 236 66 occupari.
1723 346 145 66 Vnde
1795 346 127 66 etiam

153 404 132 60 dicit
241 404 234 60 philosophus.
432 404 103 60 ii.
490 404 146 60 Polis:
593 404 117 60 quod
666 404 161 60 oportet
783 404 234 60 legislatorem
974 404 190 60 prouidere
1120 404 132 60 bonis
1208 404 73 60 &
1237 404 190 60 virtuosis
1384 404 88 60 in
1428 404 234 60 necessariis:
1618 404 88 60 vt
1662 404 103 60 non
1721 404 176 60 oporteat
1838 404 73 60 eos

153 454 176 67 operibus
285 454 161 67 vilibus
402 454 161 67 vacare.
520 454 117 67 Vnde
593 454 117 67 quod
666 454 146 67 sancti
769 454 117 67 viri
842 454 205 67 temporalia
1003 454 103 67 per
1061 454 234 67 abdicationem
1252 454 176 67 fugiunt:
1384 454 103 67 hoc
1442 454 190 67 contingit
1589 454 103 67 eis
1647 454 117 67 quia
1721 454 161 67 conscii
1823 454 88 67 suae

155 506 256 57 infirmitatis
363 506 144 57 sunt.
459 506 176 57 dicente
587 506 224 57 Augustinus
763 506 144 57 super
859 506 144 57 psal.
955 506 160 57 xxxvi.
1066 506 128 57 Sunt
1146 506 112 57 qui
1210 506 144 57 neque
1306 506 192 57 actiones
1450 506 144 57 mundi
1546 506 128 57 pati
1626 506 176 57 volunt,
1754 506 144 57 sicut
1834 506 80 57 con

162 561 158 55 iugati
273 561 190 55 habentes
415 561 158 55 domos,
526 561 205 55 familias,
684 561 174 55 silios:
810 561 111 55 nec
873 561 174 55 aliquid
1000 561 95 55 in
1047 561 190 55 ecclesia
1189 561 142 55 agunt
1284 561 142 55 sicut
1379 561 237 55 praepositi:
1568 561 111 55 vel
1632 561 95 55 vt
1679 561 95 55 in
1711 561 205 55 agricultura

154 614 255 61 laborantes:
358 614 119 61 sed
426 614 153 61 velut
528 614 102 61 ad
579 614 119 61 hoc
647 614 187 61 infirmi
783 614 204 61 secedunt
936 614 102 61 ad
987 614 170 61 otium:
1106 614 85 61 &
1140 614 170 61 quieti
1259 614 136 61 esse
1344 614 221 61 diligunt:
1514 614 153 61 velut
1616 614 187 61 memores
1735 614 170 61 infirmi-

149 669 159 62 tatis
255 669 159 62 suae.
361 669 124 62 Per
432 669 177 62 amorem
555 669 159 62 autem
661 669 177 62 nimium
785 669 88 62 &
820 669 265 62 inordinatum
1032 669 247 62 impediunt,
1226 669 88 62 &
1262 669 106 62 ab
1315 669 159 62 amore
1421 669 247 62 aeternorum
1615 669 247 62 retrahunt:
1809 669 88 62 &
1827 669 88 62 hoc

155 722 121 60 per
224 722 156 60 curam
328 722 86 60 &
362 722 311 60 sollicitudinem
622 722 121 60 eis
691 722 208 60 annexam.
847 722 190 60 dicente
985 722 173 60 Greti.
1106 722 104 60 in
1158 722 104 60 i.
1210 722 173 60 moral.
1331 722 173 60 Tantum
1452 722 173 60 nocent
1573 722 242 60 temporalia
1763 722 190 60 quantum

160 774 245 64 sollicitudo
356 774 212 64 retrahens
519 774 82 64 a
552 774 180 64 diuinis
683 774 114 64 eis
748 774 114 64 est
813 774 180 64 annexa.
944 774 131 64 Quia
1026 774 98 64 si
1075 774 114 64 non
1140 774 261 64 retraherent,
1352 774 163 64 multum
1467 774 245 64 expedirent:
1663 774 180 64 dicente
1794 774 147 64 Augns

157 825 96 58 in
205 825 191 58 epistola
348 825 96 58 ad
396 825 239 58 Romanianum.
587 825 191 58 Pacatior
730 825 143 58 atque
826 825 255 58 tramquillior
1033 825 143 58 rerum
1129 825 239 58 temporalium
1320 825 271 58 administratio
1543 825 271 58 recipiendorum
1766 825 175 58 aeterno

156 880 113 54 rum
220 880 178 54 meritum
350 880 178 54 gignit:
479 880 97 54 si
527 880 113 54 non
592 880 161 54 teneat
705 880 113 54 cum
769 880 194 54 tenetur:
914 880 97 54 si
963 880 113 54 non
1027 880 194 54 implicet
1173 880 113 54 cum
1237 880 291 54 multiplicatur.
1479 880 97 54 De
1528 880 242 54 diminutione
1721 880 129 54 vero
1786 880 129 54 perfe-

159 934 170 60 ctionis
282 934 108 60 per
344 934 247 60 possessionem
544 934 170 60 bonorum
668 934 201 60 conmunium
822 934 108 60 per
884 934 170 60 accidem
1007 934 185 60 scilicet
1146 934 93 60 ex
1192 934 139 60 parte
1285 934 170 60 ipsorum
1408 934 185 60 bonorum:
1547 934 77 60 &
1578 934 108 60 per
1639 934 93 60 se
1686 934 93 60 ex
1732 934 139 60 parte
1809 934 108 60 infir

150 990 193 62 mitatis
291 990 210 62 nostrae,
449 990 210 62 possumus
607 990 263 62 intelligere
817 990 263 62 quaestionem
1027 990 158 62 istam
1133 990 263 62 dupliciter.
1343 990 158 62 Primo
1448 990 281 62 distinguendo
1676 990 105 62 ex
1729 990 158 62 parte
1817 990 105 62 bono

148 1035 120 70 rum
217 1035 240 70 conmunium.
405 1035 189 70 Secundo
543 1035 103 70 ex
594 1035 155 70 parte
697 1035 292 70 perfectionum.
938 1035 103 70 Ex
989 1035 155 70 parte
1093 1035 206 70 bonorum:
1247 1035 137 70 quia
1333 1035 120 70 aut
1402 1035 137 70 sunt
1488 1035 137 70 toti
1573 1035 172 70 humano
1694 1035 172 70 generi
1797 1035 120 70 conmu

156 1089 131 66 nia:
237 1089 115 66 sic
303 1089 213 66 inquantum
467 1089 213 66 huiusmodi
630 1089 147 66 nullo
729 1089 131 66 modo
811 1089 229 66 diminuunt:
991 1089 98 66 vt
1040 1089 180 66 habitum
1171 1089 115 66 est
1236 1089 164 66 supra.
1351 1089 115 66 Aut
1416 1089 131 66 sunt
1498 1089 196 66 communia
1646 1089 262 66 commorantium
1859 1089 98 66 in

157 1143 171 64 aliqua
277 1143 257 64 communitate
483 1143 240 64 singulari:
671 1143 86 64 &
706 1143 137 64 tunc
791 1143 292 64 distinguendum
1031 1143 103 64 ex
1083 1143 154 64 parte
1186 1143 292 64 persectionum:
1426 1143 137 64 quia
1511 1143 274 64 perfectionis
1717 1143 206 64 diminutio-

151 1196 119 55 nem
219 1196 204 55 possumus
372 1196 255 55 intelligere
576 1196 255 55 dupliciter.
780 1196 119 55 Aut
848 1196 204 55 loquendo
1001 1196 102 55 de
1051 1196 255 55 persectione
1255 1196 136 55 quae
1340 1196 204 55 pertinet
1493 1196 102 55 ad
1544 1196 187 55 statum.
1680 1196 119 55 Aut
1748 1196 136 55 quae
1816 1196 102 55 per-

154 1251 154 69 tinet
257 1251 103 69 ad
308 1251 188 69 animum.
445 1251 103 69 Si
496 1251 154 69 primo
599 1251 154 69 modo:
701 1251 120 69 sic
770 1251 154 69 adhuc
872 1251 222 69 diminuere
1043 1251 103 69 de
1095 1251 188 69 ratione
1232 1251 274 69 perfectionis
1454 1251 205 69 possumus
1608 1251 257 69 intelligere
1796 1251 120 69 dupli

159 1302 163 54 citer:
273 1302 130 54 quia
354 1302 114 54 aut
419 1302 195 54 diminuit
565 1302 98 54 de
614 1302 179 54 ratione
744 1302 260 54 perfectionis
956 1302 244 54 exercendae,
1151 1302 130 54 quae
1232 1302 179 54 propria
1362 1302 114 54 est
1427 1302 211 54 ministris
1590 1302 228 54 ecclesiae.
1769 1302 114 54 Aut
1817 1302 98 54 quia

155 1355 201 52 diminuit
306 1355 100 52 de
356 1355 184 52 ratione
490 1355 268 52 perfectionis
708 1355 268 52 acquirendae:
925 1355 134 52 quae
1009 1355 184 52 proprie
1143 1355 201 52 pertinet
1294 1355 100 52 ad
1344 1355 251 52 religiosos.
1545 1355 151 52 Primo
1645 1355 134 52 modo
1729 1355 167 52 habere
1829 1355 84 52 bo-

146 1406 96 66 na
194 1406 96 66 in
242 1406 177 66 conmuni
371 1406 113 66 non
435 1406 193 66 diminuit
580 1406 96 66 de
628 1406 257 66 perfectionis
837 1406 193 66 ratione:
982 1406 129 66 quia
1062 1406 193 66 habentur
1207 1406 161 66 tantum
1319 1406 80 66 a
1351 1406 209 66 ministris
1512 1406 225 66 ecclesiae:
1689 1406 96 66 vt
1737 1406 113 66 eis
1785 1406 129 66 debita

153 1463 180 57 ratione
284 1463 197 57 seruitii
431 1463 82 57 &
464 1463 180 57 ordinis
596 1463 131 57 quem
678 1463 164 57 habent
792 1463 98 57 in
842 1463 213 57 ecclesia:
1006 1463 82 57 &
1039 1463 115 57 hoc
1104 1463 115 57 quo
1170 1463 98 57 ad
1219 1463 98 57 id
1268 1463 131 57 quod
1350 1463 115 57 pro
1416 1463 131 57 hora
1498 1463 230 57 convertunt
1678 1463 98 57 in
1728 1463 148 57 eorum
1810 1463 98 57 vsum

147 1514 273 65 necessarium.
369 1514 120 65 Quo
437 1514 103 65 ad
489 1514 205 65 residuum
642 1514 137 65 enim
728 1514 171 65 habent
848 1514 103 65 ea
899 1514 103 65 vt
950 1514 154 65 aliis
1053 1514 120 65 qui
1121 1514 171 65 nullum
1241 1514 120 65 ius
1309 1514 171 65 habent
1429 1514 103 65 in
1480 1514 120 65 eis
1548 1514 273 65 dispensanda.
1770 1514 103 65 Et
1804 1514 103 65 neu-

156 1561 122 71 tro
225 1561 139 71 modo
312 1561 192 71 possunt
452 1561 192 71 minuere
591 1561 192 71 aliquid
730 1561 104 71 de
782 1561 157 71 statu
887 1561 279 71 perfectionis
1113 1561 157 71 eorum
1218 1561 261 71 exercendae:
1427 1561 139 71 quia
1514 1561 209 71 requirit
1670 1561 122 71 iam
1722 1561 192 71 perfectum

152 1620 113 64 cui
216 1620 129 64 sunt
297 1620 242 64 instrumenta
491 1620 210 64 virtutis.
653 1620 226 64 Veruntamen
830 1620 194 64 infirmum
976 1620 97 64 in
1024 1620 129 64 tali
1105 1620 145 64 statu
1202 1620 242 64 existentem:
1396 1620 97 64 ab
1444 1620 129 64 omni
1525 1620 145 64 statu
1622 1620 129 64 boni
1703 1620 162 64 operis
1800 1620 113 64 eradi

146 1668 150 58 cant:
246 1668 100 58 vt
296 1668 150 58 dicit
397 1668 167 58 Greti.
513 1668 100 58 in
563 1668 150 58 fine.
664 1668 133 58 xii.
747 1668 167 58 moral.
864 1668 133 58 PApa
947 1668 133 58 enim
1031 1668 150 58 omnia
1131 1668 133 58 bona
1214 1668 217 58 ecclesiae
1381 1668 150 58 habet
1481 1668 100 58 vt
1531 1668 200 58 vicarius
1681 1668 200 58 Christi:
1832 1668 117 58 qui

147 1723 161 61 libet
254 1723 143 61 vero
344 1723 268 61 episcoporum
558 1723 107 61 in
611 1723 125 61 sua
683 1723 214 61 dicecesi
844 1723 107 61 vt
897 1723 214 61 vicarius
1058 1723 286 61 apostolorum:
1290 1723 89 61 &
1326 1723 214 61 quilibet
1486 1723 250 61 sacerdotum
1665 1723 250 61 parochialium

147 1776 103 62 in
198 1776 120 62 sua
267 1776 205 62 parochia
421 1776 103 62 vt
472 1776 188 62 vicarii
609 1776 291 62 discipulorum,
848 1776 86 62 &
883 1776 205 62 quilibet
1037 1776 257 62 canonicorum
1242 1776 86 62 &
1276 1776 188 62 aliorum
1413 1776 257 62 ministrorum
1618 1776 222 62 ecclesiae
1789 1776 103 62 in
1823 1776 86 62 sua

153 1833 228 63 praebenda,
332 1833 114 63 qui
397 1833 130 63 sunt
478 1833 244 63 successores
673 1833 163 63 eorum.
787 1833 98 63 de
835 1833 163 63 quibus
949 1833 195 63 dicitur.
1095 1833 260 63 Multitudinis
1307 1833 146 63 autem
1404 1833 228 63 credentium
1583 1833 98 63 e.
1632 1833 130 63 cor.
1713 1833 98 63 v.
1762 1833 114 63 vt.
1810 1833 98 63 xii.

161 1895 108 54 qid
222 1895 92 54 i.
268 1895 92 54 S.
315 1895 92 54 De
361 1895 154 54 rebus.
469 1895 123 54 Vnde
546 1895 92 54 de
592 1895 262 54 possidentibus
808 1895 123 54 bona
885 1895 185 54 communia
1023 1895 216 54 ecclesiae,
1193 1895 139 54 dicit
1285 1895 185 54 Prosper.
1424 1895 108 54 ii.
1486 1895 139 54 libro
1578 1895 92 54 de
1624 1895 123 54 vita
1686 1895 231 54 contemplatiua

155 1930 132 73 cap.
238 1930 116 73 xi.
304 1930 165 73 ltaque
420 1930 198 73 sacerdos
568 1930 116 73 cui
634 1930 297 73 dispensationis
882 1930 132 73 cura
964 1930 198 73 conmissa
1113 1930 132 73 est:
1196 1930 116 73 non
1262 1930 149 73 solum
1361 1930 198 73 commissa
1509 1930 116 73 est
1575 1930 116 73 sub
1641 1930 248 73 cupiditate:
1839 1930 116 73 sed

156 1987 135 53 etiam
246 1987 105 53 cum
306 1987 135 53 laude
395 1987 179 53 pietatis
530 1987 165 53 accipit
650 1987 75 53 a
680 1987 135 53 pposo
769 1987 239 53 dispensanda:
964 1987 75 53 &
994 1987 194 53 fideliter
1143 1987 194 53 dispensat
1293 1987 179 53 accepta:
1427 1987 120 53 quia
1502 1987 135 53 omnia
1592 1987 105 53 sua
1652 1987 105 53 aut
1712 1987 194 53 reliquit:
1846 1987 75 53 aut

153 2039 229 69 ecclesiae
330 2039 159 69 rebus
436 2039 229 69 adiunxit:
612 2039 88 69 &
647 2039 106 69 se
700 2039 106 69 in
753 2039 176 69 numero
876 2039 212 69 pauperum
1035 2039 265 69 paupertatis
1247 2039 159 69 amore
1353 2039 265 69 constituit:
1564 2039 123 69 ita
1635 2039 106 69 vt
1688 2039 141 69 vnde
1758 2039 159 69 pauperi

156 2093 111 57 bus
219 2093 253 57 subueniatur:
425 2093 126 57 inde
504 2093 79 57 &
535 2093 126 57 ipse
614 2093 174 57 tanquam
741 2093 158 57 pauper
851 2093 237 57 voluntarius
1041 2093 158 57 viuat.
1152 2093 174 57 lbidem.
1278 2093 126 57 xvi.
1357 2093 126 57 Nunc
1436 2093 142 57 autem
1531 2093 126 57 quod
1610 2093 237 57 christianis
1784 2093 142 57 tempori

147 2143 115 58 bus
212 2143 231 58 sacerdotes
394 2143 148 58 magis
493 2143 214 58 sustinent
657 2143 132 58 quam
740 2143 165 58 curant
855 2143 264 58 possessiones
1069 2143 231 58 ecclesiae:
1251 2143 82 58 &
1284 2143 99 58 in
1333 2143 115 58 hoc
1399 2143 115 58 deo
1465 2143 214 58 seruiunt:
1630 2143 132 58 quia
1712 2143 99 58 si
1762 2143 115 58 dei
1811 2143 99 58 sunt

157 2198 93 60 ea
204 2198 124 60 quae
282 2198 202 60 confidens
437 2198 171 60 eccliae
561 2198 109 60 dei
623 2198 124 60 opus
701 2198 140 60 agit:
794 2198 109 60 qui
856 2198 109 60 res
918 2198 109 60 deo
980 2198 233 60 consecratas
1166 2198 109 60 non
1228 2198 186 60 alicuius
1368 2198 248 60 cupiditatis:
1570 2198 109 60 sed
1632 2198 248 60 fidelissimae
1818 2198 93 60 dis-

158 2256 240 62 pensationis
350 2256 224 62 intentione
525 2256 112 62 non
589 2256 192 62 deserit,
733 2256 112 62 non
797 2256 128 62 sunt
877 2256 112 62 iam
941 2256 112 62 res
1005 2256 144 62 mundi
1100 2256 224 62 credendae:
1276 2256 112 62 sed
1340 2256 128 62 dei.
1420 2256 144 62 Tales
1516 2256 128 62 enim
1596 2256 192 62 secundum
1739 2256 208 62 apostolum

153 2305 132 58 sunt
235 2305 148 58 nihil
333 2305 214 58 habentes:
498 2305 115 58 sed
564 2305 148 58 omnia
662 2305 263 58 possidentes.
876 2305 181 58 dicente
1008 2305 197 58 Prospero
1156 2305 99 58 in
1205 2305 164 58 eodem.
1320 2305 115 58 Hoc
1386 2305 115 58 est
1452 2305 230 58 possidendo
1632 2305 247 58 contemnere:
1830 2305 115 58 non

155 2357 150 58 sibi:
255 2357 116 58 sed
322 2357 150 58 aliis
421 2357 233 58 possidere:
604 2357 116 58 nec
671 2357 183 58 habendi
804 2357 233 58 cupiditate
986 2357 233 58 facultates
1169 2357 216 58 ecclesiae
1335 2357 183 58 ambire:
1468 2357 116 58 sed
1535 2357 116 58 eas
1601 2357 183 58 pietate
1718 2357 199 58 subuenien-

160 2410 101 60 di
211 2410 236 60 suscipere:
396 2410 118 60 nec
464 2410 185 60 aliquid
598 2410 135 60 inde
683 2410 118 60 eis
750 2410 118 60 qui
817 2410 135 60 sibi
902 2410 236 60 sufficiunt
1087 2410 202 60 erogare.
1239 2410 185 60 Secundo
1374 2410 135 60 modo
1458 2410 169 60 habent
1576 2410 135 60 bona
1660 2410 101 60 in
1711 2410 185 60 conmuni
1829 2410 84 60 re-

159 2462 181 55 ligiosi
290 2462 231 55 solitariam
472 2462 148 55 vitam
570 2462 198 55 ducentes
719 2462 115 55 non
785 2462 198 55 deputati
933 2462 115 55 aut
999 2462 198 55 ordinati
1147 2462 198 55 seruitio
1295 2462 214 55 ecclesiae
1460 2462 198 55 publico.
1608 2462 99 55 Et
1658 2462 280 55 distinguendum

155 2508 123 69 est
226 2508 106 69 in
279 2508 123 69 hoc
349 2508 176 69 membro
472 2508 106 69 de
525 2508 158 69 bonis
630 2508 264 69 commumibus:
841 2508 141 69 quia
929 2508 123 69 aut
1000 2508 141 69 sunt
1087 2508 141 69 vsui
1175 2508 246 69 quotidiano
1369 2508 264 69 necessaria:
1580 2508 88 69 &
1615 2508 123 69 non
1685 2508 229 69 diminuunt
1844 2508 70 69 ni

156 2568 102 58 si
207 2568 119 58 per
275 2568 222 58 accidens:
446 2568 102 58 vt
497 2568 188 58 habitum
634 2568 119 58 est
702 2568 171 58 supra:
821 2568 119 58 aut
889 2568 136 58 sunt
975 2568 171 58 tantum
1094 2568 136 58 vsui
1179 2568 171 58 futuro
1299 2568 239 58 reseruata:
1487 2568 136 58 quae
1572 2568 273 58 custodiuntur
1794 2568 119 58 non
1845 2568 68 58 vt

163 2623 255 62 dispensanda:
370 2623 111 62 sed
434 2623 95 62 vt
481 2623 127 62 sibi
561 2623 239 62 necessaria.
752 2623 95 62 Et
799 2623 111 62 per
863 2623 127 62 illa
943 2623 255 62 diminutionem
1149 2623 159 62 status
1261 2623 255 62 perfectionis
1468 2623 143 62 eorum
1563 2623 191 62 scilicet
1706 2623 239 62 acquirendae

154 2671 199 69 possumus
304 2671 249 69 intelligere
503 2671 249 69 dupliciter:
703 2671 133 69 quia
786 2671 116 69 aut
852 2671 133 69 quod
935 2671 216 69 diminuunt
1102 2671 100 69 de
1152 2671 183 69 ratione
1284 2671 266 69 perfectionis
1501 2671 166 69 dictae
1617 2671 249 69 simpliciter
1816 2671 83 69 &
1850 2671 100 69 ab

162 2722 183 66 solute
290 2722 165 66 ipsam
399 2722 183 66 omnino
527 2722 274 66 excludendo:
747 2722 128 66 aut
820 2722 146 66 quod
911 2722 238 66 diminuunt
1094 2722 110 66 de
1149 2722 165 66 apice
1259 2722 238 66 huiusmodi
1442 2722 311 66 persectionis:
1698 2722 110 66 ne
1752 2722 110 66 ad
1789 2722 128 66 ipsam

160 2785 178 51 attingi
289 2785 178 51 possit:
419 2785 97 51 in
468 2785 162 51 gradu.
581 2785 194 51 scilicet
727 2785 227 51 inferioris
905 2785 259 51 perfectionis
1116 2785 194 51 ponendo.
1262 2785 146 51 Primo
1359 2785 130 51 modo
1440 2785 130 51 bona
1521 2785 259 51 proprietaria
1732 2785 211 51 solummodo

164 2818 206 76 diminuunt
323 2818 95 76 de
370 2818 254 76 perfectionis
576 2818 206 76 ratione:,
735 2818 143 76 ipsam
830 2818 190 76 scilicet
972 2818 158 76 omnino
1083 2818 238 76 excludendo:
1273 2818 95 76 ne
1321 2818 190 76 scilicet
1463 2818 127 76 homo
1543 2818 158 76 habens
1654 2818 254 76 proprietaria
1844 2818 79 76 pos

153 2890 128 55 sit
226 2890 146 55 esse
317 2890 164 55 infra
426 2890 219 55 ambitum,
590 2890 91 55 &
627 2890 273 55 latitudinem
845 2890 292 55 perfectionis
1082 2890 219 55 secundum
1247 2890 201 55 aliquem
1392 2890 182 55 statum
1520 2890 128 55 aut
1593 2890 182 55 gradum
1720 2890 201 55 status:
1848 2890 73 55 vt

150 2935 168 67 patet
262 2935 112 67 ex
318 2935 168 67 supra
430 2935 316 67 determinatis.
690 2935 130 67 hoc
765 2935 168 67 autem
876 2935 130 67 est
951 2935 242 67 diminuere
1137 2935 112 67 de
1193 2935 205 67 ratione
1342 2935 316 67 perfectionis:
1603 2935 279 67 quemadmodum
1807 2935 112 67 dici

151 2987 120 70 mus
220 2987 138 70 quod
306 2987 138 70 homo
392 2987 172 70 pictus
512 2987 206 70 diminuit
667 2987 103 70 de
719 2987 189 70 ratione
856 2987 206 70 hominis.
1011 2987 120 70 Sic
1080 2987 155 70 autem
1183 2987 120 70 non
1252 2987 224 70 diminuunt
1424 2987 103 70 de
1476 2987 189 70 ratione
1613 2987 275 70 perfectionis
1820 2987 103 70 bona

114 3027 92 82 R
150 3027 220 82 communia
315 3027 238 82 abdicatis
498 3027 238 82 propriis:
681 3027 146 82 quia
773 3027 238 82 abdicatio
956 3027 256 82 propriorum
1157 3027 201 82 efficit
1304 3027 183 82 statum
1432 3027 293 82 perfectionis
1670 3027 275 82 simpliciter
1871 3027 55 82 &
