2424 3748
158 254 129 81 esse
239 254 113 81 cam
303 254 243 81 contingens:
498 254 129 81 quia
579 254 146 81 talis
676 254 113 81 est
740 254 146 81 causa
837 254 113 81 per
902 254 210 81 accidens:
1064 254 129 81 quae
1145 254 210 81 reducitur
1307 254 97 81 ad
1355 254 146 81 aliam
1452 254 113 81 per
1517 254 113 81 se.
1582 254 129 81 Deus
1663 254 146 81 autem
1760 254 113 81 non
1825 254 113 81 est
1873 254 81 81 cau

144 328 103 65 sa
195 328 137 65 quae
281 328 103 65 ad
332 328 154 65 aliam
435 328 154 65 habet
537 328 188 65 reduci.
674 328 205 65 DIcendum
828 328 103 65 ad
879 328 137 65 hoc:
964 328 137 65 quod
1050 328 239 65 contingens
1238 328 120 65 est
1306 328 137 65 quod
1392 328 171 65 potest
1512 328 137 65 esse
1597 328 85 65 &
1631 328 120 65 non
1700 328 154 65 esse.
1802 328 188 65 Aliquid

161 380 132 72 autem
249 380 147 72 potest
352 380 117 72 esse
425 380 73 72 &
454 380 103 72 non
513 380 117 72 esse
586 380 220 72 dupliciter:
762 380 103 72 vel
821 380 88 72 ex
865 380 132 72 parte
953 380 147 72 facti,
1055 380 117 72 quia
1128 380 117 72 est:
1202 380 132 72 talis
1290 380 161 72 naturae
1407 380 117 72 quod
1480 380 147 72 potest
1583 380 117 72 esse
1656 380 73 72 &
1685 380 103 72 non
1744 380 132 72 esse,
1832 380 132 72 fieri
1905 380 44 72 &

154 431 115 59 non
219 431 164 59 fieri:
334 431 115 59 vel
400 431 98 59 ex
449 431 148 59 parte
547 431 230 59 facientis,
728 431 131 59 quia
810 431 115 59 est
875 431 131 59 tale
957 431 148 59 agens
1056 431 131 59 quod
1138 431 98 59 ab
1187 431 131 59 ipso
1269 431 246 59 indifferens
1466 431 197 59 effectus
1614 431 164 59 potest
1728 431 164 59 fieri:
1843 431 82 59 &
1876 431 115 59 non

154 486 184 64 fieri.
282 486 165 64 Primo
392 486 147 64 modo
484 486 220 64 rationem
649 486 294 64 contingentis
888 486 165 64 habet
998 486 147 64 omne
1090 486 294 64 defectibile:
1328 486 110 64 vt
1383 486 128 64 est
1457 486 275 64 generaliter
1677 486 165 64 omnis
1768 486 184 64 creatura

163 543 82 68 &
195 543 164 68 maxime
310 543 131 68 quod
393 543 148 68 habet
491 543 99 68 in
541 543 99 68 se
590 543 197 68 rationem
738 543 247 68 corruptiui:
935 543 99 68 vt
984 543 115 68 est
1050 543 131 68 omne
1132 543 230 68 generabile
1313 543 82 68 &
1346 543 279 68 corruptibile.
1576 543 82 68 &
1609 543 148 68 omnis
1707 543 148 68 talis
1790 543 164 68 effectus

159 596 244 69 contingens
351 596 175 69 potest
473 596 157 69 fieri
577 596 227 69 immediate
752 596 87 69 a
787 596 140 69 deo.
874 596 192 69 Secundo
1014 596 140 69 modo
1101 596 262 69 dupliciter:
1310 596 140 69 quia
1398 596 209 69 effectus
1555 596 175 69 potest
1677 596 105 69 ab
1729 596 175 69 aliquo
1834 596 122 69 indif

159 652 194 60 ferenter
304 652 145 60 fieri
401 652 113 60 vel
466 652 113 60 non
531 652 145 60 fieri
628 652 242 60 dupliciter:
822 652 113 60 vel
886 652 129 60 quia
967 652 113 60 non
1032 652 113 60 est
1096 652 97 60 in
1145 652 129 60 ipso
1226 652 113 60 vis
1290 652 113 60 qua
1355 652 178 60 necesse
1484 652 113 60 est
1549 652 113 60 eum
1614 652 162 60 fieri:
1727 652 113 60 vel
1791 652 129 60 quia
1872 652 113 60 non

151 713 123 61 est
222 713 106 61 in
275 713 106 61 eo
327 713 123 61 vis
398 713 264 61 determinans
609 713 158 61 ipsum
715 713 176 61 fieri.
838 713 158 61 Primo
944 713 141 61 modo
1032 713 194 61 dicitur
1172 713 211 61 effectus
1331 713 246 61 contingens
1525 713 141 61 omne
1613 713 141 61 quid
1701 713 123 61 fit
1771 713 88 61 a
1806 713 123 61 deo
1859 713 88 61 cir

156 768 111 56 ca
211 768 259 56 creaturas.
414 768 203 56 Secundo
562 768 166 56 autem
673 768 148 56 modo
765 768 185 56 nullus
894 768 222 56 effectus
1061 768 259 56 contingens
1264 768 129 56 fit
1338 768 92 56 a
1374 768 129 56 deo
1448 768 240 56 immediate
1633 768 129 56 nec
1707 768 166 56 etiam
1799 768 148 56 media-

163 810 116 56 te.
230 810 199 56 respectu
379 810 133 56 enim
462 810 166 56 ipsius
578 810 116 56 non
644 810 116 56 est
711 810 182 56 aliquis
843 810 199 56 effectus
993 810 249 56 contingens.
1192 810 182 56 quoniam
1324 810 199 56 effectus
1474 810 116 56 sic
1540 810 232 56 contingens
1722 810 116 56 non
1772 810 166 56 procedit

169 865 97 62 in
217 865 129 62 esse
298 865 129 62 nisi
378 865 177 62 praeter
507 865 242 62 intentionem
700 865 113 62 per
765 865 225 62 voluntatem
942 865 193 62 agentis:
1087 865 97 62 vt
1135 865 97 62 in
1183 865 225 62 fortuitis:
1360 865 113 62 vel
1425 865 161 62 absque
1537 865 225 62 voluntate,
1715 865 97 62 vt
1763 865 97 62 in
1795 865 145 62 casuali

165 917 131 60 bus.
247 917 180 60 Praeter
378 917 246 60 intentionem
574 917 148 60 autem
673 917 115 60 dei
738 917 180 60 agentis
869 917 148 60 nihil
968 917 131 60 fit.
1050 917 131 60 lpse
1132 917 131 60 enim
1214 917 180 60 ordinat
1345 917 148 60 fieri
1443 917 229 60 intentione
1623 917 115 60 per
1689 917 115 60 se,
1754 917 229 60 quaecumque

154 974 154 65 fiunt
257 974 120 65 per
325 974 205 65 accidens
479 974 86 65 &
513 974 188 65 praeter
650 974 257 65 intentionem
855 974 86 65 a
889 974 171 65 causis
1009 974 291 65 inferioribus.
1249 974 188 65 dicente
1386 974 239 65 Augustinus
1574 974 154 65 super
1676 974 154 65 psal.
1779 974 120 65 ix.
1830 974 103 65 Omni

154 1025 112 69 no
210 1025 112 69 ad
267 1025 206 69 diuinae
417 1025 300 69 prouidentiae
660 1025 206 69 regimen
810 1025 262 69 referantur
1017 1025 150 69 quae
1110 1025 187 69 stulti
1241 1025 150 69 casu
1335 1025 94 69 &
1373 1025 187 69 temere
1504 1025 94 69 &
1541 1025 169 69 nulla
1654 1025 187 69 diuina
1766 1025 169 69 admini-

155 1082 225 63 stratione
328 1082 156 63 fieri
432 1082 191 63 putant.
571 1082 173 63 Potest
692 1082 156 63 tamen
796 1082 121 63 hic
866 1082 243 63 distingui:
1057 1082 139 63 quia
1143 1082 156 63 fieri
1247 1082 156 63 talis
1351 1082 208 63 effectus
1507 1082 208 63 possumus
1664 1082 260 63 considerare
1872 1082 104 63 du

169 1132 230 69 pliciter:
346 1132 124 69 vel
417 1132 124 69 quo
488 1132 106 69 ad
541 1132 266 69 substantiam
754 1132 177 69 facti:
878 1132 124 69 vel
948 1132 124 69 quo
1019 1132 106 69 ad
1072 1132 159 69 modum
1179 1132 142 69 eius
1267 1132 248 69 procedendi
1462 1132 106 69 in
1515 1132 142 69 esse
1604 1132 106 69 ab
1657 1132 177 69 agente
1763 1132 177 69 immedia-

148 1192 129 69 to.
221 1192 165 69 Primo
331 1192 147 69 modo
423 1192 129 69 fit
497 1192 92 69 a
533 1192 129 69 deo
607 1192 220 69 mediante
772 1192 184 69 agente
901 1192 220 69 proximo:
1066 1192 92 69 &
1103 1192 184 69 potest
1232 1192 165 69 fieri
1342 1192 239 69 immediate
1525 1192 92 69 a
1562 1192 147 69 deo:
1654 1192 165 69 licet
1764 1192 129 69 non
1819 1192 129 69 prae-

151 1248 126 58 ter
223 1248 287 58 intentionem.
456 1248 197 58 Secundo
600 1248 162 58 autem
707 1248 144 58 modo
797 1248 126 58 non
869 1248 126 58 sit
941 1248 179 58 omnino
1066 1248 90 58 a
1102 1248 126 58 deo
1174 1248 126 58 nec
1246 1248 179 58 potest
1372 1248 162 58 fieri
1479 1248 162 58 neque
1587 1248 197 58 mediate
1731 1248 162 58 neque
1820 1248 126 58 imme-

159 1301 182 62 diate:
286 1301 146 62 quia
377 1301 127 62 non
450 1301 164 62 habet
559 1301 182 62 causam
687 1301 200 62 agentem
832 1301 127 62 sed
905 1301 273 62 deficientem
1124 1301 200 62 tantum.
1269 1301 109 62 AD
1324 1301 182 62 primum
1451 1301 109 62 in
1506 1301 237 62 oppositum
1688 1301 146 62 quod
1761 1301 182 62 effectus

143 1344 265 62 contingens
352 1344 133 62 sit
427 1344 95 62 a
465 1344 133 62 deo
541 1344 227 62 mediate:
712 1344 152 62 ergo
807 1344 95 62 &
844 1344 265 62 immediate:
1053 1344 227 62 Dicendum
1224 1344 152 62 quod
1318 1344 171 62 verum
1432 1344 133 62 est
1508 1344 227 62 secundum
1679 1344 133 62 iam
1735 1344 209 62 expositum

145 1405 189 64 modum:
277 1405 189 64 alias:
409 1405 151 64 non.
504 1405 113 64 Et
561 1405 227 64 secundum
730 1405 189 64 eundem
863 1405 170 64 modum
976 1405 227 64 secundum
1146 1405 359 64 praedeterminata
1448 1405 227 64 dicendum
1618 1405 132 64 est
1694 1405 113 64 ad
1731 1405 208 64 secundum.

480 1451 130 56 Irca
561 1451 179 56 quintum
692 1451 212 56 arguitur:
855 1451 130 56 quod
936 1451 163 56 duobus
1050 1451 228 56 aequaliter
1230 1451 98 56 se
1279 1451 228 56 habentibus
1458 1451 98 56 ad
1507 1451 245 56 receptionem
1702 1451 196 56 gratiae:
1849 1451 114 56 non
1898 1451 49 56 e

482 1505 163 68 semper
596 1505 130 68 deus
677 1505 228 68 aequaliter
857 1505 179 68 confert
987 1505 130 68 eam,
1068 1505 130 68 quia
1150 1505 261 68 inaequaliter
1362 1505 147 68 dando
1459 1505 130 68 plus
1541 1505 196 68 declarat
1688 1505 130 68 suam
1753 1505 179 68 potentiam

476 1563 89 70 &
512 1563 143 70 suam
601 1563 321 70 misericordiam:
869 1563 214 70 secundum
1030 1563 161 70 illud
1137 1563 161 70 Roma.
1244 1563 125 70 ix.
1315 1563 179 70 Volens
1440 1563 143 70 deus
1529 1563 161 70 notam
1637 1563 179 70 facere
1744 1563 196 70 potentiam

470 1613 142 73 suam
559 1613 124 73 &c.
630 1613 124 73 Sic
701 1613 160 73 autem
808 1613 160 73 debet
914 1613 195 73 gratiam
1056 1613 142 73 suam
1145 1613 266 73 distribuere
1358 1613 124 73 quo
1429 1613 160 73 magis
1536 1613 124 73 sua
1607 1613 213 73 potentia
1766 1613 89 73 &
1802 1613 124 73 sua
1855 1613 89 73 mi-

474 1663 241 70 sericordia
663 1663 275 70 declarentur.
887 1663 138 70 ergo
973 1663 121 70 &c.
1042 1663 138 70 Quid
1128 1663 155 70 etiam
1231 1663 155 70 patet
1335 1663 103 70 in
1386 1663 189 70 exemplo
1524 1663 103 70 de
1576 1663 293 70 sanctificatis
1817 1663 103 70 in
1851 1663 86 70 vte

462 1726 127 66 ro:
534 1726 91 66 &
571 1726 109 66 de
625 1726 182 66 duobus
752 1726 236 66 paruulis,
934 1726 182 66 quorum
1061 1726 145 66 vnus
1152 1726 254 66 perducitur
1351 1726 109 66 ad
1406 1726 254 66 baptismum:
1605 1726 163 66 alter
1714 1726 145 66 vero
1805 1726 145 66 non:
1878 1726 54 66 &

465 1779 99 63 de
515 1779 166 63 adulto
631 1779 166 63 Paulo:
747 1779 116 63 qui
813 1779 99 63 in
863 1779 133 63 actu
946 1779 282 63 recalcitrandi
1178 1779 182 63 gratiam
1310 1779 282 63 iustificantem
1542 1779 199 63 accepit,
1691 1779 133 63 quod
1774 1779 149 63 nulli
1857 1779 83 63 con

140 1829 225 69 similiter
313 1829 190 69 legitur
451 1829 173 69 fuisse
572 1829 190 69 factum.
710 1829 190 69 CONtra.
848 1829 138 69 tunc
935 1829 225 69 videretur
1107 1829 138 69 esse
1194 1829 207 69 acceptor
1349 1829 259 69 personarum.
1557 1829 104 69 AD
1609 1829 121 69 hoc
1678 1829 173 69 dicunt
1799 1829 173 69 aliqui

150 1887 138 60 quod
236 1887 138 60 deus
322 1887 206 60 quicquid
476 1887 206 60 operatur
631 1887 155 60 circa
734 1887 241 60 creaturas,
924 1887 103 60 ex
975 1887 138 60 mera
1061 1887 275 60 liberalitate
1285 1887 86 60 &
1319 1887 138 60 solo
1405 1887 258 60 beneplacito
1611 1887 138 60 suae
1697 1887 258 60 voluntatis.
1886 1887 52 60 i

154 1947 206 59 operatur:
313 1947 79 59 &
345 1947 190 59 faciendo
487 1947 127 59 quod
567 1947 159 59 facit:
678 1947 79 59 &
710 1947 111 59 non
773 1947 190 59 faciendo
916 1947 127 59 quod
995 1947 111 59 non
1059 1947 159 59 facit:
1170 1947 79 59 &
1202 1947 190 59 faciendo
1345 1947 127 59 modo
1424 1947 111 59 quo
1488 1947 159 59 facit:
1599 1947 79 59 &
1630 1947 111 59 non
1694 1947 190 59 faciendo
1837 1947 127 59 modo

162 1994 112 61 quo
226 1994 112 61 non
290 1994 160 61 facit:
402 1994 96 61 vt
450 1994 144 61 super
545 1994 112 61 hoc
609 1994 112 61 non
673 1994 112 61 sit
737 1994 160 61 aliqua
849 1994 128 61 alia
929 1994 144 61 ratio
1025 1994 112 61 vel
1088 1994 144 61 causa
1184 1994 176 61 petenda
1312 1994 112 61 vel
1376 1994 288 61 inuestigandae.
1616 1994 192 61 scilicet
1759 1994 112 61 aut
1807 1994 128 61 merita

152 2048 229 60 praeterita
332 2048 229 60 praesentia
512 2048 115 60 vel
577 2048 180 60 futura:
708 2048 115 60 aut
773 2048 229 60 dispositio
953 2048 131 60 vlla
1035 2048 98 60 ex
1084 2048 147 60 parte
1182 2048 278 60 recipientium.
1411 2048 131 60 Quod
1493 2048 229 60 confirmant
1673 2048 115 60 per
1739 2048 147 60 illud
1837 2048 131 60 quod

146 2102 163 60 dicit
254 2102 235 60 apostolus
435 2102 163 60 Roma.
544 2102 127 60 ix.
616 2102 108 60 de
670 2102 163 60 lacob
778 2102 90 60 &
815 2102 163 60 Esau.
923 2102 127 60 Cum
995 2102 181 60 nondum
1122 2102 145 60 nati
1212 2102 181 60 essent
1339 2102 127 60 aut
1411 2102 199 60 aliquid
1556 2102 217 60 egissent
1718 2102 145 60 boni
1809 2102 127 60 aut
1863 2102 72 60 ma

140 2150 134 73 li:
216 2150 115 73 vt
274 2150 230 73 secundum
446 2150 268 73 electionem
657 2150 268 73 propositum
867 2150 134 73 dei
944 2150 230 73 maneret:
1116 2150 134 73 non
1193 2150 115 73 ex
1250 2150 230 73 operibus
1422 2150 134 73 sed
1499 2150 115 73 ex
1556 2150 211 73 vocante
1709 2150 191 73 dictum
1824 2150 115 73 est:

142 2210 142 65 quia
231 2210 160 65 maior
338 2210 196 65 seruiet
480 2210 196 65 minori.
623 2210 125 65 Cum
694 2210 178 65 nondum
819 2210 142 65 nati
908 2210 196 65 essent.
1050 2210 142 65 ecce
1139 2210 214 65 amouetur
1299 2210 249 65 dispositio
1495 2210 303 65 recipientium:
1744 2210 142 65 quae
1815 2210 125 65 etiam

148 2261 101 62 in
199 2261 269 62 praescientia
417 2261 118 62 dei
485 2261 202 62 aequalis
636 2261 168 62 potuit
754 2261 185 62 fuisse.
888 2261 118 62 Aut
955 2261 185 62 aliquid
1090 2261 202 62 egissent
1241 2261 135 62 boni
1326 2261 118 62 aut
1393 2261 151 62 mali.
1494 2261 135 62 Ecce
1578 2261 202 62 amouetur
1729 2261 135 62 opus
1813 2261 118 62 non
1864 2261 67 62 so

150 2312 121 65 lum
219 2312 104 65 in
271 2312 104 65 re
323 2312 226 65 praesens:
497 2312 121 65 aut
566 2312 278 65 praeteritum:
792 2312 121 65 sed
861 2312 156 65 etiam
965 2312 191 65 futurum
1104 2312 104 65 in
1156 2312 364 65 praedestinatione.
1468 2312 139 65 Vnde
1555 2312 191 65 glossa.
1694 2312 156 65 Sicut
1798 2312 121 65 non
1850 2312 87 65 pro

148 2371 198 58 meritis
292 2371 342 58 praecedentibus,
580 2371 126 58 ita
653 2371 126 58 nec
725 2371 126 58 pro
797 2371 216 58 futuris:
959 2371 144 58 quia
1049 2371 144 58 bona
1139 2371 126 58 vel
1211 2371 144 58 mala
1301 2371 126 58 non
1373 2371 162 58 erant
1481 2371 180 58 futura
1608 2371 144 58 nisi
1698 2371 216 58 apposita
1842 2371 90 58 gra

146 2419 124 67 tia
217 2419 124 67 vel
288 2419 248 67 subtracta.
483 2419 106 67 Et
536 2419 124 67 sic
607 2419 159 67 manet
713 2419 142 67 sola
802 2419 213 67 secundum
961 2419 248 67 propositum
1156 2419 213 67 gratuita
1315 2419 213 67 electio:
1475 2419 142 67 quae
1563 2419 124 67 est
1634 2419 142 67 sola
1722 2419 159 67 causa
1829 2419 89 67 &
1846 2419 89 67 sus

147 2477 206 65 ficiens
297 2477 169 65 etiam
410 2477 206 65 omnibus
560 2477 169 65 aliis
673 2477 281 65 aequalibus.
898 2477 150 65 Vnde
992 2477 113 65 vt
1048 2477 263 65 amoueretur
1254 2477 225 65 suspicio
1423 2477 131 65 non
1498 2477 263 65 potentibus
1705 2477 188 65 videre
1836 2477 131 65 di-

146 2529 161 64 uinae
253 2529 250 64 electionis
450 2529 250 64 bonitatem,
646 2529 178 64 subdit
771 2529 250 64 apostolus.
967 2529 196 64 Nunquid
1110 2529 232 64 iniquitas
1288 2529 125 64 est
1360 2529 143 64 apud
1449 2529 161 64 deum:
1556 2529 178 64 absit.
1681 2529 143 64 Quia
1753 2529 178 64 secundum

152 2584 160 58 glos.
259 2584 160 58 lacob
365 2584 124 58 per
436 2584 302 58 misericordiam
685 2584 195 58 elegit:
827 2584 142 58 Esau
915 2584 124 58 per
986 2584 231 58 iustitiam
1164 2584 266 58 reprobauit.
1377 2584 142 58 Quid
1466 2584 160 58 etiam
1572 2584 231 58 apostolus
1750 2584 213 58 declarat

142 2641 224 62 subdens.
310 2641 130 62 Aut
385 2641 130 62 non
459 2641 168 62 habet
571 2641 261 62 potestatem
776 2641 205 62 figulus
925 2641 112 62 ex
981 2641 168 62 eadem
1093 2641 168 62 massa
1204 2641 130 62 &c.
1279 2641 149 62 Vnde
1372 2641 168 62 sicut
1484 2641 149 62 sola
1577 2641 224 62 voluntas
1745 2641 186 62 figuli
1856 2641 75 62 ra

147 2686 125 65 tio
218 2686 125 65 est
290 2686 160 65 quare
396 2686 107 65 de
450 2686 125 65 hac
521 2686 160 65 parte
628 2686 178 65 massae
752 2686 160 65 facit
859 2686 125 65 vas
930 2686 267 65 honorabile:
1144 2686 107 65 de
1197 2686 142 65 illa
1286 2686 125 65 vas
1357 2686 285 65 contumeliae:
1589 2686 160 65 nulla
1678 2686 249 65 discrepantia

146 2745 239 66 existente
329 2745 110 66 in
385 2745 147 66 tota
476 2745 184 66 massa:
605 2745 276 66 quemadmodum
826 2745 165 66 neque
936 2745 129 66 est
1009 2745 110 66 in
1064 2745 165 66 prima
1175 2745 202 66 materia
1322 2745 129 66 cum
1395 2745 165 66 agens
1505 2745 184 66 vestit
1634 2745 129 66 eam
1708 2745 110 66 in
1763 2745 129 66 vno
1818 2745 110 66 for-

143 2798 107 68 ma
197 2798 250 68 nobiliori:
393 2798 107 68 in
447 2798 143 68 alio
536 2798 143 68 vero
625 2798 161 68 minus
732 2798 196 68 nobili:
875 2798 125 68 sic
947 2798 143 68 sola
1036 2798 214 68 voluntas
1197 2798 268 68 beneplaciti
1411 2798 125 68 dei
1483 2798 125 68 est
1554 2798 161 68 ratio
1661 2798 161 68 quare
1768 2798 107 68 de
1804 2798 125 68 eadem

143 2846 162 71 massa
251 2846 252 71 aequaliter
449 2846 198 71 vitiata
593 2846 108 71 in
647 2846 162 71 primo
755 2846 198 71 parente
899 2846 162 71 istum
1007 2846 180 71 eligit
1133 2846 108 71 ad
1187 2846 216 71 gloriam:
1349 2846 162 71 illum
1457 2846 144 71 vero
1547 2846 216 71 dimittit
1709 2846 108 71 in
1745 2846 180 71 condemna

145 2906 199 64 tionem:
290 2906 127 64 vel
362 2906 163 64 etiam
471 2906 109 64 si
526 2906 127 64 non
598 2906 199 64 fuisset
743 2906 163 64 massa
852 2906 218 64 vitiata:
1015 2906 127 64 sed
1088 2906 163 64 omnes
1197 2906 199 64 homines
1342 2906 272 64 nascerentur
1559 2906 218 64 secundum
1723 2906 181 64 statum
1849 2906 109 64 in

139 2968 253 55 nocentiae:
338 2968 90 55 &
374 2968 181 55 essent
500 2968 217 55 aequales
662 2968 181 55 omnino
789 2968 108 55 in
843 2968 271 55 naturalibus
1060 2968 361 55 dispositionibus:
1366 2968 144 55 vnum
1457 2968 144 55 siue
1547 2968 108 55 de
1601 2968 162 55 massa
1709 2968 217 55 vitiata,
1854 2968 72 55 si

142 3012 103 54 ue
193 3012 103 54 de
245 3012 120 54 non
313 3012 189 54 vitiata
450 3012 120 54 non
519 3012 137 54 nisi
605 3012 206 54 gratuito
759 3012 223 54 eligeret:
931 3012 189 54 alterum
1068 3012 137 54 vero
1153 3012 257 54 dimitteret:
1359 3012 223 54 vtrobique
1531 3012 120 54 tam
1599 3012 171 54 electo
1719 3012 103 54 de
1771 3012 154 54 massa
1856 3012 69 54 vi

145 3066 145 67 tiata
242 3066 129 67 quam
323 3066 113 67 non
387 3066 178 67 vitiata
517 3066 194 67 faciendo
662 3066 178 67 gratiam
791 3066 129 67 illi
872 3066 129 67 quem
953 3066 210 67 eligeret:
1115 3066 113 67 sed
1179 3066 178 67 maiorem
1309 3066 162 67 electo
1422 3066 97 67 ex
1470 3066 145 67 massa
1567 3066 194 67 vitiata:
1713 3066 81 67 &
1745 3066 129 67 illi
1810 3066 113 67 iusti

141 3114 138 79 tiam
227 3114 138 79 quem
313 3114 103 79 ex
365 3114 155 79 massa
468 3114 190 79 damnata
606 3114 121 79 non
675 3114 224 79 eligeret:
847 3114 121 79 non
916 3114 155 79 autem
1020 3114 276 79 iniustitiam:
1244 3114 155 79 sicut
1347 3114 155 79 neque
1450 3114 258 79 iniustitiam
1657 3114 138 79 illi
1743 3114 138 79 quem
1812 3114 121 79 secun
