2455 3714
479 244 105 75 Et
531 244 122 75 est
601 244 139 75 ista
688 244 227 75 admonitio
862 244 244 75 imperfecta
1054 244 244 75 conuersio:
1246 244 122 75 qua
1315 244 244 75 disponitur
1507 244 122 75 non
1577 244 192 75 ponendo
1716 244 192 75 obiicem
1856 244 105 75 vt
1908 244 209 75 perfecte
2065 244 174 75 possit
2170 244 87 75 con

483 301 163 62 uerti.
597 301 130 62 Vnde
678 301 146 62 super
775 301 146 62 illud
873 301 146 62 psal.
971 301 114 62 vi.
1036 301 228 62 Convertere
1214 301 163 62 domine
1328 301 81 62 &
1361 301 146 62 eripe
1458 301 163 62 animam
1572 301 146 62 meam.
1670 301 146 62 dicit
1767 301 244 62 Augustinum.
1962 301 228 62 Conuertere
2125 301 130 62 domine

481 362 128 64 iet
554 362 128 64 fac
627 362 110 64 me
682 362 238 64 conuerti.
865 362 91 64 &
901 362 183 64 addit.
1029 362 165 64 Eripe
1139 362 183 64 animam
1267 362 165 64 meam,
1377 362 110 64 id
1432 362 128 64 est
1505 362 183 64 adiuua
1633 362 110 64 me
1688 362 110 64 vt
1743 362 274 64 perficiatur
1962 362 256 64 conuersio.
2145 362 110 64 Vnde

474 414 196 72 proprie
617 414 178 72 potest
742 414 143 72 dici
831 414 196 72 versio.
973 414 250 72 Prouerbio.
1169 414 143 72 xii.
1259 414 160 72 Verte
1366 414 178 72 impios
1490 414 89 72 &
1526 414 125 72 non
1597 414 178 72 erunt.
1722 414 143 72 Post
1811 414 160 72 istam
1918 414 160 72 autem
2007 414 250 72 admonitionem

477 473 186 68 tanquam
613 473 220 68 disposito
782 473 102 68 de
833 473 186 68 congruo
969 473 85 68 &
1003 473 153 68 iuste
1104 473 203 68 iustitia
1257 473 186 68 congrui
1392 473 119 68 dat
1460 473 102 68 ei
1511 473 186 68 habitum
1647 473 186 68 quendam
1782 473 186 68 gratiae
1918 473 170 68 gratis
2037 473 170 68 datae:
2155 473 136 68 quae

475 531 173 63 ipsum
590 531 212 63 liberum
744 531 250 63 arbitrium
937 531 135 63 sic
1014 531 250 63 conuertit
1206 531 116 63 vt
1264 531 193 63 habeat
1399 531 270 63 voluntatem
1611 531 135 63 non
1688 531 231 63 peccandi
1861 531 308 63 imperfectam:
2111 531 135 63 qua
2169 531 96 63 im-

484 583 204 72 perfecte
637 583 238 72 detestatur
824 583 204 72 peccare:
977 583 85 72 &
1011 583 238 72 imperfecte
1198 583 238 72 displicet.
1385 583 102 72 Et
1435 583 136 72 ista
1520 583 238 72 detestatio
1707 583 136 72 siue
1792 583 272 72 displicentia
2013 583 187 72 quaedam
2132 583 136 72 imper-

484 639 156 62 fecta
587 639 86 62 &
622 639 277 62 insufficiens
847 639 225 62 contritio
1020 639 138 62 est:
1106 639 138 62 quae
1192 639 190 62 vocatur
1331 639 225 62 attritio:
1503 639 121 62 qua
1573 639 156 62 tamen
1676 639 173 62 potens
1797 639 121 62 est
1866 639 242 62 desiderare
2057 639 138 62 sibi
2126 639 138 62 perfe-

477 695 149 66 ctam
570 695 260 66 voluntatem
775 695 130 66 non
849 695 223 66 peccandi
1016 695 167 66 dari:
1128 695 111 66 vt
1183 695 167 66 velit
1295 695 186 66 habere
1425 695 242 66 perfectam
1611 695 260 66 voluntatem
1815 695 130 66 non
1889 695 242 66 peccandi:
2075 695 149 66 quam
2168 695 130 66 non

477 751 126 57 dum
549 751 162 57 habet
657 751 126 57 nec
729 751 180 57 habere
855 751 180 57 potest
981 751 216 57 quousque
1143 751 234 57 receperit
1323 751 198 57 gratiam
1468 751 324 57 gratificantem.
1738 751 144 57 Vnde
1828 751 144 57 quia
1918 751 144 57 illa
2008 751 180 57 versio
2134 751 90 57 &
2152 751 108 57 ista

483 806 233 63 conuersio
663 806 126 63 non
734 806 233 63 differunt
914 806 144 63 nisi
1004 806 162 63 sicut
1111 806 233 63 completum
1291 806 90 63 &
1327 806 287 63 incompletum,
1560 806 162 63 multi
1668 806 126 63 non
1739 806 269 63 distinguunt
1955 806 144 63 gram
2045 806 179 63 gratis
2170 806 126 63 da-

478 863 132 70 tam
553 863 113 70 in
610 863 150 70 duo:
704 863 132 70 sed
779 863 132 70 aut
854 863 188 70 ponunt
986 863 169 70 solum
1099 863 207 70 impetum
1249 863 150 70 esse
1343 863 207 70 gratiam
1493 863 188 70 gratis
1625 863 188 70 datam:
1756 863 132 70 aut
1832 863 244 70 solummodo
2020 863 207 70 habitum
2151 863 113 70 prae

485 917 188 61 dictum.
622 917 120 61 Nec
690 917 120 61 est
759 917 103 61 in
810 917 120 61 hoc
879 917 120 61 vis
948 917 171 61 aliqua
1067 917 206 61 facienda
1222 917 103 61 si
1273 917 188 61 ponatur
1410 917 137 61 ista
1496 917 171 61 gratia
1616 917 171 61 gratis
1736 917 137 61 data
1821 917 171 61 aliquo
1941 917 137 61 alio
2027 917 137 61 modo
2113 917 154 61 dari:
2198 917 69 61 le

491 969 165 63 cundum
606 969 132 63 quod
688 969 148 63 dicit
787 969 247 63 Augustinus.
985 969 198 63 lxxxiii.
1133 969 115 63 qod
1199 969 99 63 q.
1248 969 165 63 lxiii.
1363 969 115 63 Nec
1429 969 148 63 velle
1528 969 181 63 quisque
1660 969 165 63 potest
1775 969 132 63 nisi
1857 969 214 63 admonitus
2022 969 82 63 &
2055 969 181 63 vocatus
2170 969 99 63 siue

482 1025 281 62 intrinsecus
707 1025 131 62 vbi
782 1025 188 62 nuilus
914 1025 150 62 homo
1007 1025 188 62 videt:
1139 1025 150 62 siue
1232 1025 281 62 extrinsecus
1458 1025 131 62 per
1533 1025 225 62 sermonem
1701 1025 225 62 sonantem
1870 1025 131 62 aut
1945 1025 131 62 per
2020 1025 188 62 aliqua
2133 1025 131 62 signa

487 1083 212 70 visibilia
650 1083 228 70 efficiatur
829 1083 98 70 vt
878 1083 147 70 etiam
976 1083 147 70 ipsum
1073 1083 147 70 velle
1171 1083 130 70 deus
1253 1083 196 70 operetur
1399 1083 98 70 in
1448 1083 163 70 nobis.
1562 1083 114 70 Qui
1628 1083 147 70 autem
1725 1083 196 70 postquam
1872 1083 261 70 acceptauerit
2084 1083 163 70 primam
2182 1083 65 70 ad

478 1143 242 59 monitionem
668 1143 208 59 repellit
824 1143 87 59 a
858 1143 104 59 se
910 1143 225 59 huiusmodi
1083 1143 190 59 gratiae
1222 1143 311 59 inclinationem:
1481 1143 190 59 obiicem
1620 1143 156 59 ponit
1724 1143 104 59 ad
1775 1143 190 59 gratiam
1914 1143 311 59 gratificantem.
2156 1143 104 59 vnde

484 1193 92 68 &
520 1193 222 68 iustitia
687 1193 166 68 digne
797 1193 111 68 ei
853 1193 258 68 denegatur:
1056 1193 92 68 &
1093 1193 148 68 ipse
1185 1193 111 68 in
1241 1193 203 68 peccato
1388 1193 258 68 induratur.
1591 1193 129 68 Qui
1665 1193 148 68 vero
1757 1193 129 68 eam
1831 1193 222 68 acceptat
1998 1193 222 68 iustitia
2145 1193 111 68 con-

490 1259 137 62 grui
576 1259 240 62 disponitur
765 1259 103 62 ad
816 1259 189 62 gratiam
954 1259 292 62 gratificantem
1194 1259 137 62 quam
1280 1259 137 62 deus
1366 1259 172 62 illico
1486 1259 155 62 eidem
1589 1259 206 62 confert:
1744 1259 120 62 qua
1812 1259 86 62 a
1847 1259 206 62 peccatis
2001 1259 223 62 mundatur.
2173 1259 120 62 Quo

485 1302 140 57 modo
572 1302 157 57 autem
677 1302 157 57 iuste
782 1302 157 57 licet
887 1302 315 57 misericorditer
1149 1302 140 57 isti
1236 1302 192 57 gratiam
1376 1302 297 57 gratificantem
1621 1302 210 57 confert:
1778 1302 87 57 &
1813 1302 157 57 iuste
1918 1302 140 57 illi
2005 1302 175 57 alteri
2128 1302 157 57 dene-

482 1355 133 77 gat:
566 1355 150 77 iuste
666 1355 133 77 dico
749 1355 200 77 iustitia
899 1355 184 77 accepta
1033 1355 100 77 ex
1083 1355 200 77 respectu
1233 1355 100 77 ad
1283 1355 317 77 praedestinatum:
1550 1355 133 77 bene
1634 1355 184 77 exponit
1767 1355 234 77 Augustinus
1951 1355 150 77 super
2051 1355 150 77 illud
2134 1355 117 77 Psal.

476 1415 175 55 xxxii.
598 1415 192 55 Diligit
738 1415 297 55 misericordiam
982 1415 87 55 &
1017 1415 227 55 iudicium,
1192 1415 192 55 dicens.
1332 1415 105 55 Ne
1384 1415 192 55 putetis
1524 1415 192 55 fratres
1664 1415 140 55 quia
1751 1415 140 55 ista
1839 1415 87 55 a
1874 1415 105 55 se
1926 1415 192 55 possint
2066 1415 105 55 in
2118 1415 122 55 deo
2171 1415 87 55 ali

477 1470 123 71 quo
548 1470 140 71 modo
635 1470 228 71 separari:
810 1470 245 71 omnipotens
1003 1470 123 71 est
1073 1470 158 71 deus:
1178 1470 158 71 neque
1284 1470 105 71 in
1336 1470 123 71 sua
1406 1470 280 71 misericordia
1634 1470 193 71 amittit
1774 1470 228 71 iudicium:
1950 1470 158 71 neque
2055 1470 105 71 in
2107 1470 123 71 suo
2177 1470 123 71 iu-

480 1537 156 58 dicio
584 1537 312 58 misericordiam:
844 1537 225 58 conuersis
1017 1537 104 58 ad
1069 1537 104 58 se
1121 1537 156 58 donat
1225 1537 208 58 peccata:
1382 1537 121 58 non
1451 1537 225 58 conuersis
1624 1537 121 58 non
1694 1537 173 58 donat:
1815 1537 243 58 misericors
2006 1537 121 58 est
2075 1537 225 58 iniustis:

479 1582 211 68 nunquid
632 1582 96 68 &
671 1582 230 68 iudicium
843 1582 211 68 amisit:
997 1582 134 68 aut
1074 1582 134 68 non
1150 1582 192 68 debuit
1285 1582 230 68 iudicare
1457 1582 173 68 inter
1572 1582 249 68 conuersos
1764 1582 96 68 &
1803 1582 134 68 non
1879 1582 269 68 conuersos:
2090 1582 115 68 an
2129 1582 134 68 nobis

480 1634 191 68 iustum
614 1634 211 68 videtur
767 1634 115 68 vt
824 1634 249 68 conuersus
1016 1634 96 68 &
1054 1634 134 68 non
1131 1634 249 68 conuersus
1322 1634 268 68 aequaliter
1533 1634 268 68 habeantur:
1743 1634 115 68 vt
1801 1634 172 68 eodem
1915 1634 153 68 modo
1992 1634 268 68 suscipiantur

477 1701 229 53 confitens
654 1701 88 53 &
689 1701 124 53 non
760 1701 247 53 confitens:
954 1701 194 53 humilis
1095 1701 88 53 &
1130 1701 229 53 superbus:
1307 1701 141 53 Ergo
1395 1701 159 53 habet
1501 1701 88 53 &
1536 1701 212 53 iudicium
1695 1701 106 53 in
1748 1701 300 53 misericordia:
1995 1701 177 53 rursus
2119 1701 106 53 in
2154 1701 106 53 illo

472 1744 190 62 iudicio
610 1744 155 62 habet
713 1744 310 62 misericordiam.
972 1744 155 62 ldem.
1075 1744 207 62 lxxxiii,
1230 1744 121 62 qod
1299 1744 103 62 q.
1351 1744 190 62 lxviii.
1489 1744 190 62 Prorsus
1627 1744 155 62 cuius
1730 1744 138 62 vult
1817 1744 224 62 miseretur
1989 1744 86 62 &
2024 1744 138 62 quem
2110 1744 138 62 vult
2196 1744 103 62 ob

477 1798 173 77 durat.
598 1798 121 77 Sed
667 1798 138 77 haec
753 1798 207 77 voluntas
909 1798 121 77 dei
978 1798 190 77 iniusta
1116 1798 138 77 esse
1203 1798 121 77 non
1272 1798 190 77 potest.
1410 1798 156 77 venit
1514 1798 138 77 enim
1600 1798 104 77 de
1652 1798 294 77 occultissimis
1894 1798 207 77 meritis:
2050 1798 138 77 quia
2136 1798 86 77 &
2153 1798 104 77 ipsi

481 1859 265 70 peccatores
689 1859 133 70 cum
765 1859 170 70 propt
879 1859 114 70 er
936 1859 227 70 generale
1106 1859 227 70 peccatum
1276 1859 151 70 vnam
1371 1859 189 70 massam
1504 1859 246 70 fecerunt:
1693 1859 133 70 non
1769 1859 170 70 tamen
1882 1859 170 70 nulla
1996 1859 133 70 est
2072 1859 170 70 inter
2166 1859 95 70 ips

474 1911 113 57 sos
538 1911 242 57 diuersitas.
732 1911 209 57 Praecedit
893 1911 129 57 ergo
973 1911 177 57 aliquid
1102 1911 97 57 in
1150 1911 258 57 peccatoribus
1360 1911 113 57 quo
1424 1911 177 57 quamuis
1553 1911 161 57 nondum
1666 1911 129 57 sint
1747 1911 242 57 iustificati
1940 1911 145 57 digni
2020 1911 242 57 efficianturiu

479 1967 288 64 stificatione:
716 1967 85 64 &
750 1967 152 64 recte
851 1967 220 64 praecedit
1020 1967 101 64 in
1071 1967 271 64 peccatoribus
1291 1967 152 64 aliis
1392 1967 118 64 quo
1460 1967 152 64 digni
1562 1967 135 64 sunt
1646 1967 237 64 obtusione.
1832 1967 85 64 &
1866 1967 152 64 infra
1967 1967 101 64 in
2018 1967 135 64 fine
2086 1967 169 64 quaestio

479 2019 136 61 nis.
564 2019 153 61 Illud
666 2019 153 61 tamen
768 2019 305 61 constantissima
1022 2019 136 61 fide
1107 2019 204 61 tenendum
1260 2019 136 61 est:
1345 2019 153 61 neque
1446 2019 204 61 quicquam
1599 2019 136 61 deum
1684 2019 187 61 iniuste
1820 2019 187 61 facere:
1956 2019 119 61 nec
2023 2019 153 61 vllam
2125 2019 136 61 esse
2193 2019 68 61 na

481 2080 157 65 turam
585 2080 139 65 quae
672 2080 122 65 non
742 2080 122 65 deo
812 2080 157 65 debet
916 2080 105 65 id
969 2080 139 65 quod
1056 2080 139 65 est.
1143 2080 139 65 ECCE
1230 2080 157 65 plane
1335 2080 192 65 quomodo
1474 2080 105 65 in
1527 2080 262 65 particulari
1736 2080 192 65 effectu
1875 2080 366 65 praedestinationis
2172 2080 87 65 cir

487 2132 109 60 ca
541 2132 145 60 hunc
632 2132 91 60 &
668 2132 163 60 circa
777 2132 163 60 illum
886 2132 127 60 est
958 2132 127 60 cum
1031 2132 290 60 misericordia
1266 2132 217 60 iustitia
1429 2132 109 60 in
1484 2132 217 60 respectu
1647 2132 109 60 ad
1701 2132 344 60 praedestinatum:
1991 2132 91 60 &
2027 2132 163 60 sicut
2136 2132 109 60 in
2172 2132 91 60 vno

483 2181 162 76 facto
591 2181 216 76 respectu
753 2181 162 76 vnius
861 2181 198 76 hominis
1005 2181 108 76 in
1059 2181 126 76 vno
1131 2181 216 76 tempore:
1293 2181 126 76 sic
1365 2181 90 76 &
1400 2181 306 76 vniuersaliter
1652 2181 108 76 in
1706 2181 144 76 omni
1796 2181 198 76 effectu
1922 2181 342 76 praedestinationis

492 2251 161 57 circa
600 2251 143 57 vnum
689 2251 125 57 pro
761 2251 143 57 tota
850 2251 143 57 vita
940 2251 161 57 eius:
1048 2251 90 57 &
1083 2251 161 57 sicut
1191 2251 305 57 vniuersaliter
1442 2251 108 57 in
1496 2251 143 57 omni
1585 2251 161 57 circa
1693 2251 161 57 vnum:
1800 2251 125 57 sic
1872 2251 90 57 &
1908 2251 305 57 vniuersaliter
2141 2251 125 57 circa

483 2303 180 60 totum
603 2303 180 60 genus
723 2303 240 60 humanum.
903 2303 160 60 Quia
1003 2303 240 60 secundum
1183 2303 200 60 Grego.
1323 2303 200 60 xxvii.
1464 2303 180 60 mora.
1584 2303 180 60 summa
1704 2303 180 60 regit
1824 2303 120 60 vt
1884 2303 140 60 non
1964 2303 320 60 praepediatur
2204 2303 60 60 a

489 2350 179 69 paruis:
619 2350 147 69 aeque
717 2350 163 69 cuncta
831 2350 212 69 disponit.
994 2350 130 69 Vnde
1076 2350 228 69 Augustium.
1255 2350 196 69 lxxxiii,
1402 2350 114 69 qud
1467 2350 114 69 vbi
1532 2350 163 69 supra.
1646 2350 114 69 Hoc
1712 2350 147 69 autem
1809 2350 130 69 siue
1891 2350 98 69 in
1940 2350 196 69 singulis
2087 2350 82 69 &
2119 2350 179 69 caeter-

487 2409 117 63 vt
545 2409 136 63 iam
623 2409 175 63 infra
739 2409 233 63 dicetur.
914 2409 155 63 Vnde
1011 2409 175 63 sicut
1128 2409 97 63 &
1167 2409 117 63 in
1225 2409 330 63 conuersatione
1497 2409 214 63 publica
1653 2409 233 63 secundum
1827 2409 194 63 cursum
1963 2409 233 63 communem
2119 2409 136 63 legis

487 2466 197 60 diuinae
630 2466 197 60 dominus
773 2466 125 60 non
845 2466 161 60 facit
952 2466 304 60 misericordiam
1203 2466 143 60 nisi
1293 2466 215 60 facienti
1454 2466 322 60 misericordiam:
1722 2466 125 60 sic
1794 2466 89 60 &
1829 2466 107 60 in
1883 2466 197 60 priuato
2026 2466 197 60 dominus
2170 2466 125 60 non

484 2511 162 70 facit
592 2511 306 70 misericordiam
844 2511 144 70 nisi
934 2511 198 70 sibimet
1078 2511 306 70 misericordiam
1330 2511 198 70 fecerit
1473 2511 288 70 acquiescendo
1707 2511 198 70 diuinae
1851 2511 288 70 admonitioni.
2085 2511 108 70 De
2139 2511 162 70 quami

483 2565 248 73 sericordia
678 2565 195 73 dicitur
819 2565 230 73 Ecclesia.
996 2565 142 73 xxx.
1085 2565 212 73 Miserere
1244 2565 177 73 animae
1368 2565 142 73 tuae
1456 2565 195 73 placens
1598 2565 142 73 deo:
1686 2565 88 73 &
1722 2565 212 73 congrega
1881 2565 124 73 cor
1952 2565 142 73 tuum
2040 2565 106 73 in
2075 2565 195 73 sanctita-

486 2617 105 74 te
539 2617 158 74 eius.
645 2617 141 74 Vnde
733 2617 246 74 Augustinus
926 2617 141 74 post
1014 2617 229 74 praedicta
1190 2617 229 74 immediate
1365 2617 193 74 subdit.
1506 2617 158 74 Beati
1612 2617 176 74 inquit
1735 2617 281 74 misericordes
1963 2617 193 74 quoniam
2104 2617 193 74 ipsorum

483 2678 291 71 miserebitur.
719 2678 109 71 Si
774 2678 145 71 enim
865 2678 127 71 non
937 2678 109 71 in
992 2678 236 71 quemlibet
1173 2678 127 71 sed
1246 2678 109 71 in
1301 2678 127 71 eum
1373 2678 145 71 erit
1464 2678 291 71 misericordia
1701 2678 127 71 qui
1773 2678 273 71 praerogauit
1973 2678 291 71 misericordiam:

480 2726 93 75 &
518 2726 148 75 ipsa
610 2726 297 75 misericordia
852 2726 167 75 iusta
963 2726 148 75 erit
1056 2726 148 75 quia
1149 2726 204 75 confusa
1297 2726 130 75 non
1371 2726 148 75 est.
1464 2726 111 75 Et
1520 2726 167 75 sicut
1631 2726 148 75 post
1724 2726 186 75 primam
1854 2726 297 75 admonitionem
2095 2726 130 75 qua
2151 2726 111 75 domi

484 2783 124 70 nus
555 2783 177 70 omnino
679 2783 229 70 praeuenit
855 2783 265 70 peccatorem,
1067 2783 141 70 vsus
1155 2783 159 70 bonus
1261 2783 177 70 liberi
1385 2783 212 70 arbitrii
1543 2783 177 70 saltem
1667 2783 212 70 negatiue
1826 2783 124 70 est
1896 2783 159 70 ratio
2002 2783 247 70 conferendi
2179 2783 88 70 pri

485 2843 131 68 mam
560 2843 206 68 gratiam
710 2843 187 68 gratis
841 2843 187 68 datam:
972 2843 94 68 &
1010 2843 169 68 bonus
1122 2843 150 68 vsus
1216 2843 169 68 circa
1328 2843 169 68 illam
1441 2843 131 68 est
1516 2843 169 68 ratio
1628 2843 262 68 conferendi
1834 2843 206 68 gratiam
1965 2843 300 68 gratificantem:

479 2894 129 63 sic
552 2894 166 63 bonus
663 2894 147 63 vsus
755 2894 166 63 circa
865 2894 166 63 ipsam
976 2894 110 63 in
1031 2894 258 63 cooperando
1233 2894 129 63 est
1307 2894 166 63 ratio
1417 2894 276 63 augmentandi
1638 2894 184 63 ipsam:
1767 2894 92 63 &
1804 2894 166 63 bonus
1914 2894 147 63 vsus
2006 2894 166 63 circa
2098 2894 166 63 augmen-

485 2938 159 74 tatam
591 2938 123 74 est
662 2938 159 74 ratio
767 2938 264 74 perficiendi
979 2938 176 74 ipsam:
1102 2938 88 74 &
1138 2938 159 74 bonus
1243 2938 141 74 vsus
1332 2938 159 74 circa
1437 2938 247 74 perfectam,
1631 2938 106 74 in
1684 2938 159 74 ipsam
1790 2938 229 74 finaliter
1966 2938 282 74 custodiendo,
2178 2938 88 74 est

487 3001 151 57 ratio
588 3001 184 57 gloriam
722 3001 117 57 pro
789 3001 167 57 gratia
906 3001 251 57 conferendi.
1107 3001 100 57 Et
1157 3001 151 57 sicut
1257 3001 268 57 particularis
1475 3001 134 57 vsus
1559 3001 167 57 liberi
1676 3001 201 57 arbitrii
1827 3001 117 57 est
1894 3001 151 57 ratio
1994 3001 184 57 partis:
2128 3001 117 57 sic
2178 3001 84 57 to-

481 3050 118 59 tus
549 3050 135 59 vsus
633 3050 118 59 per
700 3050 152 59 totam
802 3050 152 59 vitam
903 3050 118 59 est
970 3050 152 59 ratio
1071 3050 186 59 totius:
1206 3050 84 59 &
1240 3050 219 59 similiter
1409 3050 236 59 electionis
1594 3050 219 59 aeternae:
1763 3050 84 59 &
1797 3050 152 59 sicut
1898 3050 101 59 in
1949 3050 135 59 vno,
2033 3050 118 59 sic
2100 3050 84 59 &
2134 3050 101 59 in
2168 3050 101 59 toto

482 3110 197 70 humano
620 3110 217 70 genere:
778 3110 118 70 vt
837 3110 236 70 secundum
1014 3110 138 70 hoc
1093 3110 98 70 &
1132 3110 138 70 hoc
1211 3110 177 70 modo,
1329 3110 138 70 quo
1408 3110 118 70 ad
1467 3110 177 70 totum
1585 3110 177 70 genus
1703 3110 236 70 humanum,
1880 3110 276 70 assignemus
2097 3110 197 70 intrin

482 3157 160 90 secam
589 3157 231 90 rationem:
767 3157 89 90 &
802 3157 125 90 quo
874 3157 107 90 ad
927 3157 160 90 totum
1034 3157 160 90 genus
1140 3157 213 90 humanum:
1300 3157 89 90 &
1336 3157 125 90 quo
1407 3157 107 90 ad
1461 3157 249 90 quemlibet,
1656 3157 125 90 sed
1727 3157 107 90 in
1781 3157 213 90 generali
1941 3157 196 90 tantum,
2083 3157 160 90 quare
2172 3157 89 90 ali
