2452 3692
210 272 218 80 Commentator
385 272 116 80 supe
457 272 145 80 primum
559 272 160 80 metaph.
675 272 102 80 tum
733 272 116 80 quia
806 272 102 80 non
864 272 189 80 quodlibet
1009 272 116 80 agit
1081 272 87 80 in
1125 272 189 80 quodlibet
1270 272 102 80 sed
1328 272 131 80 solum
1415 272 203 80 contrarium
1575 272 87 80 in
1619 272 218 80 contrarium:
1793 272 116 80 quid
1865 272 102 80 est
1909 272 87 80 tale

200 340 95 76 in
248 340 191 76 potentia
391 340 143 76 quale
486 340 111 76 est
550 340 143 76 agens
645 340 95 76 in
693 340 159 76 actum,
804 340 127 76 quid
884 340 111 76 non
947 340 111 76 est
1011 340 127 76 nisi
1090 340 159 76 habens
1201 340 159 76 formam
1313 340 223 76 generandam
1487 340 95 76 in
1535 340 191 76 potentia
1678 340 207 76 materiae:
1821 340 175 76 cuiusmodi

192 399 106 68 non
253 399 106 68 est
313 399 137 68 anima
404 399 228 68 rationalis.
586 399 91 68 Si
632 399 121 68 vero
708 399 182 68 intendit
844 399 182 68 generare
981 399 137 68 aliam
1072 399 91 68 de
1118 399 182 68 potentia
1254 399 197 68 materiae:
1406 399 106 68 cum
1467 399 106 68 non
1527 399 197 68 corrumpit
1679 399 212 68 contrarium
1846 399 121 68 nisi
1907 399 91 68 quia

194 454 186 70 generat
329 454 186 70 simile,
465 454 186 70 oportet
600 454 135 70 ergo
685 454 135 70 quod
769 454 254 70 corrumpendo
972 454 169 70 formam
1091 454 186 70 seminis
1226 454 152 70 aliam
1327 454 169 70 formam
1446 454 203 70 generet.
1598 454 118 70 Aut
1666 454 135 70 ergo
1750 454 135 70 illa
1818 454 169 70 disponit

206 508 95 71 ad
254 508 158 71 animam
365 508 269 71 intellectiuam
586 508 253 71 suscipiendam
792 508 222 71 immediate,
966 508 111 71 aut
1030 508 127 71 non.
1109 508 95 71 Si
1157 508 127 71 non,
1236 508 143 71 illam
1331 508 127 71 ergo
1410 508 206 71 corrumpit
1568 508 79 71 &
1600 508 143 71 aliam
1695 508 190 71 generat:
1838 508 79 71 &
1869 508 111 71 hoc
1933 508 95 71 in

204 560 246 66 infinitum:
398 560 123 66 aut
468 560 123 66 est
538 560 158 66 stare
644 560 105 66 in
697 560 176 66 aliqua
820 560 211 66 generata
978 560 123 66 per
1048 560 193 66 naturam
1189 560 264 66 disponentem
1399 560 105 66 ad
1452 560 176 66 animae
1575 560 299 66 susceptionem.
1821 560 141 66 Quod
1892 560 105 66 pro-

209 624 213 57 culdubio
369 624 249 57 sentiebant
564 624 249 57 philosophi
760 624 320 57 qualitercumque
1026 624 213 57 ponebant
1186 624 178 57 animam
1310 624 160 57 vniri
1417 624 213 57 corpori:
1577 624 142 57 siue
1665 624 107 57 vt
1719 624 195 57 motorem
1843 624 142 57 tantum

203 668 143 72 siue
292 668 107 72 vt
346 668 178 72 formam
471 668 89 72 &
507 668 178 72 actum.
632 668 143 72 Vnde
721 668 214 72 Auicenna
881 668 214 72 postquam
1042 668 107 72 in
1096 668 178 72 quarto
1221 668 286 72 metaphysicae
1453 668 143 72 suae
1542 668 214 72 probauit
1702 668 161 72 iuxta
1810 668 161 72 modum
1899 668 89 72 phi

206 722 235 65 losophorum
391 722 151 65 nihil
491 722 151 65 posse
592 722 134 65 esse
676 722 134 65 post
760 722 117 65 non
827 722 134 65 esse
911 722 134 65 nisi
995 722 117 65 per
1062 722 185 65 aliquid
1196 722 268 65 praeexistens
1414 722 101 65 in
1465 722 218 65 potentia:
1633 722 101 65 vt
1683 722 201 65 amoueret
1834 722 185 65 instan-

203 776 130 64 tiam
284 776 130 64 quae
365 776 130 64 sibi
446 776 130 64 dari
527 776 162 64 posset
641 776 97 64 de
690 776 146 64 anima
787 776 227 64 rationali,
966 776 162 64 dicit.
1079 776 114 64 Non
1144 776 162 64 potest
1258 776 130 64 esse
1339 776 97 64 vt
1388 776 97 64 ei
1436 776 130 64 quod
1517 776 195 64 permanet
1663 776 195 64 existens
1809 776 114 64 per
1874 776 97 64 se
1907 776 81 64 non

200 829 105 59 in
253 829 210 59 subiecto
411 829 123 59 nec
481 829 105 59 de
533 829 210 59 subiecto
691 829 158 59 nullo
796 829 140 59 modo
884 829 123 59 sit
954 829 140 59 esse
1041 829 140 59 post
1129 829 123 59 non
1199 829 158 59 esse:
1304 829 123 59 sed
1374 829 210 59 oporteat
1532 829 105 59 vt
1584 829 193 59 pendeat
1724 829 175 59 aliquo
1847 829 140 59 modo
1917 829 70 59 ex

202 882 185 69 subiecto
340 882 93 69 ad
387 882 108 69 hoc
449 882 93 69 vt
495 882 123 69 sit.
572 882 108 69 Cum
634 882 139 69 autem
726 882 170 69 fuerit,
850 882 108 69 est
912 882 108 69 res
973 882 123 69 quae
1050 882 108 69 est
1112 882 185 69 existens
1251 882 108 69 per
1313 882 108 69 se:
1375 882 108 69 sed
1436 882 108 69 est
1498 882 93 69 ex
1544 882 154 69 aliquo
1652 882 108 69 vel
1714 882 108 69 cum
1776 882 123 69 esse
1838 882 154 69 alterius

200 937 83 71 a
234 937 117 71 se.
300 937 167 71 Primum
417 937 133 71 vero
500 937 117 71 est
567 937 150 71 sicut
667 937 183 71 corpus:
800 937 133 71 quid
884 937 117 71 est
950 937 100 71 ex
1000 937 133 71 hyle
1084 937 83 71 &
1117 937 167 71 forma.
1234 937 200 71 secundum
1384 937 117 71 est
1451 937 150 71 sicut
1551 937 167 71 animae
1667 937 233 71 rationales
1851 937 117 71 cum
1901 937 83 71 ge-

195 988 235 68 neratione
376 988 235 68 corporum.
556 988 108 68 De
611 988 127 68 quo
683 988 145 68 post
773 988 199 68 modicum
918 988 181 68 subdit
1044 988 199 68 dicens.
1189 988 163 68 Anima
1297 988 181 68 quoque
1424 988 127 68 non
1496 988 217 68 prouenit
1659 988 145 68 nisi
1749 988 127 68 per
1821 988 145 68 esse
1894 988 90 68 sub

200 1043 162 58 iecti:
313 1043 81 58 &
346 1043 260 58 possibilitas
557 1043 114 58 sui
622 1043 130 58 esse
703 1043 97 58 in
752 1043 195 58 subiecto
898 1043 114 58 est
963 1043 195 58 existens
1110 1043 114 58 per
1175 1043 162 58 illud:
1288 1043 179 58 propter
1418 1043 114 58 hoc
1483 1043 130 58 quod
1565 1043 130 58 illa
1646 1043 179 58 materia
1760 1043 227 58 appropriatur

199 1099 163 55 sibi:
308 1099 91 55 &
344 1099 145 55 quia
434 1099 163 55 anima
543 1099 127 55 non
615 1099 163 55 habet
724 1099 145 55 esse
815 1099 145 55 post
905 1099 127 55 non
978 1099 145 55 esse
1068 1099 145 55 nisi
1159 1099 127 55 cum
1231 1099 181 55 fuerit
1358 1099 145 55 esse
1449 1099 235 55 corporeum
1630 1099 217 55 secundum
1793 1099 163 55 modum
1883 1099 109 55 com-

192 1152 197 64 mixtionis
343 1152 106 64 per
404 1152 121 64 quem
480 1152 167 64 aptatur
601 1152 136 64 fieri
692 1152 243 64 instrumentum
889 1152 136 64 eius:
980 1152 76 64 &
1011 1152 106 64 per
1071 1152 121 64 quem
1147 1152 227 64 discernitur
1329 1152 197 64 certitudo
1481 1152 121 64 suae
1556 1152 136 64 nouae
1647 1152 243 64 inceptionis.
1844 1152 121 64 tunc
1905 1152 91 64 enim

200 1215 111 60 cum
264 1215 159 60 fuerit
375 1215 96 60 in
423 1215 143 60 illis
518 1215 223 60 corporibus
694 1215 223 60 pluralitas
869 1215 143 60 huius
964 1215 271 60 commixtionis,
1187 1215 127 60 erit
1267 1215 255 60 possibilitas
1474 1215 175 60 essendi
1601 1215 175 60 animam.
1728 1215 143 60 Illam
1824 1215 127 60 ergo
1887 1215 96 60 for-

196 1263 116 64 mam
262 1263 264 64 conmixtionis
476 1263 231 64 corporalis
658 1263 231 64 adueniente
839 1263 149 64 anima
938 1263 264 64 intellectiua
1153 1263 116 64 aut
1219 1263 198 64 corrumpi
1367 1263 182 64 necesse
1499 1263 132 64 est:
1582 1263 116 64 aut
1648 1263 165 64 manere
1763 1263 149 64 simul
1862 1263 99 64 in
1895 1263 99 64 mate

195 1319 103 62 ria
254 1319 103 62 cum
313 1319 133 62 anima
402 1319 251 62 intellectiua.
609 1319 177 62 Corrumpi
742 1319 89 62 ab
787 1319 118 62 illa
860 1319 148 62 omnino
964 1319 103 62 non
1023 1319 148 62 potest
1127 1319 237 62 naturaliter:
1319 1319 118 62 quia
1393 1319 148 62 nullam
1496 1319 266 62 contrarietatem
1718 1319 133 62 habet
1807 1319 133 62 forma
1881 1319 103 62 super

198 1364 206 63 naturalis
357 1364 95 63 ad
404 1364 159 63 formam
516 1364 222 63 naturalem:
690 1364 79 63 &
722 1364 143 63 nihil
817 1364 206 63 corrumpit
976 1364 143 63 aliud
1071 1364 127 63 nisi
1151 1364 111 63 per
1214 1364 286 63 contrarietatem
1452 1364 95 63 ad
1500 1364 159 63 ipsum.
1611 1364 143 63 Neque
1690 1364 286 63 supernaturaliter

197 1427 120 59 quia
272 1427 90 59 in
317 1427 225 59 generatione
497 1427 165 59 hominis
617 1427 105 59 non
677 1427 165 59 oportet
797 1427 180 59 quaerere
932 1427 135 59 aliud
1022 1427 195 59 miraculum
1172 1427 120 59 quam
1247 1427 150 59 animae
1352 1427 210 59 creationem
1517 1427 75 59 &
1547 1427 225 59 infusionem.
1727 1427 165 59 Oportet
1847 1427 150 59 igitur
1937 1427 60 59 vt

199 1469 121 66 illa
274 1469 136 66 forma
365 1469 226 66 naturalitur
546 1469 151 66 genita
651 1469 91 66 de
697 1469 181 66 potentia
832 1469 181 66 materiae
968 1469 151 66 maneat
1074 1469 91 66 in
1119 1469 151 66 homine
1225 1469 136 66 simul
1315 1469 106 66 cum
1376 1469 136 66 anima
1466 1469 241 66 intellectiua
1662 1469 302 66 supernaturaliter
1903 1469 91 66 infu

204 1526 104 69 sa.
263 1526 118 69 Quod
337 1526 178 69 expresse
471 1526 178 69 testatur
604 1526 207 69 Augustinus
767 1526 118 69 iii.
841 1526 133 69 libro
930 1526 89 69 de
974 1526 207 69 trinitate,
1137 1526 163 69 dicens.
1255 1526 104 69 Est
1315 1526 133 69 certe
1404 1526 89 69 in
1448 1526 163 69 corpore
1566 1526 148 69 humano
1670 1526 163 69 quaedam
1789 1526 133 69 moles
1863 1526 118 69 carnis

208 1578 83 61 &
242 1578 165 61 formae
357 1578 182 61 species
490 1578 83 61 &
523 1578 132 61 ordo
606 1578 281 61 distinctioque
837 1578 215 61 membrorum
1003 1578 83 61 &
1036 1578 232 61 temperatio
1218 1578 265 61 valitudinis.
1433 1578 116 61 Hoc
1499 1578 165 61 corpus
1615 1578 215 61 inspirata
1780 1578 149 61 anima
1863 1578 116 61 regit

204 1635 187 66 eademque
345 1635 234 66 rationalis.
532 1635 125 66 Nisi
610 1635 125 66 enim
689 1635 109 66 sic
751 1635 156 66 esset,
860 1635 219 66 nullatenus
1032 1635 187 66 virginem
1173 1635 156 66 Mariam
1282 1635 219 66 genitricem
1454 1635 172 66 Christi
1579 1635 156 66 fuisse
1688 1635 187 66 possemus
1813 1635 172 66 profiteri

205 1687 179 57 secundum
340 1687 164 57 carnem.
459 1687 105 57 Non
519 1687 105 57 est
579 1687 120 57 enim
654 1687 135 57 pater
743 1687 105 57 vel
803 1687 135 57 mater
893 1687 179 57 secundum
1027 1687 149 57 carnem
1132 1687 120 57 quia
1207 1687 90 57 ab
1251 1687 90 57 eo
1296 1687 224 57 discinditur
1476 1687 164 57 materia
1595 1687 120 57 quae
1670 1687 135 57 forma
1760 1687 149 57 carnis
1864 1687 90 57 ab
1894 1687 90 57 alio

201 1740 161 58 agente
314 1740 242 58 informatur:
507 1740 113 58 sed
571 1740 129 58 quia
652 1740 177 58 virtute
781 1740 161 58 semini
893 1740 161 58 infusa
1006 1740 97 58 ab
1054 1740 129 58 ipsa
1135 1740 145 58 forma
1231 1740 177 58 seminis
1360 1740 113 58 non
1425 1740 145 58 solum
1521 1740 258 58 corrumpitur:
1730 1740 113 58 sed
1795 1740 97 58 de
1827 1740 161 58 potentia

198 1792 193 61 materiae
343 1792 145 61 forma
439 1792 161 61 carnis
551 1792 225 61 generatur.
728 1792 129 61 Hinc
808 1792 145 61 dicit
905 1792 225 61 Augustinus
1081 1792 96 61 de
1130 1792 129 61 fide
1210 1792 96 61 ad
1258 1792 177 61 Petrum.
1387 1792 112 61 Sic
1451 1792 112 61 eum
1515 1792 145 61 verum
1612 1792 177 61 hominem
1740 1792 161 61 crede,
1852 1792 96 61 vt
1885 1792 96 61 eius

202 1847 142 66 carnem
301 1847 99 66 non
358 1847 198 66 caelestis,
514 1847 99 66 non
570 1847 156 66 aereae,
684 1847 85 66 no
726 1847 170 66 alterius
854 1847 184 66 cuiusquam
995 1847 128 66 putes
1080 1847 113 66 esse
1151 1847 170 66 naturae:
1279 1847 99 66 sed
1335 1847 113 66 eius
1406 1847 128 66 cuius
1491 1847 99 66 est
1548 1847 170 66 hominium
1675 1847 113 66 caro
1746 1847 85 66 id
1789 1847 99 66 es.
1845 1847 113 66 quam
1902 1847 85 66 ipse

203 1899 125 69 deus
282 1899 156 69 homini
391 1899 141 69 primo
485 1899 94 69 de
532 1899 141 69 terra
626 1899 219 69 plasmauit:
798 1899 78 69 &
829 1899 188 69 caeteris
970 1899 203 69 hominibus
1126 1899 172 69 plasmat
1251 1899 109 69 per
1314 1899 266 69 propagationem
1533 1899 94 69 ex
1579 1899 219 69 hominibus.
1751 1899 78 69 &
1783 1899 172 69 quomodo
1908 1899 109 69 hoc

197 1949 156 61 statim
306 1949 156 61 subdit
416 1949 171 61 dicens.
540 1949 218 61 Caeterorum
712 1949 125 61 vero
789 1949 187 61 hominium
930 1949 156 61 carnem
1039 1949 109 61 per
1101 1949 171 61 humanum
1226 1949 156 61 certum
1335 1949 109 61 est
1397 1949 140 61 nasci
1490 1949 218 61 concubitum
1662 1949 125 61 viro
1740 1949 218 61 seminante,
1896 1949 93 61 foe-

202 2013 112 62 mina
272 2013 112 62 vero
342 2013 225 62 concipiente.
525 2013 112 62 Ecce
595 2013 112 62 quod
665 2013 140 62 aparte
764 2013 197 62 profitetur
918 2013 197 62 Augustinus
1072 2013 140 62 carnem
1171 2013 183 62 propagari
1311 2013 84 62 ex
1353 2013 197 62 hominibus:
1508 2013 112 62 quid
1578 2013 154 62 numquam
1690 2013 197 62 profitetur
1845 2013 84 62 de
1887 2013 126 62 anima

205 2066 216 62 rationali.
374 2066 108 62 Non
436 2066 123 62 ergo
513 2066 216 62 rationalis
682 2066 139 62 anima
775 2066 108 62 dat
836 2066 154 62 formam
944 2066 169 62 carnis:
1067 2066 108 62 sed
1129 2066 108 62 per
1191 2066 216 62 generantes
1360 2066 108 62 est
1422 2066 92 62 de
1468 2066 185 62 potentia
1607 2066 185 62 materiae
1745 2066 169 62 educta.
1869 2066 108 62 NEC
1915 2066 77 62 est

208 2116 231 58 differentia
393 2116 93 58 in
439 2116 108 58 hoc
501 2116 93 58 in
547 2116 231 58 generatione
732 2116 154 58 carnis
840 2116 170 58 Christi
963 2116 77 58 &
994 2116 185 58 aliorum:
1133 2116 123 58 nisi
1210 2116 123 58 quod
1287 2116 139 58 mater
1380 2116 123 58 sola
1457 2116 108 58 cum
1518 2116 170 58 spiritu
1642 2116 154 58 sancto
1750 2116 123 58 egit
1827 2116 185 58 quicquid

201 2166 94 58 in
248 2166 235 58 generatione
437 2166 157 58 carnis
547 2166 173 58 aliorum
672 2166 188 58 hominium
813 2166 141 58 agere
908 2166 157 58 solent
1018 2166 141 58 pater
1112 2166 78 58 &
1143 2166 157 58 mater:
1253 2166 94 58 vt
1300 2166 157 58 ibidem
1410 2166 157 58 innuit
1520 2166 235 58 Augustgius.
1708 2166 126 58 Vnde
1787 2166 141 58 dicit
1865 2166 110 58 Ambro

205 2223 121 60 sius
280 2223 90 60 in
325 2223 136 60 libro
416 2223 90 60 de
461 2223 241 60 incarnatione
657 2223 166 60 domini.
778 2223 105 60 Cum
838 2223 241 60 generationis
1034 2223 151 60 fuerit
1139 2223 166 60 diuersa
1260 2223 121 60 cam,
1335 2223 151 60 carnis
1441 2223 136 60 tamen
1531 2223 90 60 in
1576 2223 166 60 Christo
1697 2223 105 60 cum
1757 2223 196 60 hominibus
1893 2223 90 60 omni

208 2274 122 53 bus
277 2274 122 53 vna
347 2274 174 53 natura
468 2274 139 53 est,
555 2274 174 53 partus
677 2274 139 53 enim
764 2274 209 53 virginis
920 2274 122 53 non
990 2274 191 53 naturam
1129 2274 191 53 mutauit
1268 2274 122 53 sed
1338 2274 226 53 generandi
1512 2274 139 53 vsum
1599 2274 209 53 nouauit.
1755 2274 191 53 denique
1877 2274 104 53 caro

200 2327 97 60 de
248 2327 146 60 carne
346 2327 130 60 nata
427 2327 130 60 est:
508 2327 162 60 habuit
622 2327 97 60 de
671 2327 114 60 suo
736 2327 146 60 virgo
833 2327 130 60 quod
915 2327 211 60 traderet:
1077 2327 114 60 non
1142 2327 179 60 alienum
1272 2327 146 60 dedit
1370 2327 162 60 mater:
1483 2327 114 60 sed
1548 2327 195 60 proprium
1695 2327 81 60 e
1727 2327 227 60 visceribus
1890 2327 97 60 suis

201 2381 197 69 contulit
349 2381 214 69 inusitato
513 2381 148 69 modo:
612 2381 115 69 sed
678 2381 181 69 vsitato
809 2381 181 69 munere.
941 2381 164 69 Habuit
1056 2381 132 69 ergo
1138 2381 164 69 carnem
1253 2381 148 69 virgo
1352 2381 164 69 quando
1467 2381 181 69 naturae
1599 2381 197 69 solemnis
1747 2381 132 69 mter
1813 2381 164 69 transcri

196 2434 132 63 psit
278 2434 99 63 in
327 2434 181 63 foetum.
459 2434 115 63 Hic
525 2434 148 63 etiam
624 2434 148 63 dicit
723 2434 231 63 Damascenus
904 2434 148 63 libro
1003 2434 132 63 iii.
1085 2434 132 63 cap.
1168 2434 115 63 ii.
1234 2434 181 63 purgans
1365 2434 148 63 ipsam
1464 2434 82 63 &
1497 2434 198 63 virtutem
1645 2434 247 63 susceptiuam
1843 2434 115 63 dei
1893 2434 82 63 ver

195 2488 100 70 bi
245 2488 217 70 tribuens,
412 2488 150 70 simul
512 2488 150 70 autem
613 2488 83 70 &
646 2488 267 70 generatiuam,
863 2488 234 70 construxit
1046 2488 134 70 sibi
1130 2488 100 70 ex
1180 2488 167 70 castis
1297 2488 83 70 &
1330 2488 234 70 purissimis
1514 2488 250 70 sanguinibus
1714 2488 200 70 virginis
1847 2488 134 70 carnem

193 2541 168 73 puram.
311 2541 185 73 QVANtum
446 2541 101 73 ad
496 2541 219 73 secundum,
665 2541 185 73 oportet
800 2541 152 73 firma
901 2541 135 73 fide
985 2541 185 73 tenere:
1120 2541 135 73 quod
1204 2541 152 73 verum
1305 2541 168 73 corpus
1423 2541 135 73 idem
1507 2541 168 73 numero
1625 2541 168 73 omnino
1743 2541 135 73 quod
1827 2541 152 73 viuum
1912 2541 67 73 pe

206 2595 161 66 debat
313 2595 107 66 in
367 2595 179 66 cruce,
492 2595 197 66 mortuum
635 2595 197 66 iacebat
778 2595 107 66 in
831 2595 232 66 sepulcro:
1010 2595 89 66 &
1046 2595 125 66 hoc
1117 2595 179 66 maxime
1242 2595 197 66 propter
1385 2595 161 66 verba
1493 2595 268 66 sacramenti.
1707 2595 125 66 Hoc
1778 2595 125 66 est
1832 2595 143 66 corpus

191 2659 153 55 meum,
293 2659 170 55 quibus
412 2659 255 55 consecratum
616 2659 187 55 fuisset
752 2659 102 55 in
803 2659 170 55 triduo
922 2659 153 55 verum
1024 2659 170 55 corpus
1142 2659 187 55 Christi
1278 2659 204 55 mortuum:
1431 2659 153 55 sicut
1533 2659 187 55 ipsemet
1669 2659 255 55 consecrauit
1856 2659 119 55 verum

203 2698 141 58 corpus
301 2698 113 58 suum
372 2698 127 58 viuum
456 2698 84 58 vt
499 2698 127 58 infra
583 2698 169 58 patebit.
710 2698 127 58 Patet
794 2698 141 58 igitur
893 2698 84 58 ex
935 2698 127 58 istis
1020 2698 141 58 duobus
1118 2698 113 58 quid
1189 2698 169 58 dicendum
1315 2698 113 58 est.
1386 2698 141 58 quonia
1484 2698 169 58 scilicet
1611 2698 127 58 anima
1695 2698 155 58 Christi
1808 2698 169 58 separata
1921 2698 56 58 re

200 2756 167 66 mansit
317 2756 167 66 aliqua
434 2756 150 66 forma
534 2756 100 66 in
584 2756 184 66 corpore
718 2756 134 66 suo:
801 2756 117 66 qua
868 2756 134 66 erat
952 2756 184 66 vniuoce
1085 2756 167 66 corpus
1202 2756 150 66 sicut
1302 2756 150 66 prius
1402 2756 167 66 viuum.
1519 2756 117 66 Cum
1586 2756 134 66 enim
1669 2756 167 66 corpus
1786 2756 150 66 habet
1870 2756 100 66 esse

195 2802 77 67 a
225 2802 153 67 forma:
333 2802 77 67 a
363 2802 107 67 quo
425 2802 200 67 separatur
578 2802 138 67 forma
670 2802 200 67 corporis,
824 2802 107 67 non
885 2802 138 67 manet
977 2802 153 67 corpus
1085 2802 123 67 nisi
1162 2802 215 67 aequiuoce,
1330 2802 123 67 haec
1407 2802 107 67 est
1469 2802 153 67 regula
1576 2802 200 67 generalis
1729 2802 92 67 in
1775 2802 138 67 rebus
1852 2802 123 67 natura

202 2855 128 64 libus:
292 2855 102 64 quod
356 2855 205 64 quondocumque
522 2855 141 64 aliquid
624 2855 64 64 a
650 2855 115 64 forma
727 2855 141 64 aliquam
829 2855 154 64 nomnatur
944 2855 115 64 tale:
1021 2855 102 64 ipsa
1085 2855 115 64 amota
1162 2855 90 64 non
1213 2855 115 64 manet
1290 2855 102 64 tale
1354 2855 102 64 nisi
1418 2855 179 64 aequiuoce.
1559 2855 154 64 secundum
1674 2855 102 64 quod
1738 2855 115 64 dicit
1802 2855 166 64 philosophus

209 2915 78 66 in
248 2915 144 66 secundo
353 2915 78 66 de
392 2915 131 66 anima.
483 2915 78 66 Si
523 2915 131 66 oculus
614 2915 118 66 esset
692 2915 144 66 animal:
797 2915 118 66 anima
875 2915 131 66 vtique
967 2915 118 66 esset
1045 2915 131 66 ipsius
1137 2915 131 66 visus.
1228 2915 91 66 hic
1280 2915 105 66 enim
1346 2915 183 66 substantia
1490 2915 118 66 oculi
1568 2915 91 66 est
1620 2915 157 66 secundum
1738 2915 170 66 rationem.
1855 2915 105 66 oculus

198 2961 149 73 autem
298 2961 182 73 materia
430 2961 149 73 visus
529 2961 132 73 est:
611 2961 116 73 quo
678 2961 231 73 deficiente
859 2961 116 73 non
925 2961 116 73 est
991 2961 165 73 oculus
1107 2961 132 73 nisi
1190 2961 231 73 aequiuoce,
1371 2961 149 73 sicut
1470 2961 198 73 lapideus
1619 2961 116 73 aut
1685 2961 215 73 depictus.
1850 2961 99 73 AD
1883 2961 83 73 Pri

203 3027 105 59 mum
263 3027 90 59 in
308 3027 196 59 oppositum
459 3027 120 59 quod
534 3027 136 59 nulla
625 3027 136 59 forma
715 3027 105 59 cum
775 3027 136 59 anima
866 3027 196 59 rationali
1016 3027 211 59 praecessit
1182 3027 90 59 in
1227 3027 166 59 materia
1348 3027 120 59 quia
1423 3027 166 59 fuisset
1543 3027 136 59 forma
1634 3027 181 59 generis:
1769 3027 75 59 &
1799 3027 105 59 ita
1845 3027 120 59 coinci

205 3072 148 64 disset
309 3072 103 64 cum
368 3072 133 64 forma
456 3072 177 64 speciei:
589 3072 177 64 Dicendum
722 3072 118 64 quod
795 3072 148 64 aliter
899 3072 236 64 intelligitur
1091 3072 221 64 coordinatio
1268 3072 251 64 praedicamenti
1474 3072 221 64 substantiae
1651 3072 177 64 secundum
1784 3072 177 64 negantes
1902 3072 74 64 gra

196 3135 112 78 dus
260 3135 193 78 formarum
405 3135 80 78 &
437 3135 193 78 secundum
581 3135 193 78 ponentes
726 3135 129 78 eos.
806 3135 161 78 semper
919 3135 145 78 tamen
1015 3135 161 78 gradus
1128 3135 193 78 formarum
1272 3135 177 78 necesse
1401 3135 112 78 est
1465 3135 161 78 ponere
1577 3135 112 78 aut
1642 3135 193 78 secundum
1770 3135 209 78 intentiones
