2391 3656
111 214 124 107 lam
182 214 159 107 vitam
288 214 230 107 aeternam:
464 214 106 107 vt
517 214 159 107 supra
623 214 230 107 expositum
800 214 141 107 est.
888 214 124 107 His
959 214 159 107 tamen
1065 214 106 107 vt
1118 214 159 107 dicit
1224 214 212 107 magister
1383 214 230 107 aduersari
1559 214 194 107 videtur
1700 214 141 107 quod
1789 214 124 107 di-

114 295 108 82 cit
175 295 216 82 Augustinus
345 295 139 82 super
438 295 216 82 Malachiam.
607 295 108 82 vbi
669 295 185 82 scriptum
808 295 123 82 est.
885 295 139 82 lacob
978 295 154 82 elegi:
1086 295 123 82 Esau
1163 295 139 82 autem
1256 295 123 82 odio
1333 295 154 82 habui.
1441 295 108 82 Cui
1503 295 123 82 vult
1580 295 185 82 (inquit)
1703 295 170 82 miseretur

123 366 124 63 quem
200 366 124 63 vult
277 366 186 63 indurat.
417 366 108 63 Sed
479 366 124 63 haec
556 366 186 63 voluntas
696 366 108 63 dei
758 366 170 63 iniusta
882 366 124 63 esse
959 366 108 63 non
1021 366 155 63 potest
1130 366 108 63 &c.
1192 366 93 63 vt
1238 366 170 63 habitum
1362 366 108 63 est
1424 366 139 63 supra
1517 366 108 63 de.
1579 366 186 63 lxxxiii.
1719 366 93 63 q.
1750 366 108 63 Prae-

116 407 140 65 cedit
209 407 124 65 ergo
286 407 171 65 aliquid
410 407 93 65 in
457 407 264 65 peccatoribus:
674 407 109 65 quo
736 407 171 65 quamuis
860 407 155 65 nondum
968 407 124 65 sint
1046 407 233 65 iustificati
1232 407 140 65 digni
1325 407 233 65 efficiantur
1511 407 295 65 iustificatione:
1759 407 78 65 &
1774 407 93 65 ite-

116 459 121 65 rum
185 459 225 65 praecedit
358 459 104 65 in
410 459 156 65 aliis
514 459 277 65 peccatoribus
740 459 121 65 quo
809 459 156 65 digni
913 459 139 65 sunt
1000 459 295 65 obstinatione.
1242 459 225 65 Intellige
1415 459 156 65 digni
1519 459 104 65 de
1571 459 191 65 congruo
1693 459 173 65 respectu

119 510 339 76 iustificandorum:
408 510 187 76 proprie
543 510 153 76 autem
645 510 153 76 digni
747 510 136 76 immo
832 510 204 76 condigni
985 510 204 76 respectu
1137 510 204 76 aliorum:
1290 510 102 76 Et
1341 510 153 76 dicit
1443 510 204 76 magister
1595 510 153 76 dist.
1680 510 187 76 praedicta

128 566 121 68 cap.
203 566 106 68 His
264 566 151 68 tamen.
370 566 121 68 Quid
445 566 227 68 intelligere
627 566 151 68 voluit
733 566 212 68 ignoratur,
899 566 76 68 &
929 566 136 68 credo
1020 566 106 68 non
1081 566 197 68 temerarie
1232 566 212 68 desinendo,
1398 566 106 68 sed
1459 566 106 68 pie
1519 566 212 68 inquirendo
1686 566 121 68 quod
1761 566 136 68 illud

118 617 106 69 sit
178 617 121 69 quod
254 617 106 69 iam
314 617 136 69 supra
405 617 226 69 exposuimus.
586 617 151 69 Melior
691 617 106 69 est
752 617 121 69 enim
827 617 166 69 fidelis
948 617 211 69 ignorantia
1114 617 121 69 quam
1189 617 196 69 temeraria
1340 617 196 69 scientia,
1491 617 91 69 vt
1536 617 136 69 dicit
1627 617 181 69 magister
1747 617 121 69 loquem

123 672 92 74 do
169 672 92 74 de
215 672 107 74 hac
276 672 184 74 materia.
414 672 107 74 Sed
475 672 184 74 magister
613 672 138 74 putat
705 672 107 74 eum
766 672 245 74 intellexisse
965 672 123 74 quod
1042 672 107 74 iam
1103 672 92 74 vt
1149 672 153 74 dictum
1256 672 107 74 est
1318 672 245 74 retractauit.
1517 672 107 74 Sed
1578 672 138 74 mirum
1670 672 107 74 est
1731 672 169 74 quomodo

120 727 168 73 magister
246 727 98 73 hoc
302 727 140 73 potuit
400 727 154 73 dicere.
512 727 154 73 quoniam
624 727 84 73 vt
666 727 126 73 dicit
750 727 196 73 Augustinus
904 727 126 73 libro
988 727 84 73 i.
1031 727 168 73 retracta
1157 727 112 73 cap.
1227 727 126 73 xxii.
1311 727 98 73 cum
1367 727 126 73 adhuc
1451 727 182 73 presbvter
1591 727 126 73 esset
1675 727 140 73 librum
1773 727 126 73 super

135 783 203 69 epistolam
292 783 94 69 ad
339 783 141 69 Roma.
432 783 250 69 retractauit:
635 783 78 69 &
667 783 94 69 vt
714 783 141 69 dicit
807 783 125 69 cap.
885 783 109 69 xx.
948 783 172 69 librum.
1073 783 188 69 lxxxiii,
1214 783 125 69 quod
1292 783 234 69 retractauit
1479 783 109 69 iam
1542 783 219 69 episcopus,
1714 783 125 69 quas
1776 783 94 69 tunc

129 840 131 68 primo
217 840 160 68 colligi
333 840 145 68 fecit:
434 840 73 68 &
463 840 87 68 in
507 840 116 68 vnum
580 840 145 68 librum
681 840 160 68 redigi,
797 840 116 68 quia
870 840 131 68 vsque
957 840 87 68 ad
1001 840 131 68 illud
1088 840 160 68 tempors
1204 840 189 68 dispersae
1349 840 131 68 erant
1436 840 102 68 per
1494 840 189 68 chartulas
1640 840 160 68 multas.
1756 840 87 68 Ex
1799 840 102 68 quo

126 880 134 80 plane
216 880 134 80 patet
305 880 119 80 quod
380 880 104 80 non
439 880 104 80 est
499 880 209 80 verisimile
663 880 119 80 quod
738 880 134 80 dicta
827 880 89 80 in
872 880 134 80 libro
961 880 179 80 lxxxiii,
1095 880 119 80 quod
1170 880 224 80 retractauit
1349 880 224 80 retractando
1528 880 134 80 dicta
1617 880 134 80 super
1707 880 194 80 epistolam

130 936 96 73 ad
178 936 112 73 Ro.
242 936 112 73 cum
306 936 112 73 nec
370 936 128 73 tunc
450 936 112 73 has
514 936 240 73 quaestiones
706 936 160 73 habuit
818 936 128 73 prae
898 936 192 73 manibus,
1042 936 80 73 &
1074 936 128 73 toti
1154 936 144 73 libro
1250 936 192 73 proprium
1394 936 128 73 cap.
1474 936 96 73 in
1522 936 320 73 retractationibus
1794 936 112 73 de-

134 987 129 74 dit:
215 987 113 74 nec
279 987 242 74 retractando
473 987 145 74 illud
570 987 178 74 dictum,
699 987 113 74 nec
764 987 226 74 insinuando
941 987 129 74 quod
1022 987 145 74 illud
1119 987 145 74 alibi
1216 987 291 74 retractauerat.
1458 987 129 74 Quod
1539 987 97 74 vt
1587 987 145 74 credo
1684 987 194 74 magister
1813 987 65 74 be

137 1033 86 74 ne
180 1033 130 74 vidit
266 1033 130 74 nihil
353 1033 130 74 esse.
439 1033 115 74 Vnde
511 1033 144 74 dictum
612 1033 130 74 istud
698 1033 202 74 Augustinus
857 1033 173 74 exponens
986 1033 158 74 incidit
1101 1033 86 74 in
1145 1033 86 74 id
1188 1033 115 74 quod
1260 1033 173 74 diximus.
1389 1033 101 74 Sic
1447 1033 115 74 enim
1519 1033 115 74 ait.
1591 1033 144 74 Potest
1692 1033 130 74 tamen
1764 1033 115 74 accipi

132 1091 96 72 ex
180 1091 96 72 eo
228 1091 144 72 sensu
325 1091 128 72 fore
405 1091 177 72 dictum:
533 1091 128 72 quia
613 1091 160 72 aliqui
726 1091 112 72 non
790 1091 128 72 adeo
870 1091 128 72 mali
950 1091 128 72 sunt
1031 1091 96 72 vt
1079 1091 209 72 mereantur
1239 1091 128 72 sibi
1319 1091 177 72 gratiam
1448 1091 112 72 non
1512 1091 209 72 impartiri
1672 1091 112 72 &c.
1737 1091 112 72 vbi
1801 1091 112 72 di-

131 1141 189 72 stinguit
273 1141 126 72 quod
352 1141 157 72 aliqui
462 1141 110 72 ita
525 1141 94 72 in
572 1141 205 72 profundum
729 1141 236 72 iniquitatis
918 1141 220 72 deuenerunt
1091 1141 94 72 vt
1138 1141 205 72 mereantur
1296 1141 173 72 penitus
1422 1141 173 72 abiici.
1548 1141 126 72 alii
1626 1141 142 72 autem
1721 1141 126 72 etsi
1799 1141 110 72 non

132 1197 195 70 mereantur
282 1197 165 70 gratiam
402 1197 270 70 iustificantem,
627 1197 105 70 non
687 1197 135 70 tamen
777 1197 180 70 merentur
912 1197 150 70 omnino
1016 1197 180 70 repelli.
1151 1197 105 70 Qui
1211 1197 120 70 sunt
1286 1197 120 70 isti
1361 1197 165 70 quaero:
1481 1197 105 70 nec
1541 1197 150 70 potest
1646 1197 120 70 dici
1721 1197 120 70 quod
1781 1197 90 70 sint

126 1248 131 73 alii
207 1248 131 73 quam
289 1248 229 73 existentes
469 1248 98 73 in
518 1248 131 73 solo
600 1248 229 73 originali:
780 1248 114 73 vel
845 1248 98 73 in
894 1248 163 73 aliquo
1008 1248 180 73 actuali
1139 1248 196 73 mortali.
1286 1248 98 73 Et
1335 1248 98 73 de
1385 1248 180 73 vtroque
1515 1248 147 73 horum
1613 1248 147 73 verum
1712 1248 114 73 est
1761 1248 114 73 dice-

132 1299 91 71 re
177 1299 121 71 quod
253 1299 182 71 mereatur
390 1299 152 71 omnino
496 1299 167 71 repelli
617 1299 91 71 si
663 1299 137 71 nullo
754 1299 197 71 instinctu
906 1299 137 71 gerae
997 1299 258 71 praeueniatur,
1209 1299 106 71 cui
1270 1299 167 71 liberum
1391 1299 197 71 arbitrium
1543 1299 106 71 non
1604 1299 243 71 contradicat:
1801 1299 106 71 sed

133 1352 101 81 in
184 1352 169 81 aliquo
302 1352 253 81 consentiat:
505 1352 118 81 per
572 1352 135 81 quid
656 1352 152 81 solum
758 1352 101 81 vt
808 1352 236 81 exposuimus
994 1352 118 81 non
1062 1352 203 81 mereatur
1214 1352 203 81 repelli,
1366 1352 135 81 immo
1450 1352 101 81 de
1501 1352 186 81 congruo
1636 1352 203 81 mereatur
1771 1352 101 81 visi

125 1401 141 90 tari,
219 1401 125 90 quod
297 1401 125 90 bene
375 1401 141 90 vidit
469 1401 203 90 magister:
625 1401 78 90 &
656 1401 125 90 ideo
734 1401 156 90 addit.
844 1401 109 90 Sed
906 1401 109 90 hoc
968 1401 187 90 friuolum
1109 1401 125 90 est:
1187 1401 125 90 bene
1265 1401 141 90 tamen
1359 1401 141 90 verum
1452 1401 109 90 est
1515 1401 125 90 quod
1593 1401 125 90 vnus
1671 1401 125 90 plus
1733 1401 141 90 meretur

130 1458 178 87 propter
260 1458 195 87 actualia
405 1458 162 87 maiora
519 1458 178 87 repelli
649 1458 130 87 quam
730 1458 162 87 alter:
843 1458 178 87 propter
973 1458 130 87 quod
1054 1458 130 87 vnum
1135 1458 178 87 visitat
1265 1458 162 87 quando
1378 1458 178 87 alterum
1508 1458 114 87 non
1573 1458 195 87 visitat:
1719 1458 114 87 vel
1784 1458 130 87 vnum

130 1516 161 71 magis
238 1516 197 71 alterum
381 1516 161 71 minus
489 1516 233 71 fortasse.
668 1516 126 71 PER
740 1516 233 71 praedicta
919 1516 179 71 patent
1045 1516 197 71 obiecta
1188 1516 233 71 vtriusque
1350 1516 161 71 partis.

458 1559 201 74 Equuntur
609 1559 201 74 quaesita
760 1559 101 74 de
810 1559 218 74 creaturis
978 1559 101 74 in
1028 1559 268 74 comparatione
1246 1559 101 74 ad
1296 1559 151 74 deum.
1396 1559 101 74 Et
1447 1559 151 74 erant
1547 1559 134 74 duo:
1631 1559 134 74 vnum
1698 1559 184 74 pertinens

458 1617 106 78 ad
511 1617 142 78 esse
600 1617 213 78 naturae.
760 1617 159 78 Vtrum
866 1617 230 78 productio
1043 1617 266 78 creaturarum
1256 1617 89 78 a
1291 1617 124 78 deo
1362 1617 177 78 possit
1486 1617 284 78 demonstrari.
1717 1617 195 78 Alterum

462 1679 190 72 pertinens
608 1679 88 72 ad
652 1679 117 72 esse
725 1679 131 72 grae:
813 1679 131 72 vtrum
901 1679 88 72 in
944 1679 131 72 anima
1032 1679 161 72 Christi
1149 1679 161 72 gaudium
1266 1679 204 72 fruitionis
1426 1679 131 72 simul
1514 1679 117 72 fuit
1587 1679 102 72 cum
1645 1679 204 72 tristitia.
1791 1679 88 72 Pri-

460 1716 107 77 mum
521 1716 245 77 proponebatur
720 1716 122 77 sine
796 1716 229 77 argumentis.
980 1716 92 77 Ad
1025 1716 122 77 quid
1102 1716 183 77 dicendum
1240 1716 122 77 quod
1316 1716 183 77 quaestio
1454 1716 92 77 ex
1499 1716 122 77 modo
1576 1716 214 77 proponendi
1744 1716 153 77 soluit
1836 1716 61 77 se

463 1781 154 72 ipsam.
571 1781 185 72 Creatura
709 1781 123 72 enim
787 1781 93 72 in
833 1781 93 72 eo
879 1781 123 72 quod
956 1781 185 72 creatura
1095 1781 123 72 est,
1172 1781 170 72 creatum
1296 1781 123 72 quid
1373 1781 123 72 est:
1450 1781 139 72 sicut
1543 1781 170 72 factura
1666 1781 93 72 in
1712 1781 93 72 eo
1759 1781 123 72 quod
1820 1781 62 72 fa

450 1828 147 79 ctura
548 1828 228 79 factumquid
727 1828 130 79 est.
809 1828 147 79 Sicut
906 1828 130 79 ergo
988 1828 179 79 factura
1118 1828 130 79 quia
1200 1828 163 79 factum
1314 1828 130 79 quid
1396 1828 114 79 est
1461 1828 179 79 ratione
1591 1828 147 79 firma
1673 1828 212 79 conuincitur

140 1886 118 78 quod
214 1886 88 78 ab
258 1886 118 78 alio
332 1886 103 78 sit
391 1886 147 78 facta:
494 1886 74 78 &
523 1886 103 78 ita
582 1886 88 78 ab
626 1886 118 78 alio
700 1886 191 78 producta.
847 1886 132 78 Nulla
935 1886 118 78 enim
1009 1886 103 78 res
1068 1886 162 78 seipsam
1185 1886 177 78 producit
1318 1886 118 78 quia
1392 1886 118 78 omne
1465 1886 118 78 quid
1539 1886 221 78 producitur,
1715 1886 118 78 esse
1774 1886 118 78 habent

145 1937 105 83 per
205 1937 255 83 productionem:
415 1937 75 83 &
445 1937 105 83 ita
505 1937 105 83 non
565 1937 75 83 a
595 1937 105 83 se:
655 1937 105 83 sed
715 1937 90 83 ab
760 1937 90 83 eo
805 1937 75 83 a
835 1937 105 83 quo
895 1937 225 83 producitur,
1074 1937 120 83 quid
1149 1937 165 83 oportet
1269 1937 150 83 habere
1374 1937 120 83 esse
1449 1937 75 83 a
1479 1937 105 83 se:
1539 1937 120 83 quia
1614 1937 90 83 vt
1659 1937 135 83 dicit
1749 1937 165 83 Richar.

137 1990 144 80 primo
233 1990 96 80 de
281 1990 160 80 Trini.
392 1990 128 80 cap.
472 1990 144 80 viii.
568 1990 96 80 Si
616 1990 144 80 nihil
711 1990 80 80 a
743 1990 144 80 semet
839 1990 128 80 ipso
919 1990 191 80 fuisset,
1062 1990 112 80 non
1126 1990 144 80 esset
1222 1990 160 80 omnino
1334 1990 128 80 vnde
1413 1990 96 80 ea
1461 1990 191 80 existere
1605 1990 239 80 potuissent:
1796 1990 128 80 quae

135 2056 142 60 suum
224 2056 142 60 esse
313 2056 89 60 a
348 2056 160 60 semet
454 2056 160 60 ipsis
561 2056 124 60 non
632 2056 195 60 habent,
773 2056 124 60 nec
844 2056 177 60 habere
968 2056 213 60 possunt.
1128 2056 142 60 Quia
1216 2056 106 60 si
1270 2056 160 60 illud
1376 2056 89 60 a
1411 2056 124 60 quo
1482 2056 142 60 esse
1571 2056 142 60 suum
1660 2056 195 60 habent,
1784 2056 106 60 habe

142 2093 128 81 rent
222 2093 96 81 ab
270 2093 144 81 alio,
366 2093 144 81 eadem
462 2093 192 81 quaestio
605 2093 144 81 esset
701 2093 96 81 de
749 2093 144 81 illo:
845 2093 144 81 vtrum
941 2093 176 81 haberet
1069 2093 128 81 esse
1149 2093 80 81 a
1181 2093 96 81 se
1229 2093 112 81 vel
1293 2093 96 81 ab
1341 2093 144 81 alio,
1437 2093 80 81 &
1468 2093 144 81 esset
1564 2093 208 81 procedere
1724 2093 96 81 in
1756 2093 128 81 infini

144 2149 122 75 tum
213 2149 122 75 aut
283 2149 157 75 stare
388 2149 105 75 in
441 2149 105 75 eo
493 2149 140 75 quod
581 2149 87 75 a
616 2149 105 75 se
668 2149 157 75 habet
773 2149 140 75 esse
861 2149 122 75 non
931 2149 105 75 ab
983 2149 157 75 alio.
1088 2149 157 75 Quare
1193 2149 175 75 ponere
1316 2149 227 75 productum
1491 2149 192 75 produci
1631 2149 87 75 a
1666 2149 122 75 se,
1718 2149 175 75 implicat

142 2211 301 58 contradictionem.
398 2211 181 58 scilicet
534 2211 121 58 idem
609 2211 151 58 habere
715 2211 121 58 esse
790 2211 75 58 a
820 2211 105 58 se,
880 2211 75 58 &
910 2211 105 58 non
971 2211 166 58 habere.
1091 2211 105 58 Sic
1152 2211 90 58 et
1197 2211 196 58 creatura,
1347 2211 121 58 quia
1423 2211 105 58 est
1483 2211 166 58 creatum
1604 2211 136 58 quid,
1694 2211 166 58 ratione
1800 2211 90 58 com-

143 2253 186 70 uincitur
282 2253 124 70 quod
359 2253 93 70 ab
406 2253 124 70 alio
483 2253 108 70 sit
545 2253 170 70 creata,
669 2253 77 70 &
700 2253 108 70 ita
762 2253 93 70 ab
809 2253 124 70 alio
886 2253 201 70 producta:
1041 2253 77 70 &
1072 2253 108 70 hoc
1134 2253 93 70 ab
1180 2253 124 70 illo
1258 2253 124 70 quod
1335 2253 108 70 non
1397 2253 108 70 est
1459 2253 93 70 ab
1506 2253 124 70 alio
1583 2253 217 70 productum:
1754 2253 77 70 &
1785 2253 77 70 a
1816 2253 108 70 quo

142 2311 141 66 alia,
236 2311 94 66 vt
283 2311 109 66 iam
346 2311 188 66 inductum
486 2311 125 66 est,
564 2311 125 66 quod
643 2311 109 66 non
705 2311 172 66 ponimus
830 2311 125 66 esse
908 2311 125 66 nisi
986 2311 141 66 deum:
1080 2311 125 66 quia
1158 2311 109 66 est
1221 2311 172 66 necesse
1346 2311 141 66 esse.
1440 2311 94 66 Si
1487 2311 125 66 enim
1565 2311 141 66 esset
1659 2311 203 66 possibile
1799 2311 94 66 esse

139 2359 177 72 haberet
268 2359 97 72 ab
316 2359 129 72 alio
397 2359 145 72 esse,
493 2359 97 72 vt
541 2359 145 72 infra
638 2359 274 72 declarabitur.
863 2359 97 72 Et
912 2359 209 72 similiter
1073 2359 97 72 vt
1121 2359 145 72 infra
1218 2359 258 72 declarabitur
1427 2359 113 72 non
1491 2359 113 72 est
1556 2359 177 72 necesse
1685 2359 129 72 esse
1765 2359 129 72 nisi
1830 2359 64 72 so

144 2414 125 71 lus
215 2414 160 71 deus.
322 2414 143 71 Vnde
411 2414 107 71 ex
465 2414 143 71 modo
554 2414 196 71 essendi
696 2414 125 71 qui
768 2414 214 71 competit
928 2414 249 71 creaturae,
1124 2414 196 71 veritas
1266 2414 267 71 quaestionis
1480 2414 232 71 praecipue
1658 2414 267 71 inuestigan-

149 2472 100 65 da
199 2472 134 65 est:
283 2472 84 65 &
317 2472 117 65 hoc
384 2472 201 65 secundum
534 2472 134 65 quod
618 2472 167 65 arguit
735 2472 184 65 Richar.
869 2472 100 65 i.
919 2472 100 65 de
969 2472 218 65 Trinitate
1137 2472 134 65 cap.
1220 2472 117 65 vi.
1287 2472 184 65 ratione
1421 2472 201 65 diuisiua
1572 2472 134 65 sic.
1639 2472 251 65 Vniuersaliter

150 2520 139 68 omne
237 2520 139 68 esse
323 2520 278 68 distinguitur
549 2520 209 68 triplici
706 2520 209 68 ratione.
862 2520 139 68 Erit
949 2520 139 68 enim
1036 2520 104 68 ab
1088 2520 191 68 aeterno
1227 2520 87 68 &
1262 2520 87 68 a
1297 2520 156 68 semet
1401 2520 156 68 ipso,
1506 2520 122 68 aut
1575 2520 226 68 econuerso
1749 2520 122 68 nec
1818 2520 104 68 ab

142 2567 206 82 aeterno,
296 2567 120 82 nec
365 2567 86 82 a
399 2567 154 82 semet
502 2567 154 82 ipso,
605 2567 120 82 aut
674 2567 189 82 mediate
811 2567 154 82 inter
914 2567 137 82 haec
1000 2567 137 82 duo,
1086 2567 103 82 ab
1137 2567 189 82 aeterno
1274 2567 189 82 quidem:
1412 2567 120 82 nec
1480 2567 154 82 tamen
1583 2567 86 82 a
1617 2567 154 82 semet
1720 2567 154 82 ipso.
1806 2567 86 82 Nam

144 2621 151 78 illud
245 2621 185 78 quartum
380 2621 135 78 quod
464 2621 236 78 huictertio
649 2621 168 78 membro
767 2621 185 78 videtur
901 2621 219 78 econuerso
1070 2621 252 78 respondere,
1271 2621 151 78 nullo
1372 2621 135 78 modo
1457 2621 135 78 ipsa
1541 2621 168 78 natura
1658 2621 185 78 patitur
1776 2621 118 78 esse.

149 2672 154 76 Nihil
251 2672 137 76 enim
337 2672 171 76 omnino
456 2672 171 76 potest
576 2672 137 76 esse
661 2672 85 76 a
695 2672 154 76 semet
798 2672 137 76 ipso
883 2672 137 76 quod
968 2672 119 76 non
1037 2672 119 76 sit
1105 2672 102 76 ab
1156 2672 205 76 aeterno.
1310 2672 205 76 Quicquid
1463 2672 137 76 enim
1549 2672 102 76 ex
1600 2672 188 76 tempore
1736 2672 137 76 esse
1805 2672 85 76 coe

142 2724 133 91 pit,
226 2724 133 91 fuit
309 2724 167 91 quando
426 2724 150 91 nihil
526 2724 150 91 fuit.
626 2724 117 91 sed
692 2724 183 91 quamdiu
826 2724 150 91 nihil
926 2724 133 91 fuit
1009 2724 167 91 omnino
1125 2724 167 91 nuilum
1242 2724 133 91 esse
1325 2724 183 91 habuit,
1459 2724 117 91 nec
1525 2724 83 91 a
1559 2724 100 91 se
1609 2724 150 91 neque
1692 2724 200 91 formaliter

153 2779 142 77 neque
248 2779 285 77 principiatiue,
485 2779 111 77 nec
549 2779 95 77 ab
596 2779 142 77 alio:
691 2779 127 77 quia
770 2779 158 77 aliter
881 2779 158 77 essent
991 2779 142 77 simul
1086 2779 285 77 contradictoria
1324 2779 95 77 in
1371 2779 158 77 eodem,
1482 2779 190 77 scilicet
1624 2779 127 77 quod
1703 2779 127 77 esse
1766 2779 127 77 habuit

157 2831 82 77 &
189 2831 114 77 non
255 2831 180 77 habuit.
385 2831 196 77 Creatura
532 2831 131 77 ergo
614 2831 98 77 si
663 2831 114 77 sic
728 2831 180 77 ponatur
859 2831 131 77 esse
941 2831 82 77 a
973 2831 147 77 semet
1071 2831 147 77 ipsa,
1169 2831 114 77 ita
1234 2831 131 77 quod
1316 2831 114 77 non
1381 2831 163 77 possit
1496 2831 180 77 probari
1626 2831 131 77 esse
1708 2831 82 77 a
1741 2831 131 77 deo,
1806 2831 98 77 quem

151 2882 193 78 admodum
292 2882 280 78 Peripatetici
520 2882 228 78 posuerunt
695 2882 333 78 incorruptibilia
975 2882 140 78 alia
1063 2882 88 78 a
1098 2882 175 78 primo,
1221 2882 140 78 esse
1308 2882 88 78 a
1343 2882 263 78 semetipsis,
1553 2882 105 78 vt
1606 2882 158 78 infra
1711 2882 105 78 in
1764 2882 175 78 quadam

155 2943 224 77 quaestione
331 2943 192 77 patebit:
476 2943 176 77 necesse
604 2943 112 77 est
668 2943 160 77 ponere
780 2943 112 77 eam
844 2943 128 77 esse
924 2943 96 77 ab
972 2943 192 77 aeterno:
1117 2943 112 77 ita
1181 2943 128 77 quod
1261 2943 112 77 non
1325 2943 160 77 possit
1437 2943 240 77 demonstrari
1630 2943 128 77 quod
1710 2943 112 77 non
1774 2943 112 77 sit
1838 2943 96 77 ab

154 2997 214 79 aeterno.
315 2997 179 79 quorum
440 2997 214 79 vtrunque
601 2997 179 79 falsum
726 2997 143 79 est,
815 2997 107 79 vt
868 2997 179 79 ibidem
993 2997 304 79 declarabitur.
1243 2997 107 79 Si
1297 2997 161 79 autem
1404 2997 161 79 iuxta
1511 2997 214 79 secundum
1672 2997 196 79 membrum
1797 2997 107 79 prin

155 3048 168 95 cipale
273 3048 236 95 propositum
458 3048 185 95 ponatur
593 3048 202 95 creatura
745 3048 135 95 esse
829 3048 118 95 nec
896 3048 101 95 ab
947 3048 202 95 aeterno,
1098 3048 118 95 nec
1166 3048 84 95 a
1200 3048 152 95 semet
1301 3048 152 95 ipsa,
1402 3048 236 95 necessario
1587 3048 202 95 ponendum
1739 3048 118 95 est
1806 3048 135 95 quod
