2460 3737
505 168 201 104 respectu
656 168 134 104 dei,
740 168 101 104 si
790 168 117 104 non
858 168 117 104 sit
925 168 185 104 primum,
1059 168 117 104 nec
1126 168 185 104 aliquod
1260 168 201 104 aliorum:
1411 168 201 104 secundum
1562 168 252 104 philosophum
1764 168 101 104 in
1814 168 185 104 secundo
1948 168 268 104 Metaphysicae
2167 168 101 104 de
2200 168 84 104 sta

508 250 100 72 tu
558 250 217 72 causarum.
726 250 117 72 sed
793 250 100 72 in
843 250 284 72 essentialiter
1077 250 217 72 ordinatis
1244 250 167 72 semper
1361 250 234 72 praecedens
1545 250 117 72 est
1612 250 167 72 primum
1729 250 201 72 respectu
1880 250 251 72 sequentium:
2080 250 84 72 &
2097 250 184 72 essentia-

508 300 134 90 lem
584 300 210 90 ordinem
737 300 172 90 habet
852 300 115 90 ad
909 300 172 90 omnia
1024 300 268 90 sequentia:
1234 300 191 90 qualem
1368 300 191 90 primum
1502 300 287 90 simpliciter
1731 300 229 90 respectu
1903 300 210 90 omnium.
2056 300 153 90 ergo
2151 300 115 90 in
2189 300 96 90 sic

504 360 222 77 ordinatis
674 360 102 77 ad
726 360 136 77 vnum
811 360 170 77 primum
930 360 170 77 omnium
1050 360 102 77 si
1101 360 119 77 non
1169 360 119 77 sit
1237 360 205 77 proximum
1390 360 136 77 post
1476 360 153 77 illud
1578 360 136 77 quod
1663 360 119 77 est
1731 360 170 77 primum
1851 360 205 77 respectu
2004 360 170 77 omnium
2124 360 188 77 aliorum

495 421 118 60 nec
562 421 185 60 aliquod
697 421 202 60 aliorum.
848 421 134 60 ergo
932 421 84 60 a
966 421 218 60 contrario
1134 421 101 60 si
1184 421 134 60 sint
1268 421 134 60 alia
1352 421 235 60 posteriora
1537 421 286 60 essentialiter
1772 421 202 60 ordinata
1923 421 101 60 ad
1974 421 168 60 primum
2091 421 185 60 omnium,
2209 421 67 60 ne

501 470 190 68 cessario
644 470 111 68 est
707 470 174 68 aliquod
834 470 159 68 primum
945 470 190 68 respectu
1088 470 190 68 illorum,
1231 470 127 68 quod
1310 470 111 68 est
1373 470 190 68 secundum
1516 470 190 68 respectu
1659 470 159 68 primi,
1770 470 79 68 &
1801 470 190 68 proximum
1944 470 143 68 illi.
2039 470 111 68 lta
2103 470 127 68 quod
2166 470 111 68 sicut

506 529 131 68 primo
594 529 219 68 simpliciter
769 529 131 68 nihil
857 529 146 68 potest
959 529 117 68 esse
1032 529 146 68 prius:
1135 529 102 68 sic
1193 529 102 68 sub
1251 529 117 68 isto
1324 529 102 68 non
1383 529 146 68 potest
1485 529 161 68 aliquid
1602 529 117 68 esse
1675 529 131 68 prius
1763 529 175 68 respectu
1894 529 175 68 aliorum.
2026 529 102 68 hoc
2084 529 131 68 autem
2157 529 117 68 nonest

488 579 138 66 nisi
574 579 173 66 ponere
695 579 173 66 statum
816 579 104 66 in
867 579 311 66 perfectionibus
1126 579 276 66 creaturarum.
1350 579 138 66 ergo
1437 579 121 66 &c.
1506 579 190 66 Contra.
1644 579 138 66 deus
1730 579 121 66 est
1799 579 224 66 infinitae
1971 579 293 66 perfectionis.
2196 579 86 66 se-

492 632 165 73 cundum
607 632 148 73 autem
706 632 198 73 rationes
854 632 264 73 perfectionis
1069 632 115 73 est
1135 632 231 73 imitabilis
1316 632 82 73 a
1349 632 231 73 creaturis.
1531 632 132 73 ergo
1613 632 198 73 secundum
1762 632 198 73 rationes
1910 632 214 73 infinitas
2075 632 115 73 est
2125 632 148 73 imitabi

491 681 112 83 lis
555 681 80 83 a
587 681 223 83 creaturis.
762 681 112 83 hoc
826 681 144 83 autem
922 681 112 83 non
986 681 112 83 est
1049 681 128 83 nisi
1129 681 128 83 quia
1209 681 191 83 creatura
1353 681 96 83 sm
1400 681 191 83 aequales
1544 681 144 83 modos
1640 681 207 83 imitatur:
1799 681 128 83 quia
1879 681 112 83 non
1943 681 112 83 est
2007 681 255 83 imitabilitas
2198 681 80 83 pas

490 745 125 86 siua
568 745 125 86 sine
647 745 187 86 imitante
787 745 172 86 actiua,
912 745 141 86 sicut
1006 745 156 86 velite
1115 745 109 86 non
1178 745 156 86 potest
1287 745 125 86 esse
1365 745 187 86 passiuum
1506 745 125 86 sine
1584 745 281 86 correspondente
1818 745 172 86 actiuo,
1943 745 109 86 nec
2005 745 219 86 econuerso.
2177 745 125 86 ergo

497 806 182 72 creatura
633 806 182 72 secundum
769 806 197 72 infinitos
921 806 151 72 gradus
1027 806 242 72 perfectionis
1223 806 151 72 potest
1329 806 121 72 esse
1405 806 197 72 imitatiua
1557 806 121 72 dei.
1632 806 106 72 hoc
1693 806 136 72 autem
1784 806 106 72 non
1844 806 227 72 contingeret
2026 806 91 72 si
2071 806 151 72 status
2177 806 76 72 &
2192 806 76 72 nu-

491 854 142 88 merus
586 854 142 88 esset
681 854 95 88 in
728 854 285 88 perfectionibus
966 854 253 88 creaturarum.
1171 854 126 88 ergo
1250 854 111 88 &c.
1313 854 111 88 HIC
1377 854 95 88 in
1424 854 206 88 principio
1582 854 190 88 sciendum
1724 854 190 88 secundum
1867 854 206 88 praedicta
2025 854 95 88 in
2072 854 142 88 prima
2167 854 126 88 quae

491 904 163 95 stione
605 904 261 95 praecedente:
816 904 130 95 quod
898 904 212 95 creaturae
1061 904 98 95 ad
1110 904 130 95 deum
1191 904 228 95 dupliciter
1370 904 163 95 habent
1484 904 293 95 comparationem.
1729 904 114 95 Vno
1794 904 130 95 modo
1875 904 195 95 secundum
2022 904 130 95 suas
2087 904 179 95 essentias

493 973 92 76 vt
539 973 184 76 secundum
677 973 184 76 rationes
815 973 169 76 ideales
937 973 245 76 speculatiuas
1137 973 123 76 sunt
1214 973 169 76 quaedam
1336 973 199 76 exemplata
1490 973 169 76 ipsius.
1612 973 123 76 Alio
1689 973 123 76 modo
1766 973 184 76 secundum
1904 973 123 76 suas
1981 973 245 76 existentias,
2180 973 92 76 vt
2211 973 61 76 sm

489 1027 196 75 rationes
636 1027 179 75 ideales
766 1027 212 75 practicas
929 1027 131 75 sint
1011 1027 179 75 quaedam
1141 1027 179 75 operata
1272 1027 131 75 siue
1353 1027 196 75 operanda
1500 1027 98 75 ab
1549 1027 147 75 ipso.
1647 1027 98 75 Et
1696 1027 131 75 isto
1778 1027 179 75 secundo
1908 1027 131 75 modo
1990 1027 212 75 creaturae
2136 1027 131 75 nuilum

488 1082 173 81 ordinem
614 1082 236 81 essentialem
803 1082 157 81 habent
913 1082 94 81 ad
960 1082 142 81 deum,
1055 1082 110 81 quo
1118 1082 173 81 necesse
1244 1082 110 81 est
1307 1082 142 81 ipsum
1401 1082 110 81 per
1464 1082 173 81 ordinem
1590 1082 205 81 producere
1748 1082 205 81 creaturas
1905 1082 94 81 in
1952 1082 142 81 esse:
2047 1082 94 81 vt
2094 1082 142 81 primo
2173 1082 94 81 vnam

497 1135 179 76 primam:
627 1135 81 76 &
659 1135 163 76 deinde
773 1135 146 76 alias
871 1135 114 76 per
936 1135 179 76 ordinem
1066 1135 195 76 mediante
1213 1135 163 76 prima:
1326 1135 81 76 &
1359 1135 163 76 semper
1473 1135 244 76 posteriorem
1668 1135 195 76 mediante
1814 1135 179 76 priori,
1945 1135 130 76 siue
2026 1135 130 76 non,
2107 1135 114 76 sed
2156 1135 114 76 singu

493 1190 118 67 lam
560 1190 219 67 immediate
729 1190 84 67 a
762 1190 134 67 deo,
846 1190 151 67 licet
947 1190 185 67 aliquem
1081 1190 168 67 talium
1199 1190 185 67 ordinum
1334 1190 168 67 posuit
1451 1190 151 67 Auius
1552 1190 101 67 in
1603 1190 252 67 productione
1804 1190 151 67 rerum
1905 1190 84 67 a
1939 1190 134 67 deo,
2023 1190 101 67 vt
2073 1190 151 67 alibi
2157 1190 101 67 expo

494 1237 159 83 suimus.
609 1237 130 83 Primo
696 1237 130 83 autem
782 1237 116 83 modo
855 1237 188 83 creaturae
999 1237 130 83 omnes
1086 1237 159 83 ordinem
1201 1237 217 83 essentialem
1374 1237 173 83 secundum
1504 1237 144 83 gradus
1605 1237 231 83 perfectionum
1793 1237 87 83 in
1836 1237 217 83 diuersitate
2010 1237 188 83 essentiae
2139 1237 116 83 habent

483 1294 152 86 inter
584 1294 118 86 se,
652 1294 84 86 &
685 1294 101 86 ad
736 1294 185 86 primum:
871 1294 253 86 quemadmodum
1073 1294 101 86 in
1124 1294 202 86 diuinis,
1275 1294 118 86 vbi
1343 1294 101 86 in
1393 1294 236 86 identitate
1579 1294 219 86 essentiae
1747 1294 169 86 habent
1865 1294 135 86 esse
1950 1294 169 86 plures
2068 1294 101 86 ab
2118 1294 118 86 vno
2169 1294 84 86 pri

485 1362 112 78 mo,
549 1362 224 78 necessario
725 1362 160 78 habent
837 1362 176 78 ordinem
965 1362 240 78 essentialem
1157 1362 128 78 siue
1237 1362 208 78 naturalem
1397 1362 144 78 inter
1493 1362 96 78 se
1541 1362 80 78 &
1573 1362 96 78 ad
1621 1362 176 78 primum,
1749 1362 192 78 secundum
1893 1362 192 78 rationes
2021 1362 240 78 productionum.

490 1403 121 88 Nunc
565 1403 136 88 autem
656 1403 106 88 ita
716 1403 106 88 est
777 1403 121 88 quod
852 1403 91 88 in
898 1403 257 88 essentialiter
1109 1403 121 88 siue
1185 1403 227 88 naturaliter
1366 1403 196 88 ordinatis
1517 1403 181 88 secundum
1653 1403 136 88 actus
1743 1403 211 88 producendi
1910 1403 136 88 inter
2000 1403 91 88 se
2046 1403 76 88 &
2076 1403 91 88 ad
2121 1403 121 88 vnum
2181 1403 76 88 pri

487 1466 124 69 mum,
564 1466 108 69 est
626 1466 170 69 aliquid
750 1466 186 69 secundum
889 1466 186 69 respectu
1028 1466 139 69 primi
1121 1466 77 69 &
1152 1466 155 69 omnium
1260 1466 186 69 aliorum,
1399 1466 124 69 quod
1477 1466 217 69 producitur
1647 1466 77 69 a
1678 1466 124 69 solo
1755 1466 155 69 primo:
1864 1466 77 69 &
1895 1466 170 69 tertium
2018 1466 124 69 quid
2096 1466 108 69 non
2158 1466 77 69 a
2173 1466 93 69 solo

487 1519 168 64 primo:
605 1519 118 64 sed
672 1519 151 64 simul
773 1519 84 64 a
806 1519 151 64 primo
907 1519 84 64 &
941 1519 202 64 secundo.
1092 1519 101 64 et
1142 1519 101 64 si
1193 1519 134 64 ordo
1277 1519 235 64 procederet
1462 1519 218 64 vlterius,
1630 1519 185 64 quartum
1764 1519 118 64 non
1831 1519 269 64 produceretur
2050 1519 84 64 a
2083 1519 134 64 solo
2150 1519 118 64 primo

487 1583 109 74 nec
550 1583 78 74 a
581 1583 124 74 solo
659 1583 140 74 primo
752 1583 78 74 &
783 1583 187 74 secundo:
923 1583 109 74 sed
985 1583 140 74 simul
1079 1583 78 74 a
1110 1583 140 74 primo
1203 1583 171 74 secundo
1328 1583 78 74 &
1359 1583 171 74 tertio:
1483 1583 78 74 &
1514 1583 109 74 sic
1576 1583 202 74 deinceps,
1732 1583 109 74 ita
1794 1583 124 74 quod
1872 1583 156 74 nuilum
1981 1583 218 74 sequentium
2152 1583 140 74 produ

476 1635 107 79 ci
530 1635 179 79 posset
655 1635 89 79 a
691 1635 179 79 primo,
816 1635 125 79 aut
887 1635 179 79 aliquo
1012 1635 214 79 aliorum,
1173 1635 143 79 nisi
1262 1635 161 79 simul
1370 1635 107 79 ab
1423 1635 197 79 omnibus
1566 1635 286 79 intermediis,
1798 1635 107 79 vt
1852 1635 161 79 alibi
1959 1635 161 79 plane
2049 1635 214 79 declaraui-

485 1694 139 66 mus,
572 1694 209 66 loquendo
728 1694 104 66 de
780 1694 296 66 emanationibus
1024 1694 226 66 diuinarum
1198 1694 261 66 personarum.
1407 1694 157 66 Quare
1512 1694 104 66 si
1564 1694 122 66 sit
1633 1694 139 66 ordo
1720 1694 261 66 essentialis
1929 1694 104 66 in
1982 1694 226 66 essentiis
2138 1694 122 66 rerum

489 1751 149 69 potius
593 1751 119 69 quam
668 1751 89 69 in
712 1751 238 69 existentiis:
906 1751 119 69 erit
980 1751 238 69 consimiliter
1174 1751 89 69 in
1218 1751 253 69 essentialiter
1427 1751 193 69 ordinatis
1575 1751 179 69 secundum
1709 1751 134 69 actum
1799 1751 164 69 essendi
1918 1751 179 69 scilicet
2037 1751 223 69 essentialiter

478 1804 197 60 secundum
626 1804 164 60 formas
741 1804 82 60 &
774 1804 214 60 essentias
938 1804 132 60 suas
1020 1804 263 60 producibiles
1234 1804 99 60 in
1284 1804 132 60 esse
1366 1804 82 60 a
1399 1804 115 60 deo
1464 1804 197 60 secundum
1613 1804 148 60 actum
1711 1804 230 60 existendi:
1892 1804 115 60 ita
1958 1804 132 60 quod
2040 1804 115 60 est
2106 1804 181 60 aliquid

477 1850 230 84 secundum
649 1850 230 84 respectu
822 1850 172 84 primi
937 1850 96 84 &
975 1850 192 84 omnium
1109 1850 230 84 aliorum:
1282 1850 153 84 quid
1378 1850 172 84 solum
1492 1850 268 84 immediatum
1703 1850 134 84 est
1780 1850 115 84 ad
1837 1850 211 84 primum:
1991 1850 96 84 &
2029 1850 153 84 post
2106 1850 153 84 primum

485 1911 92 80 &
521 1911 221 80 secundum
687 1911 221 80 tertium,
852 1911 147 80 quid
944 1911 166 80 solum
1055 1911 257 80 immediatum
1257 1911 129 80 est
1331 1911 147 80 post
1422 1911 184 80 illos:
1551 1911 92 80 &
1588 1911 129 80 sic
1662 1911 221 80 deinceps
1827 1911 166 80 vsque
1937 1911 110 80 ad
1993 1911 202 80 infimam
2121 1911 129 80 crea-

474 1964 182 60 turam.
601 1964 127 60 ita
674 1964 145 60 quod
764 1964 182 60 nuilum
892 1964 254 60 sequentium
1091 1964 200 60 haberet
1237 1964 145 60 quod
1328 1964 218 60 essentia
1491 1964 91 60 &
1527 1964 182 60 natura
1655 1964 200 60 quaedam
1800 1964 163 60 esset
1909 1964 91 60 a
1945 1964 127 60 deo
2000 1964 254 60 producibilis

480 2021 193 78 ordinem
621 2021 263 78 essentialem
831 2021 193 78 habendo
971 2021 105 78 ad
1024 2021 175 78 ipsum:
1147 2021 140 78 nisi
1234 2021 193 78 haberet
1374 2021 228 78 similiter
1550 2021 193 78 ordinem
1690 2021 263 78 essentialem
1900 2021 105 78 ad
1953 2021 158 78 omnia
2041 2021 210 78 intermedia

484 2076 87 77 &
518 2076 139 77 illa
605 2076 226 77 similiter
779 2076 104 77 ad
832 2076 191 77 primum,
971 2076 122 77 ita
1041 2076 139 77 quod
1128 2076 226 77 quocunque
1302 2076 261 77 posteriorum
1511 2076 139 77 dato
1598 2076 104 77 in
1650 2076 139 77 tali
1737 2076 174 77 ordine
1859 2076 261 77 impossibile
2068 2076 122 77 est
2120 2076 139 77 ponere

471 2125 225 68 infinita
640 2125 169 68 media
753 2125 169 68 inter
865 2125 169 68 illud
978 2125 94 68 &
1015 2125 206 68 primum.
1166 2125 131 68 Hoc
1241 2125 150 68 enim
1334 2125 169 68 esset
1447 2125 206 68 ordinem
1597 2125 281 68 essentialem
1822 2125 188 68 omnino
1954 2125 281 68 interimere.
2160 2125 94 68 Si-

474 2189 115 67 cut
539 2189 132 67 enim
622 2189 99 67 in
671 2189 132 67 tali
753 2189 165 67 ordine
869 2189 99 67 si
918 2189 115 67 non
984 2189 115 67 est
1050 2189 165 67 primum
1165 2189 247 67 simpliciter
1363 2189 115 67 non
1429 2189 115 67 est
1495 2189 181 67 aliquod
1626 2189 263 67 posteriorum:
1840 2189 115 67 sic
1906 2189 214 67 similiter
2071 2189 99 67 si
2120 2189 115 67 non
2170 2189 82 67 est

480 2233 219 87 secundum
644 2233 219 87 proximum
808 2233 146 87 post
900 2233 201 87 primum:
1046 2233 128 87 nec
1119 2233 164 87 etiam
1228 2233 128 87 est
1301 2233 201 87 aliquod
1448 2233 292 87 posteriorum,
1685 2233 146 87 quia
1776 2233 164 87 illud
1886 2233 219 87 secundum
2050 2233 183 87 primum
2160 2233 91 87 est

479 2299 203 59 respectu
632 2299 271 59 posteriorum:
852 2299 85 59 &
886 2299 119 59 sic
954 2299 220 59 deinceps.
1123 2299 102 59 Et
1174 2299 237 59 declaratur
1361 2299 136 59 ordo
1445 2299 254 59 essentialis
1649 2299 102 59 in
1700 2299 119 59 sic
1767 2299 220 59 ordinatis
1937 2299 102 59 in
1988 2299 136 59 hoc:
2072 2299 136 59 quod
2140 2299 102 59 modo

477 2353 232 57 numerorum
656 2353 107 57 in
709 2353 125 57 eis
781 2353 125 57 est
852 2353 196 57 aliquod
995 2353 143 57 vnum
1084 2353 178 57 primum
1209 2353 321 57 simplicissimum
1477 2353 107 57 in
1530 2353 143 57 fine
1619 2353 303 57 simplicitatis
1869 2353 89 57 &
1905 2353 214 57 virtutis
2048 2353 196 57 infinitae

479 2402 144 64 quia
569 2402 162 64 summe
677 2402 198 64 vnitae:
822 2402 90 64 &
858 2402 144 64 post
948 2402 162 64 illud
1056 2402 126 64 est
1128 2402 198 64 aliquod
1272 2402 144 64 vnum
1362 2402 144 64 quod
1453 2402 126 64 per
1525 2402 198 64 aliquam
1669 2402 307 64 compositionem
1921 2402 126 64 sed
1994 2402 198 64 minimam
2138 2402 144 64 quae

474 2467 177 66 potest
598 2467 212 66 reperiri
757 2467 106 66 in
810 2467 247 66 creaturis,
1004 2467 194 66 recedit
1146 2467 88 66 a
1181 2467 283 66 simplicitate
1411 2467 177 66 illius
1534 2467 177 66 primi:
1658 2467 265 66 quemadmodum
1870 2467 212 66 binarius
2029 2467 124 66 per
2082 2467 159 66 aliquam

467 2514 312 68 compositionem
724 2514 202 68 recedit
871 2514 92 68 a
908 2514 294 68 simplicitate
1147 2514 239 68 vnitatis:
1330 2514 129 68 sed
1404 2514 202 68 minimam
1551 2514 147 68 quae
1643 2514 184 68 potest
1771 2514 221 68 inueniri
1937 2514 110 68 in
1992 2514 221 68 numeris.
2139 2514 110 68 Vnde

473 2577 126 68 est
545 2577 144 68 post
635 2577 162 68 illud
743 2577 180 68 primum
869 2577 180 68 omnino
994 2577 234 68 infinitum
1174 2577 162 68 magis
1282 2577 234 68 infinitum
1462 2577 198 68 virtute
1606 2577 216 68 caeteris
1768 2577 90 68 &
1804 2577 162 68 magis
1911 2577 180 68 vnite.
2037 2577 90 68 &
2073 2577 126 68 sic
2145 2577 144 68 dein

472 2628 148 53 ceps
564 2628 166 53 vsque
675 2628 111 53 ad
730 2628 203 53 infimam
878 2628 240 53 creaturam
1063 2628 203 53 minimae
1211 2628 240 53 virtutis.
1396 2628 111 53 Vt
1452 2628 222 53 secundum
1618 2628 129 53 hoc
1692 2628 296 53 intelligatur
1933 2628 166 53 illud
2044 2628 148 53 quod
2118 2628 129 53 dicit

464 2676 265 62 Augustinus
672 2676 171 62 libro
786 2676 208 62 confes.
938 2676 133 62 Duo
1013 2676 208 62 fecisti
1165 2676 208 62 domine:
1317 2676 152 62 vnum
1411 2676 171 62 prope
1525 2676 133 62 te:
1601 2676 227 62 scilicet
1771 2676 208 62 aliquam
1923 2676 246 62 creaturam
2093 2676 152 62 angeli

468 2738 140 55 cam:
555 2738 192 55 alterum
695 2738 157 55 prope
800 2738 140 55 nihi
887 2738 210 55 scilicet
1045 2738 175 55 primam
1167 2738 227 55 materiam.
1342 2738 140 55 Vnde
1429 2738 105 55 si
1482 2738 297 55 multiplicatio
1726 2738 262 55 essentiarum
1936 2738 227 55 creaturae
2094 2738 157 55 intelli

471 2794 165 69 gatur
581 2794 294 69 multiplicari
819 2794 147 69 siue
911 2794 294 69 plurificari,
1150 2794 128 69 hoc
1223 2794 128 69 non
1297 2794 165 69 debet
1407 2794 239 69 imaginari
1590 2794 202 69 ponendo
1737 2794 257 69 principium
1939 2794 110 69 in
1994 2794 165 69 prima
2086 2794 165 69 materia

467 2846 87 55 &
501 2846 226 55 accedendo
676 2846 104 55 ad
728 2846 174 55 primum
850 2846 174 55 omnium
972 2846 87 55 a
1006 2846 157 55 minus
1111 2846 174 55 nobili
1233 2846 104 55 ad
1285 2846 157 55 magis
1390 2846 174 55 nobile
1512 2846 122 55 sic
1581 2846 104 55 vt
1633 2846 122 55 non
1703 2846 192 55 ponatur
1842 2846 157 55 finis
1947 2846 279 55 perfectionum
2173 2846 104 55 in

465 2894 230 77 creaturis
642 2894 106 77 in
695 2894 265 77 ascendendo.
907 2894 159 77 Istud
1013 2894 141 77 enim
1101 2894 247 77 contrarium
1296 2894 124 77 est
1366 2894 177 77 ordini
1490 2894 212 77 naturae:
1649 2894 141 77 quem
1738 2894 177 77 natura
1861 2894 194 77 nunquam
2003 2894 230 77 inchoaret
2162 2894 88 77 cum

469 2946 104 78 eum
528 2946 192 78 perficere
676 2946 104 78 non
735 2946 163 78 posset.
854 2946 133 78 esset
942 2946 133 78 etiam
1031 2946 207 78 contrarium
1194 2946 207 78 reductioni
1357 2946 222 78 creaturarum
1534 2946 89 78 ad
1578 2946 133 78 deum:
1667 2946 118 78 quia
1741 2946 133 78 nulla
1830 2946 177 78 perfecte
1963 2946 222 78 reduceretur
2140 2946 89 78 ad
2170 2946 74 78 ips

461 3007 124 70 quia
538 3007 108 70 non
600 3007 216 70 reducuntur
770 3007 216 70 posteriora
940 3007 93 70 ad
986 3007 155 70 primum
1094 3007 124 70 nisi
1172 3007 108 70 per
1234 3007 170 70 medium.
1357 3007 108 70 nec
1419 3007 139 70 esset
1512 3007 93 70 in
1558 3007 201 70 reducendo
1713 3007 124 70 ordo
1790 3007 108 70 non
1852 3007 124 70 modo
1929 3007 247 70 essentialis:
2130 3007 108 70 sed
2177 3007 77 70 nec

464 3066 158 71 aliquis
579 3066 115 71 ordo
650 3066 158 71 omnino:
765 3066 115 71 quia
837 3066 86 71 in
880 3066 187 71 infinitis
1024 3066 101 71 non
1081 3066 101 71 est
1139 3066 129 71 ordo.
1225 3066 115 71 Quia
1297 3066 129 71 autem
1383 3066 144 71 aliqui
1484 3066 187 71 assignant
1627 3066 101 71 pro
1685 3066 144 71 cauam:
1785 3066 115 71 quod
1857 3066 86 71 si
1900 3066 158 71 ponatur
2015 3066 201 71 quaecumque
2159 3066 86 71 crea

453 3109 115 91 tura
524 3109 258 91 perfectissima,
739 3109 86 91 sm
782 3109 158 91 aliquam
897 3109 229 91 perfectionem
1083 3109 258 91 imitabilitatis
1298 3109 86 91 in
1341 3109 100 91 deo
1398 3109 172 91 imitatur
1527 3109 143 91 ipsum:
1628 3109 115 91 quae
1699 3109 100 91 est
1757 3109 129 91 super
1843 3109 229 91 persectionem
2015 3109 229 91 imitabilitatis
