2414 3656
159 194 137 79 quia
245 194 120 79 non
313 194 155 79 habet
416 194 258 79 contrarium.
622 194 120 79 Est
691 194 172 79 igitur
811 194 206 79 remanens
966 194 120 79 per
1034 194 103 79 se
1086 194 86 79 &
1120 194 120 79 per
1189 194 137 79 suam
1275 194 275 79 substantiam.
1498 194 155 79 Motus
1601 194 155 79 autem
1687 194 223 79 impossibile

161 261 107 54 est
222 261 92 54 vt
268 261 107 54 sit
329 261 184 54 remanens
468 261 107 54 per
529 261 123 54 suam
606 261 246 54 substantiam:
805 261 107 54 cum
867 261 153 54 habeat
974 261 215 54 contrariu.
1143 261 184 54 scilicet
1281 261 184 54 quietem.
1419 261 169 54 ldeoque
1542 261 92 54 in
1588 261 138 54 caelo
1680 261 107 54 non
1741 261 107 54 est
1787 261 123 54 possi-

160 310 177 71 bilitas
289 310 129 71 nisi
369 310 97 71 vt
418 310 209 71 quiescat.
579 310 209 71 corruptio
740 310 129 71 enim
820 310 113 71 non
885 310 113 71 est
949 310 97 71 in
998 310 97 71 eo
1046 310 145 71 sicut
1143 310 161 71 quies.
1255 310 97 71 Et
1304 310 129 71 ideo
1384 310 113 71 non
1449 310 113 71 est
1513 310 145 71 verum
1610 310 161 71 dicere
1723 310 177 71 aliquid
1835 310 81 71 pos

157 372 147 62 sibile
260 372 118 62 esse
334 372 88 62 ex
378 372 103 62 se:
437 372 177 62 aeternum
570 372 133 62 autem
658 372 74 62 &
688 372 221 62 necessarium
864 372 88 62 ex
908 372 133 62 alio:
997 372 118 62 nisi
1070 372 88 62 in
1115 372 118 62 motu
1188 372 133 62 caeli
1277 372 162 62 tantum.
1394 372 88 62 Vt
1439 372 133 62 autem
1527 372 162 62 aliquid
1645 372 103 62 sit
1704 372 191 62 possibile
1851 372 88 62 in

160 418 226 69 substantia
338 418 129 69 sua:
419 418 81 69 &
451 418 113 69 per
516 418 146 69 aliud
613 418 113 69 sit
677 418 178 69 necesse
807 418 97 69 in
855 418 146 69 esse,
952 418 113 69 est
1017 418 259 69 impossibile:
1227 418 129 69 nisi
1308 418 146 69 esset
1405 418 210 69 possibile
1566 418 97 69 vt
1615 418 129 69 eius
1696 418 162 69 natura
1793 418 113 69 trans

151 478 234 62 mutaretur.
335 478 217 62 Intelligo
502 478 100 62 vt
552 478 100 62 de
602 478 167 62 natura
719 478 217 62 possibili
887 478 150 62 esse,
987 478 167 62 fieret
1104 478 167 62 natura
1221 478 184 62 necesse
1355 478 150 62 esse:
1455 478 100 62 vt
1505 478 117 62 non
1572 478 150 62 esset
1672 478 184 62 amplius
1806 478 100 62 ex
1839 478 67 62 se

156 527 222 64 possibilis
331 527 143 64 esse:
426 527 111 64 sed
489 527 95 64 ex
537 527 95 64 se
585 527 175 64 necesse
712 527 127 64 esse
791 527 238 64 formaliter:
981 527 111 64 sed
1045 527 95 64 ab
1093 527 127 64 alio
1172 527 286 64 principiatiue.
1410 527 95 64 Et
1458 527 111 64 est
1521 527 127 64 ille
1600 527 143 64 modus
1696 527 175 64 tertius
1807 527 95 64 quem

150 579 194 63 habemus
292 579 141 63 prae
380 579 212 63 manibus:
539 579 141 63 quem
627 579 106 63 vt
680 579 141 63 dixi
768 579 177 63 aliqui
892 579 177 63 ponunt
1015 579 265 63 philosophum
1227 579 229 63 posuisse.
1404 579 124 63 Sed
1474 579 141 63 quia
1563 579 141 63 haec
1651 579 194 63 positio
1774 579 124 63 mani-

153 632 150 56 feste
254 632 317 56 contradictionem
521 632 201 56 implicat
671 632 100 56 vt
721 632 234 56 declaratum
905 632 134 56 est:
989 632 117 56 non
1056 632 184 56 videtur
1189 632 150 56 aliis
1289 632 234 56 philosopum
1473 632 184 56 aliquid
1607 632 117 56 tam
1674 632 201 56 absurdum
1807 632 84 56 po-

155 684 175 63 suisse.
282 684 127 63 Vnde
362 684 238 63 Commentator
552 684 191 63 assignat
695 684 191 63 rationem
838 684 143 63 quare
933 684 143 63 motus
1029 684 159 63 potest
1140 684 127 63 esse
1219 684 238 63 necessarius
1410 684 95 63 ab
1457 684 127 63 alio
1537 684 111 63 non
1600 684 79 63 a
1632 684 238 63 substantia:
1823 684 111 63 di-

160 737 139 53 cens.
252 737 231 53 Permanentia
437 737 139 53 motus
529 737 108 53 est
591 737 92 53 ex
637 737 139 53 alio:
729 737 231 53 substantiae
914 737 139 53 autem
1007 737 92 53 ex
1053 737 108 53 se.
1115 737 123 53 ldeo
1192 737 231 53 impossibile
1376 737 108 53 est
1438 737 185 53 inueniri
1577 737 231 53 substantiam
1746 737 154 53 possibi-

155 789 105 55 lem
215 789 90 55 ex
260 789 90 55 se
305 789 225 55 necessariam
485 789 90 55 ex
530 789 135 55 alio:
619 789 120 55 quod
694 789 195 55 possibile
844 789 105 55 est
904 789 90 55 in
949 789 135 55 motu.
1039 789 105 55 Cum
1099 789 120 55 ergo
1174 789 225 55 philosophus
1354 789 150 55 posuit
1459 789 120 55 quod
1533 789 225 55 substantiae
1698 789 195 55 incorrupti-

153 843 148 65 biles
251 843 132 65 sint
334 843 99 65 ex
383 843 99 65 se
433 843 231 65 formaliter
614 843 181 65 necesse
746 843 148 65 esse:
845 843 148 65 nullo
943 843 132 65 modo
1026 843 115 65 cum
1092 843 115 65 hoc
1158 843 165 65 posuit
1273 843 132 65 quod
1355 843 132 65 sunt
1438 843 231 65 causatiuae
1619 843 99 65 ab
1668 843 148 65 alio.
1751 843 148 65 Propter

162 900 116 63 quod
234 900 145 63 verius
335 900 101 63 est
393 900 145 63 dicere
495 900 116 63 quod
567 900 217 63 philosophus
741 900 101 63 non
799 900 130 63 ponit
886 900 116 63 alia
959 900 72 63 a
988 900 130 63 primo
1075 900 116 63 esse
1147 900 87 63 ab
1191 900 116 63 ipso
1263 900 188 63 effectiue
1408 900 116 63 siue
1481 900 203 63 causatiue,
1640 900 101 63 non
1684 900 217 63 continuatione

158 947 158 67 motus.
269 947 111 67 Sic
332 947 127 67 enim
412 947 127 67 omne
491 947 143 67 aliud
586 947 79 67 a
618 947 111 67 deo
681 947 95 67 ex
729 947 95 67 se
776 947 143 67 esset
871 947 206 67 possibile
1030 947 127 67 esse
1109 947 79 67 &
1140 947 111 67 non
1204 947 127 67 esse
1283 947 95 67 vt
1331 947 158 67 dictum
1442 947 127 67 est:
1521 947 79 67 &
1552 947 111 67 non
1616 947 174 67 haberet
1743 947 127 67 esse
1806 947 95 67 nisi

159 999 131 58 sibi
240 999 228 58 acquisitum
420 999 212 58 causatiue
583 999 82 58 a
616 999 131 58 deo:
697 999 131 58 quod
779 999 114 58 est
844 999 180 58 positio
975 999 180 58 Auicen.
1105 999 163 58 Posuit
1220 999 131 58 ergo
1301 999 147 58 omnia
1399 999 131 58 quae
1481 999 147 58 sunt,
1579 999 180 58 praeter
1693 999 212 58 generabilia

157 1053 87 60 &
191 1053 295 60 corruptibilia
434 1053 139 60 esse
521 1053 104 60 ex
573 1053 104 60 se
625 1053 243 60 formaliter
816 1053 156 60 sicut
920 1053 156 60 deum:
1024 1053 121 60 sic
1093 1053 87 60 &
1128 1053 156 60 omnia
1232 1053 139 60 alia
1318 1053 104 60 ab
1370 1053 156 60 ipsqu
1475 1053 329 60 incorruptibilia
1735 1053 173 60 secundum

150 1106 190 66 naturas
288 1106 242 66 specierum.
478 1106 104 66 Et
530 1106 225 66 solummodo
703 1106 121 66 quo
772 1106 104 66 ad
824 1106 121 66 hoc
893 1106 277 66 differentiam
1118 1106 173 66 posuit
1239 1106 156 66 inter
1343 1106 138 66 alia
1430 1106 86 66 a
1464 1106 138 66 deo:
1551 1106 138 66 quod
1637 1106 190 66 quaedam
1758 1106 156 66 species

152 1159 156 57 stant
256 1159 104 57 in
308 1159 139 57 esse
395 1159 104 57 ex
447 1159 104 57 se
499 1159 243 57 formaliter
690 1159 104 57 in
743 1159 156 57 vnico
847 1159 243 57 indiuiduo:
1038 1159 104 57 vt
1090 1159 156 57 omnia
1194 1159 330 57 incorruptibilia
1473 1159 209 57 secundum
1629 1159 174 57 ipsum:
1751 1159 191 57 quaedam

160 1214 124 65 vero
238 1214 109 65 non
300 1214 124 65 nisi
378 1214 93 65 in
425 1214 202 65 pluribus:
581 1214 93 65 vt
627 1214 171 65 species
752 1214 249 65 generabilium
954 1214 78 65 &
985 1214 296 65 corruptibilium:
1234 1214 124 65 quae
1312 1214 109 65 per
1374 1214 93 65 se
1421 1214 93 65 vt
1467 1214 171 65 species
1592 1214 140 65 sunt,
1685 1214 124 65 sunt
1747 1214 156 65 incorru-

152 1266 214 60 ptibiles.
316 1266 115 60 Sed
382 1266 115 60 per
448 1266 198 60 accidens
597 1266 264 60 corrumpuntur
811 1266 99 60 in
861 1266 231 60 indiuiduis
1042 1266 148 60 suis.
1141 1266 247 60 Quemadmodum
1339 1266 148 60 etiam
1438 1266 198 60 elementa
1587 1266 198 60 secundum
1735 1266 181 60 speciem
1851 1266 49 60 &

155 1319 168 65 secundum
281 1319 112 65 tota
351 1319 140 65 posuit
450 1319 281 65 incorruptibilia:
688 1319 168 65 secundum
814 1319 140 65 partes
913 1319 112 65 vero
983 1319 253 65 corruptibilia.
1193 1319 84 65 Si
1235 1319 112 65 ergo
1306 1319 210 65 philosophus
1474 1319 126 65 ponit
1558 1319 112 65 alia
1628 1319 112 65 esse
1699 1319 70 65 a
1727 1319 112 65 deo:
1797 1319 98 65 hoc
1839 1319 70 65 est

157 1366 143 64 solum
252 1366 238 64 dependenter
443 1366 190 64 secundum
585 1366 174 64 quartum
712 1366 143 64 modum
807 1366 174 64 essendi
934 1366 238 64 praetactum:
1124 1366 95 64 vt
1172 1366 143 64 ponat
1267 1366 127 64 omne
1346 1366 143 64 aliud
1441 1366 111 64 ens
1505 1366 79 64 a
1536 1366 111 64 deo
1600 1366 95 64 in
1647 1366 111 64 suo
1711 1366 127 64 esse
1774 1366 127 64 depen-

155 1421 140 67 dere:
249 1421 140 67 sicut
342 1421 140 67 minus
435 1421 202 67 perfectum
591 1421 93 67 in
638 1421 124 67 esse
716 1421 78 67 a
747 1421 140 67 magis
840 1421 202 67 perfecto:
996 1421 78 67 &
1027 1421 109 67 per
1089 1421 156 67 eundem
1198 1421 140 67 modum
1291 1421 78 67 a
1322 1421 171 67 secundo
1447 1421 124 67 post
1525 1421 124 67 deum
1602 1421 140 67 omnia
1696 1421 233 67 posteriora:

157 1483 98 58 pro
213 1483 140 58 tante.
311 1483 168 58 scilicet
438 1483 112 58 quod
508 1483 154 58 propter
620 1483 211 58 essentialem
789 1483 154 58 ordinem
901 1483 112 58 quem
971 1483 140 58 habent
1070 1483 126 58 inter
1154 1483 98 58 se,
1210 1483 84 58 si
1252 1483 98 58 non
1308 1483 126 58 esset
1393 1483 154 58 primum:
1505 1483 98 58 non
1561 1483 126 58 esset
1645 1483 154 58 aliquid
1744 1483 154 58 posterio-

156 1525 129 62 rum:
236 1525 113 62 ita
301 1525 129 62 quod
382 1525 161 62 primum
494 1525 161 62 posset
607 1525 129 62 poni
688 1525 97 62 in
736 1525 129 62 esse
817 1525 129 62 fine
897 1525 242 62 posteriori:
1091 1525 129 62 quia
1172 1525 113 62 non
1236 1525 193 62 dependet
1381 1525 97 62 ab
1429 1525 161 62 illis:
1542 1525 161 62 nuilum
1655 1525 145 62 autem
1752 1525 177 62 aliorum

153 1579 126 63 sine
232 1579 142 63 primo
327 1579 268 63 quantuncumque
547 1579 189 63 ponantur
689 1579 126 63 fore
768 1579 173 63 necesse
894 1579 126 63 esse
973 1579 95 63 ex
1020 1579 95 63 se
1068 1579 236 63 formaliter.
1257 1579 158 63 Posuit
1367 1579 126 63 enim
1446 1579 126 63 quod
1525 1579 110 63 sic
1588 1579 158 63 essent
1698 1579 142 63 omnia
1777 1579 126 63 neces-

159 1634 140 56 saria
253 1634 93 56 in
299 1634 109 56 suo
361 1634 171 56 necesse
485 1634 124 56 esse
563 1634 93 56 ex
609 1634 93 56 se
656 1634 233 56 formaliter:
842 1634 124 56 quod
919 1634 124 56 sibi
997 1634 155 56 abesse
1105 1634 109 56 non
1167 1634 186 56 possent.
1307 1634 109 56 lta
1369 1634 140 56 etiam
1462 1634 124 56 quod
1539 1634 93 56 si
1586 1634 171 56 ponatur
1710 1634 171 56 aliquod
1818 1634 78 56 po-

156 1686 197 58 steriorum
307 1686 121 58 esse
383 1686 76 58 &
414 1686 152 58 primum
520 1686 106 58 non
581 1686 137 58 esse,
672 1686 228 58 includantur
854 1686 273 58 contradictoria
1081 1686 137 58 simul
1172 1686 91 58 in
1217 1686 152 58 eodem:
1324 1686 121 58 quod
1400 1686 182 58 scilicet
1536 1686 152 58 esset:
1642 1686 121 58 quia
1718 1686 106 58 est
1764 1686 137 58 necesse

160 1738 121 58 esse
235 1738 121 58 fine
311 1738 257 58 possibilitate
523 1738 91 58 ad
568 1738 106 58 non
628 1738 136 58 esse:
719 1738 76 58 &
749 1738 121 58 quod
825 1738 106 58 non
885 1738 151 58 esset:
991 1738 121 58 quia
1067 1738 136 58 illud
1157 1738 106 58 per
1218 1738 212 58 positionem
1384 1738 106 58 non
1445 1738 106 58 est
1505 1738 76 58 a
1535 1738 106 58 quo
1596 1738 257 58 essentialiter
1792 1738 106 58 depen

159 1794 101 66 det
216 1794 87 66 in
260 1794 130 66 esse.
346 1794 173 66 secundum
476 1794 115 66 quod
548 1794 144 66 versus
649 1794 130 66 finem
736 1794 217 66 quaestionis
909 1794 245 66 declarabimus.
1111 1794 101 66 Sed
1169 1794 115 66 ista
1241 1794 159 66 positio
1357 1794 115 66 quae
1429 1794 159 66 putatur
1545 1794 144 66 fuisse
1646 1794 217 66 philosophi,
1804 1794 87 66 etsi

162 1843 103 67 non
221 1843 176 67 implicet
353 1843 279 67 contradictoria:
588 1843 176 67 supponit
720 1843 132 67 tamen
808 1843 117 67 vnum
882 1843 147 67 falsum
984 1843 176 67 scilicet
1116 1843 117 67 quod
1190 1843 161 67 aliquid
1307 1843 88 67 in
1351 1843 103 67 suo
1410 1843 117 67 esse
1483 1843 250 67 essentialiter
1689 1843 176 67 dependet
1821 1843 88 67 ab
1850 1843 59 67 eo

157 1898 76 57 a
187 1898 107 57 quo
248 1898 107 57 non
310 1898 138 57 habet
401 1898 138 57 esse.
493 1898 138 57 Nauta
585 1898 122 57 enim
661 1898 107 57 per
722 1898 122 57 suam
799 1898 199 57 absentiam
951 1898 168 57 numquam
1074 1898 138 57 esset
1165 1898 138 57 causa
1257 1898 290 57 periclitationis
1502 1898 138 57 nauis
1593 1898 122 57 nisi
1670 1898 107 57 per
1731 1898 122 57 suam
1792 1898 107 57 prae-

155 1951 176 60 sentiam
283 1951 160 60 aliquo
395 1951 128 60 modo
475 1951 144 60 esset
571 1951 144 60 causa
667 1951 128 60 esse
747 1951 176 60 salutis
875 1951 160 60 nauis.
987 1951 128 60 Vnde
1068 1951 192 60 secundum
1212 1951 192 60 superius
1356 1951 144 60 dicta
1452 1951 272 60 quantuncumque
1676 1951 112 60 sit
1724 1951 176 60 essentia-

161 2003 109 56 lis
224 2003 124 56 ordo
301 2003 233 56 creaturarum
488 2003 140 56 inter
581 2003 109 56 se:
643 2003 124 56 quia
721 2003 140 56 tamen
814 2003 124 56 esse
892 2003 109 56 non
954 2003 155 56 habent
1063 2003 124 56 nisi
1141 2003 78 56 a
1172 2003 140 56 primo
1265 2003 93 56 in
1311 2003 124 56 suis
1389 2003 218 56 speciebus:
1560 2003 78 56 a
1591 2003 140 56 nullo
1684 2003 202 56 dependent
1840 2003 93 56 in

163 2055 104 65 suo
222 2055 119 65 esse
297 2055 119 65 nisi
371 2055 74 65 a
400 2055 148 65 primo.
504 2055 89 65 Vt
549 2055 104 65 vn.
608 2055 178 65 scilicet
741 2055 163 65 illarum
860 2055 133 65 sicut
949 2055 104 65 nec
1008 2055 178 65 secundum
1141 2055 237 65 productionem
1334 2055 89 65 in
1378 2055 119 65 esse
1453 2055 178 65 dependet
1586 2055 89 65 ab
1630 2055 133 65 alia,
1719 2055 104 65 sic
1779 2055 133 65 neque
1853 2055 59 65 se

161 2104 174 63 cundum
283 2104 279 63 permanentiam
509 2104 140 63 suam
597 2104 105 63 in
649 2104 157 63 esse.
754 2104 140 63 Vnde
841 2104 87 63 &
876 2104 227 63 indiuidua
1050 2104 262 63 generabilia
1260 2104 87 63 &
1294 2104 297 63 corruptibilia
1539 2104 105 63 si
1591 2104 105 63 in
1643 2104 157 63 nullo
1748 2104 87 63 a
1765 2104 140 63 corpo-

165 2158 140 69 ribus
259 2158 233 69 caelestibus
445 2158 78 69 &
476 2158 171 69 motibus
600 2158 140 69 eorum
693 2158 233 69 dependerent
880 2158 186 69 secundum
1019 2158 248 69 productionem
1221 2158 124 69 suam
1299 2158 93 69 in
1345 2158 140 69 esse:
1438 2158 140 69 neque
1531 2158 186 69 secundum
1671 2158 140 69 eorum
1749 2158 155 69 permanem

158 2214 133 65 tiam
242 2214 100 65 in
292 2214 150 65 esse.
391 2214 133 65 Vnde
475 2214 83 65 &
508 2214 150 65 sicut
608 2214 133 65 deus
691 2214 100 65 in
741 2214 133 65 suis
824 2214 166 65 primis
941 2214 233 65 indiuiduis
1124 2214 200 65 produxit
1274 2214 100 65 ea
1323 2214 133 65 fine
1407 2214 166 65 illis:
1523 2214 100 65 vt
1573 2214 166 65 cuncta
1673 2214 233 65 terraenascem

168 2273 118 56 tia
236 2273 169 56 tertia
354 2273 135 56 die,
438 2273 135 56 ante
522 2273 236 56 creationem
708 2273 152 56 solis
809 2273 84 56 &
843 2273 152 56 lunae
944 2273 84 56 &
978 2273 219 56 stellarum
1147 2273 169 56 quarta
1265 2273 135 56 die,
1349 2273 101 56 ne
1400 2273 101 56 vt
1450 2273 152 56 dicit
1552 2273 219 56 Ambrosius
1720 2273 101 56 in
1754 2273 152 56 Hexame.

162 2328 228 61 putarentur
341 2328 163 61 fuisse
455 2328 196 61 mediante
602 2328 130 61 sole
683 2328 130 61 luna
765 2328 82 61 &
797 2328 196 61 stellis,
944 2328 98 61 si
993 2328 130 61 post
1075 2328 179 61 quartam
1205 2328 130 61 dien
1287 2328 196 61 fuissent
1433 2328 212 61 producta:
1596 2328 114 61 sic
1661 2328 82 61 &
1694 2328 130 61 deus
1776 2328 130 61 sine
1841 2328 65 61 il

160 2375 102 58 lis
219 2375 146 58 potest
321 2375 131 58 etiam
409 2375 88 58 ea
452 2375 204 58 conseruare
613 2375 88 58 in
657 2375 131 58 esse.
744 2375 88 58 vt
788 2375 146 58 contra
890 2375 204 58 sententiam
1051 2375 248 58 philosophorum
1256 2375 131 58 illud
1343 2375 117 58 quod
1416 2375 102 58 est
1475 2375 190 58 possibile
1621 2375 117 58 esse
1694 2375 73 58 &
1723 2375 102 58 non
1781 2375 117 58 esse
1840 2375 58 58 ex

166 2426 109 54 se,
229 2426 156 54 possit
338 2426 218 54 perpetuari
509 2426 93 54 in
556 2426 125 54 esse
633 2426 93 54 de
680 2426 171 54 futuro:
805 2426 125 54 etsi
882 2426 109 54 non
945 2426 156 54 semper
1054 2426 125 54 fuit
1131 2426 93 54 in
1178 2426 233 54 praeterito:
1365 2426 109 54 sed
1427 2426 171 54 recepit
1552 2426 125 54 esse
1629 2426 125 54 post
1707 2426 109 54 non
1769 2426 140 54 esse.
1847 2426 47 54 &

164 2478 123 65 hoc
235 2478 140 65 quia
322 2478 140 65 esse
410 2478 158 65 habet
515 2478 105 65 ab
567 2478 158 65 alio.
673 2478 140 65 Vnde
760 2478 158 65 eadem
865 2478 105 65 de
918 2478 158 65 causa
1023 2478 123 65 qua
1093 2478 263 65 Commentator
1303 2478 158 65 dicit
1408 2478 105 65 de
1461 2478 158 65 motu:
1566 2478 140 65 quod
1654 2478 228 65 possibile
1811 2478 88 65 est

167 2530 95 71 vt
215 2530 111 71 sit
278 2530 238 71 necessarius
469 2530 95 71 ex
516 2530 143 71 alio:
611 2530 79 71 &
643 2530 222 71 possibilis
818 2530 95 71 ex
865 2530 111 71 se,
929 2530 190 71 scilicet
1072 2530 127 71 quia
1151 2530 127 71 esse
1230 2530 143 71 habet
1326 2530 95 71 ab
1373 2530 143 71 alio:
1469 2530 190 71 scilicet
1611 2530 79 71 a
1643 2530 175 71 motore:
1770 2530 79 71 &
1802 2530 127 71 ideo

170 2586 193 66 aeternus:
319 2586 119 66 quia
393 2586 104 66 est
452 2586 74 66 a
482 2586 149 66 motore
586 2586 178 66 aeterno:
720 2586 89 66 vt
764 2586 119 66 ideo
838 2586 119 66 esse
913 2586 74 66 &
942 2586 223 66 permanentia
1121 2586 119 66 eius
1195 2586 149 66 possit
1299 2586 119 66 esse
1373 2586 89 66 ab
1418 2586 119 66 alio
1492 2586 89 66 ab
1537 2586 178 66 aeterno:
1670 2586 193 66 potuisset
1819 2586 104 66 di-

162 2643 126 64 xisse
246 2643 84 64 de
288 2643 210 64 substantia.
456 2643 112 64 Vnde
526 2643 112 64 quod
596 2643 210 64 philosophus
764 2643 84 64 in
806 2643 210 64 substantiis
974 2643 140 64 posuit
1073 2643 210 64 impossibile
1241 2643 210 64 substantiam
1409 2643 168 64 inueniri
1535 2643 196 64 possibilem
1689 2643 84 64 ex
1731 2643 98 64 se,
1773 2643 126 64 necessa

162 2693 129 56 riam
242 2693 145 56 autem
339 2693 96 56 ex
387 2693 145 56 alio,
483 2693 145 56 huius
580 2693 145 56 causa
676 2693 112 56 non
740 2693 112 56 est
805 2693 129 56 nisi
885 2693 129 56 quia
965 2693 161 56 posuit
1078 2693 257 56 permanentiam
1287 2693 241 56 substantiae
1479 2693 193 56 aeternam
1624 2693 112 56 non
1688 2693 129 56 esse
1768 2693 129 56 nisi
1833 2693 64 56 ex

164 2738 111 65 se:
227 2738 111 65 ita
291 2738 126 65 quod
369 2738 142 65 nullo
464 2738 126 65 modo
543 2738 95 65 ex
591 2738 126 65 alio
669 2738 221 65 causatiue:
843 2738 142 65 sicut
938 2738 95 65 in
985 2738 221 65 substantia
1159 2738 221 65 generabili
1333 2738 79 65 &
1364 2738 253 65 corruptibili
1569 2738 158 65 posuit
1680 2738 126 65 quod
1759 2738 95 65 ex
1806 2738 95 65 se
1838 2738 63 65 ne

172 2801 134 63 cesse
261 2801 134 63 habet
351 2801 193 63 quandoque
499 2801 104 63 non
559 2801 134 63 esse:
648 2801 134 63 licet
737 2801 89 63 ab
782 2801 119 63 alio
856 2801 134 63 habet
945 2801 134 63 esse.
1035 2801 89 63 vt
1079 2801 149 63 habere
1183 2801 119 63 esse
1258 2801 89 63 ab
1302 2801 134 63 alio:
1391 2801 119 63 quod
1466 2801 104 63 est
1525 2801 193 63 possibile
1674 2801 89 63 ex
1719 2801 104 63 se,
1778 2801 104 63 non
1823 2801 74 63 sit

168 2850 140 67 tota
256 2850 158 67 ratio
361 2850 158 67 quare
466 2850 175 67 possit
589 2850 105 67 ab
642 2850 140 67 alio
729 2850 245 67 perpetuari
922 2850 105 67 in
975 2850 158 67 esse.
1080 2850 123 67 Sed
1150 2850 123 67 cum
1220 2850 123 67 hoc
1290 2850 245 67 concurrunt
1483 2850 140 67 alia
1571 2850 140 67 duo:
1659 2850 175 67 Quorum
1764 2850 140 67 primum

167 2902 112 61 est
231 2902 127 61 quod
310 2902 127 61 esse
390 2902 127 61 suum
470 2902 143 61 habet
565 2902 207 61 immediate
725 2902 96 61 ab
773 2902 96 61 eo
820 2902 127 61 quod
900 2902 239 61 vniformiter
1091 2902 96 61 se
1139 2902 143 61 habet
1235 2902 96 61 ad
1283 2902 159 61 ipsum,
1394 2902 80 61 &
1426 2902 96 61 ad
1474 2902 175 61 mobile,
1601 2902 96 61 vt
1649 2902 112 61 est
1713 2902 143 61 anima
1792 2902 112 61 caeli

171 2958 135 59 siue
255 2958 152 59 motor
356 2958 135 59 eius
441 2958 253 59 coniunctus:
643 2958 84 59 &
676 2958 219 59 similiter
845 2958 135 59 esse
929 2958 135 59 suum
1013 2958 185 59 mediate
1148 2958 101 59 ab
1199 2958 101 59 eo
1249 2958 135 59 quod
1333 2958 168 59 semper
1451 2958 253 59 vniformiter
1653 2958 101 59 se
1704 2958 152 59 habet
1805 2958 101 59 in
1839 2958 67 59 se

174 3004 82 88 &
206 3004 197 88 respectu
354 3004 197 88 aliorum:
503 3004 99 88 vt
552 3004 82 88 a
585 3004 164 88 motore
700 3004 164 88 primo:
815 3004 132 88 quia
897 3004 115 88 est
963 3004 181 88 immotus
1095 3004 164 88 semper
1210 3004 82 88 &
1243 3004 115 88 per
1308 3004 99 88 se
1358 3004 280 88 essentialiter
1588 3004 82 88 &
1621 3004 313 88 accidentaliter,
1868 3004 49 88 &
