2503 3727
516 184 121 84 hoc
585 184 189 84 propter
722 184 276 84 particularia
946 184 258 84 generabilia
1153 184 86 84 &
1187 184 310 84 corruptibilia:
1446 184 138 84 quae
1532 184 138 84 esse
1618 184 138 84 suum
1704 184 224 84 immediate
1876 184 172 84 habent
1997 184 86 84 a
2031 184 258 84 caelestibus
2221 184 103 84 cor-

518 280 183 60 poribus:
655 280 122 60 quae
731 280 168 60 propter
853 280 137 60 motum
945 280 107 60 quo
1006 280 122 60 sunt
1082 280 153 60 causae
1189 280 153 60 eorum,
1296 280 153 60 semper
1403 280 229 60 difformiter
1586 280 92 60 se
1631 280 153 60 habent
1738 280 92 60 ad
1784 280 137 60 illa.
1876 280 183 60 Secundum
2013 280 137 60 vero:
2104 280 122 60 quia
2181 280 107 60 nec
2226 280 92 60 per-

523 326 216 67 manentiam
690 326 133 67 suam
773 326 150 67 habet
873 326 100 67 ex
923 326 116 67 se:
989 326 83 67 &
1022 326 116 67 hoc
1089 326 183 67 propter
1222 326 250 67 substantias
1422 326 150 67 alias
1521 326 83 67 a
1555 326 283 67 generabilibus
1788 326 83 67 &
1821 326 333 67 coriuptibilibus:
2104 326 166 67 quarum
2220 326 133 67 natu

530 377 96 60 ram
585 377 137 60 posuit
681 377 205 60 philosophus
845 377 109 60 esse
913 377 137 60 talem,
1009 377 109 60 quod
1077 377 96 60 non
1132 377 123 60 esset
1214 377 82 60 in
1255 377 82 60 ea
1296 377 164 60 potentia
1419 377 150 60 omnino:
1529 377 109 60 nisi
1597 377 109 60 quod
1666 377 82 60 in
1707 377 109 60 solo
1775 377 150 60 corpore
1884 377 164 60 caelesti
2007 377 123 60 esset
2089 377 164 60 potentia
2213 377 82 60 ad
2240 377 82 60 vbi:

531 428 79 70 &
563 428 127 70 quod
642 428 95 70 in
689 428 222 70 substantia
864 428 111 70 sua
927 428 95 70 ex
974 428 95 70 se
1022 428 79 70 &
1054 428 158 70 natura
1164 428 111 70 sua
1228 428 158 70 essent
1339 428 174 70 necesse
1465 428 142 70 esse:
1560 428 79 70 &
1592 428 127 70 quod
1671 428 127 70 alia
1750 428 95 70 ex
1798 428 222 70 substantia
1972 428 79 70 &
2003 428 158 70 natura
2114 428 111 70 sua
2178 428 111 70 non
2225 428 95 70 sunt

531 492 166 60 necesse
652 492 136 60 esse:
742 492 106 60 sed
803 492 257 60 corruptibile:
1014 492 106 60 ita
1075 492 121 60 quod
1150 492 91 60 si
1195 492 166 60 aliquid
1316 492 106 60 sit
1377 492 151 60 semper
1482 492 181 60 existens
1618 492 106 60 hoc
1679 492 136 60 facit
1769 492 151 60 natura
1875 492 106 60 sua
1935 492 106 60 qua
1996 492 106 60 est
2056 492 166 60 necesse
2177 492 136 60 esse,
2253 492 60 60 vt

532 538 127 65 nihil
617 538 141 65 possit
716 538 113 65 esse
786 538 141 65 semper
885 538 170 65 existens
1012 538 113 65 nisi
1083 538 85 65 ex
1126 538 85 65 se
1168 538 99 65 sit
1225 538 155 65 necesse
1338 538 113 65 esse
1408 538 155 65 praeter
1521 538 141 65 motum:
1620 538 85 65 et
1663 538 184 65 similiter
1804 538 85 65 si
1847 538 155 65 aliquid
1960 538 99 65 sit
2016 538 99 65 non
2073 538 141 65 semper
2158 538 155 65 existens,

530 590 99 67 hoc
586 590 127 67 facit
671 590 141 67 natura
770 590 99 67 sua
826 590 113 67 quae
896 590 99 67 non
953 590 99 67 est
1009 590 155 67 necesse
1122 590 127 67 esse:
1206 590 85 67 vt
1249 590 169 67 secundum
1376 590 127 67 ipsum
1460 590 197 67 substantia
1615 590 113 67 quia
1686 590 85 67 ex
1728 590 85 67 se
1770 590 99 67 non
1827 590 141 67 semper
1925 590 113 67 est,
1996 590 99 67 non
2052 590 141 67 possit
2151 590 155 67 hatbene
2264 590 85 67 ab

537 645 115 58 alio
608 645 143 58 semper
709 645 115 58 esse
780 645 115 58 nisi
852 645 115 58 eius
924 645 143 58 natura
1024 645 244 58 transmutetur:
1225 645 86 58 vt
1268 645 115 58 ille
1340 645 129 58 alius
1426 645 100 58 pro
1483 645 100 58 vna
1541 645 143 58 natura
1641 645 129 58 daret
1727 645 115 58 sibi
1799 645 129 58 aliam
1885 645 172 58 naturam:
2014 645 86 58 et
2057 645 186 58 similiter
2200 645 115 58 dans
2258 645 57 58 de

533 700 117 60 vna
600 700 167 60 natura
717 700 300 60 transmutaretur
967 700 100 60 in
1017 700 167 60 aliam.
1134 700 100 60 Et
1184 700 117 60 hoc
1251 700 117 60 est
1318 700 134 60 quod
1401 700 150 60 dicit
1501 700 100 60 in
1551 700 150 60 primo
1651 700 134 60 cae.
1735 700 83 60 &
1768 700 134 60 mun.
1852 700 250 60 Impossibile
2052 700 117 60 est
2119 700 100 60 vt
2169 700 117 60 non
2219 700 100 60 gene

532 753 173 69 rabile
653 753 104 69 in
705 753 173 69 aliquo
826 753 190 69 tempore
964 753 156 69 cadat
1068 753 121 69 sub
1137 753 277 69 corruptione.
1362 753 259 69 Impossibile
1569 753 121 69 est
1639 753 138 69 enim
1725 753 104 69 vt
1777 753 190 69 aliquid
1915 753 121 69 non
1984 753 242 69 generabile
2175 753 86 69 &
2192 753 121 69 corru

526 809 173 62 ptibile
652 809 126 62 fiat
731 809 126 62 sine
810 809 189 62 factore.
952 809 142 62 Facta
1047 809 126 62 enim
1125 809 126 62 sine
1204 809 173 62 factore
1330 809 126 62 rara
1409 809 142 62 sunt:
1504 809 79 62 &
1536 809 110 62 cum
1599 809 173 62 fuerint
1725 809 252 62 destruuntur.
1930 809 205 62 Permanens
2087 809 142 62 autem
2182 809 95 62 in
2214 809 110 62 aeter

533 870 138 56 num,
619 870 86 56 &
654 870 104 56 in
705 870 190 56 tempore
843 870 207 56 infinito
999 870 121 56 non
1068 870 121 56 sit
1137 870 138 56 sine
1223 870 190 56 factore
1361 870 190 56 omnino:
1499 870 86 56 &
1534 870 121 56 cum
1603 870 121 56 ita
1672 870 138 56 sit,
1758 870 173 56 natura
1879 870 121 56 est
1948 870 190 56 faciens
2086 870 155 56 omnia
2173 870 155 56 aeterna

527 918 238 62 necessario,
718 918 79 62 &
749 918 127 62 ipsa
829 918 143 62 facit
924 918 95 62 vt
972 918 127 62 idem
1051 918 111 62 sit
1115 918 127 62 ens,
1194 918 79 62 &
1226 918 95 62 vt
1274 918 111 62 sit
1337 918 111 62 non
1401 918 111 62 ens
1464 918 95 62 in
1512 918 191 62 tempore,
1655 918 79 62 &
1687 918 191 62 tempore:
1830 918 79 62 &
1861 918 95 62 vt
1909 918 175 62 quaedam
2036 918 127 62 sint
2116 918 159 62 semper
2211 918 111 62 entia

532 970 84 60 &
566 970 184 60 quaedam
700 970 117 60 non
766 970 151 60 entia
867 970 167 60 semper
984 970 100 60 in
1034 970 184 60 tempore
1168 970 217 60 infinita.
1335 970 84 60 &
1369 970 151 60 causa
1469 970 167 60 illius
1586 970 117 60 est
1653 970 217 60 fortitudo
1820 970 167 60 illius
1937 970 201 60 naturae.
2088 970 134 60 Quod
2155 970 167 60 exponens

534 1026 252 63 Commentator
736 1026 151 63 dicit
837 1026 135 63 sic.
921 1026 252 63 Abbreuiatio
1123 1026 151 63 huius
1224 1026 202 63 sermonis
1375 1026 135 63 est:
1459 1026 135 63 quod
1543 1026 101 63 si
1594 1026 185 63 aliquid
1728 1026 118 63 est
1796 1026 118 63 non
1863 1026 235 63 generabile
2048 1026 135 63 siue
2132 1026 185 63 ponatur
2250 1026 67 63 si

540 1074 94 68 ue
587 1074 125 68 non,
665 1074 78 68 &
696 1074 172 68 aliquid
821 1074 156 68 fuerit
930 1074 265 68 corruptibile,
1149 1074 125 68 siue
1226 1074 203 68 generatum
1382 1074 125 68 siue
1460 1074 125 68 non:
1538 1074 218 68 manifestum
1710 1074 109 68 est
1772 1074 125 68 quod
1850 1074 234 68 impossibile
2037 1074 109 68 est
2100 1074 125 68 quod
2178 1074 109 68 sit
2224 1074 94 68 casu

541 1131 103 57 nam
600 1131 132 57 sicut
688 1131 117 57 quod
761 1131 103 57 sit
820 1131 117 57 casu
893 1131 117 57 raro
967 1131 117 57 fit:
1040 1131 103 57 ita
1099 1131 132 57 etiam
1187 1131 132 57 parum
1275 1131 176 57 existit.
1407 1131 88 57 Et
1451 1131 103 57 cum
1509 1131 103 57 ita
1568 1131 117 57 sit:
1641 1131 132 57 illud
1729 1131 117 57 quod
1803 1131 147 57 semper
1905 1131 117 57 est,
1979 1131 103 57 non
2037 1131 103 57 est
2096 1131 147 57 semper
2199 1131 117 57 nisi
2257 1131 59 57 ex

542 1188 161 64 natura
655 1188 97 64 ad
703 1188 129 64 hoc:
784 1188 81 64 &
816 1188 113 64 est
880 1188 161 64 natura
993 1188 129 64 eius
1074 1188 113 64 per
1138 1188 129 64 quam
1219 1188 113 64 est
1283 1188 129 64 quid
1364 1188 129 64 est.
1444 1188 177 64 Naturae
1573 1188 161 64 igitur
1686 1188 145 64 rerum
1782 1188 129 64 dant
1863 1188 113 64 eis
1927 1188 113 64 aut
1992 1188 97 64 vt
2040 1188 129 64 sint
2121 1188 177 64 semper,
2233 1188 81 64 aut

539 1232 103 69 vt
590 1232 120 69 non
659 1232 137 69 sint
744 1232 188 69 semper:
881 1232 120 69 aut
949 1232 103 69 vt
1001 1232 222 69 aliquando
1172 1232 154 69 sint,
1274 1232 86 69 &
1309 1232 222 69 aliquando
1480 1232 120 69 non
1548 1232 154 69 sint.
1651 1232 103 69 Si
1702 1232 171 69 igitur
1822 1232 222 69 inuenitur
1993 1232 188 69 aliquid
2113 1232 205 69 generabile

539 1291 213 61 aeternum,
703 1291 115 61 aut
768 1291 197 61 aeternum
916 1291 230 61 corruptum,
1096 1291 148 61 esset
1195 1291 213 61 possibile
1359 1291 98 61 vt
1408 1291 164 61 natura
1523 1291 230 61 possibilis
1703 1291 295 61 transmutaretur
1949 1291 98 61 in
1998 1291 262 61 necessariam,
2212 1291 82 61 &
2228 1291 82 61 ne-

549 1345 194 62 cessaria
694 1345 97 62 in
742 1345 226 62 possibilem
920 1345 97 62 in
968 1345 161 62 agente
1081 1345 161 62 natura
1194 1345 81 62 &
1226 1345 242 62 recipiente:
1420 1345 129 62 quod
1500 1345 113 62 est
1565 1345 258 62 impossibile.
1775 1345 97 62 Et
1823 1345 161 62 dixit.
1936 1345 242 62 Impossibile
2129 1345 113 62 est
2194 1345 129 62 enim
2258 1345 65 62 vt

541 1396 183 63 aliquid
675 1396 233 63 generabile
858 1396 117 63 &c.
925 1396 100 63 i.
975 1396 250 63 impossibile
1175 1396 117 63 est
1241 1396 100 63 vt
1291 1396 183 63 aliquid
1425 1396 117 63 sit
1492 1396 117 63 non
1558 1396 233 63 generabile
1742 1396 117 63 aut
1808 1396 117 63 non
1875 1396 267 63 corruptibile
2092 1396 150 63 casu:
2192 1396 117 63 sed
2242 1396 83 63 ne-

544 1451 202 60 cessarium
700 1451 109 60 est
762 1451 93 60 vt
809 1451 109 60 hoc
871 1451 109 60 sit
934 1451 156 60 natura
1043 1451 202 60 faciente:
1198 1451 171 60 quoniam
1323 1451 140 60 omnia
1416 1451 218 60 existentia
1587 1451 125 60 casu
1665 1451 109 60 non
1727 1451 202 60 permanent
1883 1451 125 60 nisi
1961 1451 156 60 parum:
2070 1451 140 60 sicut
2163 1451 109 60 non
2210 1451 109 60 fiunt

538 1505 130 58 nisi
619 1505 146 58 raro.
716 1505 162 58 Deinde
830 1505 162 58 dixit.
943 1505 211 58 Permanens
1105 1505 146 58 autem
1203 1505 81 58 &
1235 1505 195 58 aeternum
1381 1505 97 58 &c
1430 1505 97 58 id
1479 1505 97 58 e.
1527 1505 114 58 non
1592 1505 114 58 fit
1657 1505 130 58 nisi
1738 1505 130 58 quia
1819 1505 227 58 substantia
1998 1505 81 58 &
2030 1505 195 58 essentia
2176 1505 130 58 eius
2241 1505 81 58 dat

542 1561 96 60 ei
590 1561 273 60 permanentiam.
815 1561 161 60 Deinde
928 1561 161 60 dixit:
1040 1561 96 60 Et
1088 1561 113 60 cum
1153 1561 113 60 ita
1217 1561 161 60 natura
1329 1561 113 60 sit
1394 1561 113 60 &c.
1458 1561 96 60 i.
1506 1561 96 60 et
1555 1561 113 60 cum
1619 1561 145 60 causa
1715 1561 129 60 esse
1796 1561 145 60 rerum
1892 1561 225 60 naturalium
2069 1561 113 60 sit
2133 1561 96 60 ex
2181 1561 177 60 natura:

535 1617 228 57 naturalia
711 1617 140 57 sunt
798 1617 175 57 tribus
921 1617 175 57 modis:
1044 1617 123 57 aut
1114 1617 175 57 quorum
1237 1617 175 57 natura
1360 1617 123 57 dat
1430 1617 123 57 eis
1500 1617 105 57 vt
1552 1617 175 57 semper
1675 1617 158 57 sint,
1780 1617 123 57 aut
1851 1617 105 57 vt
1903 1617 175 57 semper
2026 1617 123 57 non
2096 1617 158 57 sint,
2201 1617 123 57 aut
2254 1617 70 57 vt

547 1671 132 59 sint
629 1671 99 59 in
678 1671 164 59 duabus
793 1671 329 59 dispositionibus.
1073 1671 99 59 et
1122 1671 148 59 nulla
1221 1671 164 59 natura
1336 1671 115 59 dat
1402 1671 99 59 vt
1451 1671 115 59 sit
1517 1671 164 59 semper
1632 1671 99 59 et
1682 1671 115 59 non
1747 1671 132 59 sit,
1830 1671 132 59 nisi
1912 1671 247 59 necessarium
2093 1671 230 59 transmutetur

542 1724 99 60 in
591 1724 231 60 possibile.
772 1724 165 60 Deinde
888 1724 165 60 dixit.
1003 1724 99 60 Et
1053 1724 148 60 causa
1152 1724 165 60 illius
1267 1724 115 60 est
1333 1724 115 60 &c.
1399 1724 99 60 i.
1449 1724 82 60 &
1482 1724 148 60 causa
1581 1724 264 60 diuersitatis
1795 1724 165 60 entium
1911 1724 99 60 in
1960 1724 148 60 istis
2043 1724 280 60 dispositionibus

544 1779 104 64 est
603 1779 133 64 causa
692 1779 237 64 diuersitatis
885 1779 163 64 naturae
1004 1779 89 64 in
1048 1779 104 64 sua
1107 1779 222 64 substantia.
1285 1779 104 64 Est
1345 1779 119 64 ergo
1419 1779 163 64 positio
1537 1779 222 64 philosophi:
1715 1779 119 64 quod
1789 1779 104 64 res
1849 1779 208 64 inferiores
2012 1779 104 64 deo
2071 1779 104 64 non
2130 1779 163 64 possunt
2234 1779 89 64 esse

540 1830 95 69 in
588 1830 127 69 alia
667 1830 253 69 dispositione
872 1830 127 69 quam
951 1830 158 69 habent
1062 1830 95 69 ex
1109 1830 158 69 natura
1220 1830 127 69 sua:
1299 1830 95 69 et
1347 1830 127 69 quod
1426 1830 206 69 aliquorum
1584 1830 158 69 natura
1695 1830 111 69 est
1758 1830 95 69 vt
1805 1830 158 69 semper
1916 1830 142 69 sint:
2011 1830 79 69 &
2042 1830 174 69 aliorum
2169 1830 95 69 vt
2201 1830 127 69 semper

547 1886 97 64 non
603 1886 125 64 sint:
686 1886 69 64 &
713 1886 152 64 aliorum
824 1886 83 64 vt
865 1886 125 64 neque
948 1886 138 64 semper
1045 1886 125 64 sint,
1128 1886 125 64 neque
1211 1886 138 64 semper
1308 1886 97 64 non
1363 1886 125 64 sint:
1447 1886 97 64 sed
1502 1886 111 64 quod
1571 1886 180 64 aliquando
1709 1886 111 64 sint
1779 1886 69 64 &
1806 1886 180 64 aliquando
1945 1886 111 64 non.
2014 1886 69 64 &
2041 1886 111 64 quod
2111 1886 208 64 necessarium
2263 1886 69 64 ita

541 1938 142 55 esse,
636 1938 79 55 &
668 1938 95 55 se
715 1938 158 55 habere
826 1938 79 55 &
857 1938 95 55 in
904 1938 95 55 se
952 1938 79 55 &
983 1938 190 55 respectu
1126 1938 126 55 dei.
1205 1938 126 55 Quia
1284 1938 142 55 sicut
1378 1938 190 55 secundum
1520 1938 142 55 ipsum
1615 1938 111 55 est
1678 1938 158 55 natura
1789 1938 174 55 aliarum
1915 1938 142 55 rerum
2010 1938 111 55 sic
2073 1938 95 55 se
2121 1938 158 55 habere
2231 1938 95 55 vt
2263 1938 63 55 se

551 1992 181 58 habent:
682 1992 214 58 similiter
847 1992 115 58 est
912 1992 164 58 natura
1028 1992 115 58 dei
1093 1992 115 58 sic
1159 1992 99 58 se
1208 1992 164 58 habere
1324 1992 99 58 vt
1373 1992 99 58 se
1422 1992 148 58 habet
1521 1992 82 58 &
1554 1992 99 58 in
1603 1992 99 58 se
1653 1992 82 58 &
1686 1992 197 58 respectu
1834 1992 197 58 aliorum:
1982 1992 99 58 vt
2031 1992 115 58 non
2097 1992 164 58 posset
2195 1992 132 58 omnino

544 2051 105 62 res
604 2051 149 62 facere
708 2051 149 62 aliter
813 2051 90 62 se
858 2051 149 62 habere
963 2051 120 62 quam
1037 2051 164 62 habent:
1157 2051 120 62 nisi
1232 2051 120 62 ipse
1306 2051 135 62 sicut
1396 2051 75 62 &
1426 2051 120 62 alia
1501 2051 269 62 transmutaretur
1725 2051 90 62 ab
1770 2051 105 62 vna
1830 2051 149 62 natura
1934 2051 90 62 in
1979 2051 149 62 aliam:
2084 2051 120 62 quid
2159 2051 149 62 omnino
2248 2051 75 62 est

552 2097 210 59 impossibile
720 2097 84 59 vt
762 2097 140 59 dictum
859 2097 112 59 est:
929 2097 98 59 aut
985 2097 196 59 sequaretur
1139 2097 112 59 quod
1209 2097 196 59 contrariae
1362 2097 154 59 naturae
1474 2097 126 59 simul
1558 2097 140 59 essent
1656 2097 84 59 in
1697 2097 140 59 eodem.
1795 2097 84 59 Et
1837 2097 98 59 hoc
1893 2097 98 59 est
1949 2097 112 59 quid
2019 2097 210 59 philosophus
2186 2097 168 59 continue

548 2153 196 62 subiungit
699 2153 166 62 dicens.
819 2153 105 62 Non
879 2153 105 62 est
939 2153 151 62 igitur
1045 2153 196 62 possibile
1196 2153 90 62 vt
1241 2153 166 62 aliquid
1361 2153 151 62 semper
1467 2153 105 62 sit
1527 2153 105 62 non
1587 2153 226 62 generabile:
1768 2153 90 62 et
1813 2153 151 62 semper
1918 2153 256 62 corruptibile.
2129 2153 120 62 quod
2205 2153 90 62 si
2235 2153 90 62 fue-

552 2207 116 60 rit,
625 2207 189 60 possibile
771 2207 102 60 est
829 2207 116 60 tunc
902 2207 189 60 contraria
1047 2207 116 60 esse
1120 2207 87 60 in
1163 2207 131 60 actum
1251 2207 218 60 necessario:
1425 2207 116 60 quid
1498 2207 102 60 est
1556 2207 218 60 ipossibile.
1731 2207 116 60 Quod
1803 2207 175 60 exponens
1934 2207 233 60 Commententor
2123 2207 145 60 dicit.
2211 2207 116 60 Deinde

549 2268 144 61 dixit.
650 2268 101 61 Non
707 2268 101 61 est
765 2268 144 61 igitur
866 2268 188 61 possibile
1010 2268 101 61 &c.
1068 2268 87 61 i.
1111 2268 101 61 non
1169 2268 101 61 est
1227 2268 188 61 possibile
1371 2268 87 61 vt
1414 2268 130 61 eadem
1501 2268 144 61 natura
1602 2268 101 61 det
1659 2268 87 61 ei
1703 2268 115 61 esse
1775 2268 144 61 semper
1876 2268 87 61 et
1919 2268 101 61 non
1977 2268 115 61 esse
2049 2268 159 61 semper.
2164 2268 101 61 Hoc
2222 2268 130 61 autem

556 2315 163 62 conuenit
679 2315 149 62 dicenti
787 2315 149 62 aliquid
896 2315 109 62 esse
964 2315 204 62 ingeneratum
1127 2315 82 62 et
1168 2315 109 62 post
1236 2315 190 62 generatum:
1385 2315 82 62 et
1426 2315 149 62 aliquid
1535 2315 95 62 non
1589 2315 217 62 corruptibile
1766 2315 82 62 et
1807 2315 109 62 post
1875 2315 190 62 corruptum.
2024 2315 163 62 scilicet
2146 2315 109 62 quod
2201 2315 122 62 necesse

545 2372 112 65 est
609 2372 96 65 ei
657 2372 160 65 ponere
768 2372 176 65 aliquid
896 2372 144 65 cuius
992 2372 160 65 natura
1103 2372 112 65 dat
1167 2372 96 65 ei
1215 2372 96 65 vt
1263 2372 112 65 sit
1327 2372 160 65 semper
1439 2372 96 65 et
1486 2372 96 65 vt
1534 2372 160 65 semper
1646 2372 112 65 non
1710 2372 128 65 sit.
1790 2372 160 65 Deinde
1901 2372 239 65 confirmauit
2093 2372 112 65 hoc
2156 2372 112 65 per
2204 2372 112 65 demon

548 2423 206 69 strationem
710 2423 118 69 supe
784 2423 118 69 quam
857 2423 221 69 sustentatus
1034 2423 103 69 est
1093 2423 88 69 in
1137 2423 103 69 his
1195 2423 324 69 demonstrationibus:
1475 2423 88 69 et
1519 2423 147 69 dixit:
1622 2423 118 69 Quia
1696 2423 88 69 si
1740 2423 162 69 fuerit,
1857 2423 191 69 possibile
2004 2423 103 69 &c.
2063 2423 88 69 i.
2107 2423 88 69 si
2152 2423 162 69 aliquis
2254 2423 74 69 po-

544 2474 154 71 suerit
651 2474 123 71 quod
728 2474 200 71 possibile
882 2474 108 71 est
944 2474 92 71 vt
990 2474 92 71 in
1036 2474 154 71 aliquo
1144 2474 169 71 aeterno
1267 2474 108 71 sit
1328 2474 185 71 potentia
1467 2474 92 71 ad
1513 2474 246 71 corruptionem
1713 2474 154 71 absque
1820 2474 92 71 eo
1867 2474 123 71 quod
1943 2474 246 71 corrumpatur:
2143 2474 185 71 conuenit
2266 2474 62 71 ei

551 2528 114 70 quod
622 2528 128 70 illae
707 2528 114 70 sint
778 2528 114 70 duae
850 2528 185 70 potentiae
992 2528 199 70 contrariae
1148 2528 185 70 existente
1291 2528 171 70 scilicet
1419 2528 171 70 potentia
1547 2528 85 70 ad
1589 2528 114 70 esse
1660 2528 71 70 &
1689 2528 171 70 potentia
1817 2528 85 70 ad
1860 2528 100 70 non
1916 2528 114 70 esse
1988 2528 85 70 in
2030 2528 142 70 actum.
2130 2528 85 70 Si
2173 2528 114 70 ergo
2229 2528 100 70 actio

551 2587 137 66 vnius
642 2587 197 66 potentiae
794 2587 152 66 fuerit
900 2587 91 66 in
945 2587 152 66 actum:
1052 2587 212 66 necessario
1218 2587 121 66 erit
1294 2587 152 66 altera
1400 2587 91 66 in
1446 2587 197 66 potentia:
1598 2587 106 66 cum
1658 2587 228 66 impossibile
1840 2587 106 66 sit
1901 2587 91 66 vt
1947 2587 137 66 actio
2038 2587 152 66 duarum
2129 2587 197 66 potentiarum

539 2637 108 73 sint
607 2637 136 73 insimu
702 2637 163 73 scilicet
824 2637 95 73 non
878 2637 108 73 esse
946 2637 81 73 in
987 2637 136 73 actum,
1082 2637 81 73 et
1122 2637 108 73 esse
1190 2637 81 73 in
1231 2637 136 73 actum:
1326 2637 108 73 nisi
1394 2637 108 73 idem
1461 2637 95 73 sit
1516 2637 81 73 et
1556 2637 95 73 non
1610 2637 95 73 sit
1665 2637 81 73 in
1705 2637 136 73 actum:
1800 2637 108 73 quid
1868 2637 95 73 est
1922 2637 203 73 ipossibile.
2085 2637 81 73 Et
2126 2637 81 73 si
2166 2637 95 73 vna
2207 2637 122 73 illarum

546 2692 143 59 fuerit
646 2692 86 59 in
689 2692 186 59 potentia,
832 2692 114 59 erit
903 2692 157 59 positio
1018 2692 114 59 suae
1089 2692 172 59 actionis
1218 2692 114 59 quod
1289 2692 100 59 sit
1346 2692 86 59 in
1389 2692 143 59 actum,
1489 2692 129 59 falsa
1575 2692 100 59 non
1632 2692 214 59 possibilis.
1804 2692 100 59 sed
1861 2692 100 59 est
1918 2692 129 59 falsa
2004 2692 243 59 impossibilis:
2204 2692 114 59 quia
2276 2692 86 59 in

544 2749 131 67 ducit
632 2749 87 67 ad
676 2749 117 67 esse
749 2749 146 67 actuum
851 2749 146 67 duarum
953 2749 219 67 potentiarum
1128 2749 131 67 simul
1215 2749 87 67 in
1259 2749 131 67 actu.
1346 2749 117 67 Ergo
1419 2749 131 67 illud
1507 2749 117 67 quod
1579 2749 160 67 positum
1696 2749 117 67 fuit
1769 2749 175 67 scilicet
1900 2749 190 67 potentiam
2046 2749 117 67 esse
2119 2749 87 67 ad
2148 2749 175 67 contrarium

537 2798 102 59 non
596 2798 117 59 esse
669 2798 88 59 in
712 2798 175 59 aeterno,
844 2798 146 59 falsum
946 2798 102 59 est
1004 2798 88 59 et
1048 2798 146 59 nihil:
1150 2798 160 59 quoniam
1267 2798 219 59 impossibile
1442 2798 204 59 contrarium
1602 2798 102 59 est
1661 2798 204 59 possibili:
1821 2798 88 59 et
1865 2798 88 59 ex
1909 2798 102 59 quo
1967 2798 175 59 sequitur
2099 2798 219 59 impossibile
2259 2798 73 59 est

541 2854 216 64 impossibile.
717 2854 81 64 Ex
758 2854 135 64 quibus
852 2854 122 64 patet
933 2854 108 64 quod
1001 2854 149 64 praeter
1109 2854 189 64 generabile
1257 2854 81 64 et
1298 2854 216 64 corruptibile
1474 2854 95 64 non
1528 2854 122 64 ponit
1609 2854 203 64 philosophus
1771 2854 149 64 aliquid
1879 2854 176 64 aliquando
2014 2854 95 64 non
2068 2854 108 64 esse
2135 2854 108 64 nisi
2203 2854 135 64 semper

544 2915 218 66 naturaliter
719 2915 102 66 sit
777 2915 102 66 non
835 2915 102 66 ens
893 2915 87 66 in
936 2915 203 66 praeterito
1096 2915 87 66 et
1139 2915 160 66 futuro:
1255 2915 131 66 neque
1342 2915 116 66 esse
1415 2915 189 66 aliquando
1560 2915 116 66 nisi
1632 2915 145 66 semper
1734 2915 218 66 naturaliter
1908 2915 102 66 sit
1966 2915 102 66 ens
2024 2915 87 66 in
2067 2915 203 66 praeterito
2227 2915 87 66 et
2256 2915 58 66 fu

544 2963 126 68 turo:
628 2963 84 68 et
670 2963 112 68 quod
740 2963 126 68 nihil
824 2963 98 68 sit
880 2963 182 68 possibile
1019 2963 112 68 esse
1089 2963 182 68 quandoque
1229 2963 112 68 ens,
1299 2963 84 68 et
1341 2963 182 68 quandoque
1481 2963 98 68 non
1537 2963 112 68 ens:
1607 2963 112 68 nisi
1677 2963 140 68 habens
1775 2963 196 68 contrarium
1928 2963 84 68 in
1970 2963 154 68 materia
2082 2963 84 68 ex
2124 2963 98 68 qua
2166 2963 154 68 generatur

546 3020 178 59 quandoque
683 3020 82 59 et
725 3020 110 59 est:
793 3020 82 59 et
834 3020 82 59 in
876 3020 110 59 quam
944 3020 206 59 corrumpitur
1109 3020 178 59 quandoque
1246 3020 82 59 et
1287 3020 96 59 non
1342 3020 110 59 est.
1411 3020 165 59 secundum
1534 3020 110 59 quod
1603 3020 178 59 manifeste
1740 3020 123 59 dicit
1822 3020 82 59 in
1863 3020 220 59 sequentibus.
2042 3020 82 59 Et
2083 3020 165 59 possumus
2193 3020 123 59 perscru

542 3069 130 86 tari
623 3069 97 86 de
671 3069 113 86 hoc
736 3069 178 86 sermone
866 3069 113 86 &c.
931 3069 113 86 vbi
996 3069 146 86 dicit
1093 3069 178 86 Commen.
1223 3069 130 86 Omne
1304 3069 162 86 igitur
1417 3069 227 86 generabile
1596 3069 146 86 habet
1693 3069 243 86 contrarium,
1887 3069 97 86 et
1936 3069 130 86 omne
2017 3069 259 86 corruptibile
2212 3069 113 86 simi
