2396 3662
137 223 133 113 nihil
226 223 104 113 est
285 223 104 113 pro
344 223 104 113 eo:
404 223 163 113 quoniam
522 223 104 113 non
581 223 133 113 minus
670 223 104 113 est
729 223 163 113 necesse
848 223 118 113 esse
922 223 118 113 eius
996 223 178 113 scientia
1129 223 118 113 quam
1203 223 118 113 eius
1277 223 192 113 essentia.
1425 223 118 113 ergo
1499 223 89 113 si
1543 223 104 113 non
1602 223 104 113 est
1661 223 178 113 curandum
1795 223 89 113 si
1824 223 89 113 eius

139 299 192 86 essentia
283 299 225 86 accipiatur
460 299 112 86 cum
524 299 160 86 aliqua
636 299 208 86 relatione
796 299 96 86 ad
845 299 144 86 posse
941 299 128 86 esse
1021 299 208 86 inquantum
1181 299 112 86 est
1245 299 208 86 essentia:
1406 299 112 86 nec
1470 299 208 86 inquantum
1630 299 112 86 non
1695 299 112 86 est
1743 299 160 86 essentia

137 340 102 100 sed
196 340 189 100 scientia:
341 340 160 100 quoniam
458 340 146 100 tantum
559 340 175 100 curandum
690 340 102 100 est
749 340 87 100 ne
792 340 175 100 scientia
923 340 102 100 non
981 340 102 100 sit
1040 340 160 100 necesse
1156 340 116 100 esse
1229 340 160 100 quantum
1345 340 87 100 ne
1389 340 189 100 essentia.
1534 340 87 100 Et
1578 340 87 100 in
1622 340 102 100 rei
1680 340 175 100 veritate
1796 340 102 100 ponem

135 395 94 91 do
182 395 125 91 quod
261 395 94 91 de
308 395 94 91 eo
354 395 125 91 quid
433 395 110 91 est
495 395 172 91 necesse
621 395 141 91 esse,
714 395 219 91 necessario
887 395 141 91 fluit
981 395 141 91 posse
1074 395 141 91 esse:
1168 395 282 91 contradictoria
1403 395 235 91 includuntur
1591 395 78 91 &
1622 395 94 91 ex
1669 395 141 91 parte
1763 395 110 91 dei
1826 395 78 91 &
1841 395 63 91 ex

137 460 138 91 parte
229 460 215 91 creaturae.
397 460 92 91 Ex
443 460 138 91 parte
535 460 123 91 dei,
612 460 123 91 quia
689 460 92 91 si
735 460 107 91 non
796 460 153 91 potest
903 460 123 91 esse
980 460 123 91 nisi
1057 460 107 91 sit
1118 460 92 91 ab
1164 460 92 91 eo
1210 460 138 91 posse
1302 460 138 91 esse:
1394 460 77 91 &
1425 460 138 91 posse
1517 460 123 91 esse
1593 460 184 91 absolute
1731 460 153 91 potest
1823 460 77 91 non

132 514 131 91 esse:
220 514 116 91 ergo
292 514 73 91 &
321 514 160 91 necesse
438 514 116 91 esse
511 514 145 91 potest
612 514 102 91 non
671 514 131 91 esse.
758 514 87 91 Et
801 514 116 91 ideo
874 514 116 91 bene
947 514 145 91 dictum
1049 514 102 91 est
1107 514 175 91 secundum
1238 514 102 91 hoc
1296 514 131 91 supra
1383 514 175 91 secundum
1514 514 218 91 philosopum.
1688 514 87 91 Si
1718 514 175 91 inueniatur

127 555 182 92 aliquid
260 555 231 92 generabile
441 555 215 92 aeternum,
607 555 116 92 aut
673 555 198 92 aeternum
821 555 231 92 corruptum,
1003 555 99 92 vt
1053 555 165 92 natura
1168 555 231 92 possibilis
1350 555 297 92 transmutaretur
1598 555 99 92 in
1647 555 264 92 necessariam:
1845 555 50 92 &

126 618 216 85 necessaria
295 618 93 85 in
342 618 216 85 possibilem
511 618 93 85 in
558 618 154 85 agente
666 618 77 85 &
697 618 93 85 in
743 618 232 85 recipiente.
928 618 93 85 Ex
974 618 139 85 parte
1067 618 139 85 autem
1160 618 201 85 creaturae
1314 618 201 85 similiter
1468 618 232 85 includuntur
1638 618 247 85 contradictoria

128 663 151 98 cilicet
238 663 110 98 quod
307 663 123 98 illud
389 663 110 98 quod
457 663 82 98 ex
498 663 82 98 se
540 663 96 98 est
594 663 123 98 posse
677 663 123 98 esse,
759 663 96 98 sit
814 663 96 98 non
869 663 123 98 posse
951 663 123 98 esse:
1033 663 82 98 si
1074 663 192 98 necessario
1225 663 123 98 fluit
1307 663 69 98 a
1335 663 151 98 necesse
1444 663 123 98 esse:
1527 663 110 98 quia
1595 663 82 98 ex
1636 663 96 98 hoc
1691 663 151 98 habetur
1801 663 110 98 quod

125 724 112 90 non
189 724 160 90 potest
301 724 112 90 non
365 724 144 90 esse:
460 724 112 90 sed
524 724 112 90 sit
588 724 176 90 quoddam
716 724 176 90 necesse
844 724 128 90 esse
924 724 96 90 ab
972 724 128 90 alio
1051 724 224 90 causatiue:
1227 724 144 90 licet
1323 724 112 90 non
1387 724 96 90 ex
1435 724 96 90 se
1483 724 224 90 formaliter
1658 724 144 90 primo
1754 724 80 90 &
1770 724 112 90 prin-

135 772 215 90 cipaliter:
303 772 123 90 quid
380 772 138 90 tamen
472 772 169 90 Auicen.
594 772 138 90 summe
686 772 199 90 nitebatur
840 772 215 90 reprobare.
1008 772 123 90 Vnde
1085 772 153 90 optime
1192 772 153 90 posuit
1300 772 230 90 philosophus
1483 772 123 90 quod
1560 772 199 90 possibile
1713 772 123 90 esse
1790 772 92 90 ex
1821 772 61 90 se

129 824 150 92 nullo
230 824 134 92 modo
313 824 184 92 haberet
447 824 234 92 necessario
631 824 134 92 esse
715 824 100 92 ab
765 824 150 92 alio:
865 824 134 92 quia
949 824 117 92 hoc
1016 824 150 92 esset
1116 824 167 92 ponere
1233 824 150 92 ipsum
1333 824 134 92 esse
1417 824 184 92 necesse
1551 824 134 92 esse
1634 824 167 92 quoquo
1751 824 134 92 modo
1818 824 67 92 Et

125 878 115 91 per
190 878 115 91 hoc
256 878 198 91 amouendo
405 878 99 91 ab
454 878 99 91 eo
504 878 165 91 posse:
619 878 231 91 necessario
800 878 148 91 ponit
899 878 132 91 quod
982 878 231 91 secundario
1163 878 82 91 &
1196 878 264 91 consequenter
1410 878 231 91 formaliter
1591 878 99 91 ex
1641 878 99 91 se
1690 878 115 91 sit
1740 878 148 91 necesse

133 937 145 89 esse,
229 937 145 89 licet
326 937 96 89 ab
374 937 129 89 alio
454 937 289 89 principiatiue.
696 937 80 89 &
728 937 241 89 includuntur
921 937 145 89 adhuc
1017 937 289 89 contradictoria
1258 937 96 89 vt
1306 937 145 89 prius
1403 937 225 89 declaratum
1580 937 129 89 est.
1660 937 177 89 Positio
1789 937 129 89 ergo

124 985 191 90 Auicen.
263 985 122 90 pro
332 985 122 90 hoc
402 985 174 90 membro
523 985 174 90 omnino
645 985 122 90 est
715 985 278 90 ipossibilis.
940 985 156 90 Nullo
1045 985 139 90 ergo
1132 985 139 90 modo
1219 985 104 90 de
1271 985 261 90 necessitate
1479 985 174 90 aliqua
1601 985 174 90 ponere
1705 985 174 90 possumus

124 1028 200 98 creaturam
278 1028 123 98 esse
355 1028 77 98 a
386 1028 123 98 deo:
463 1028 108 98 cum
524 1028 92 98 ex
570 1028 92 98 se
617 1028 108 98 sit
678 1028 139 98 posse
771 1028 139 98 esse:
863 1028 92 98 ne
909 1028 108 98 hoc
971 1028 185 98 redundet
1110 1028 92 98 in
1156 1028 169 98 necesse
1279 1028 123 98 esse
1356 1028 123 98 dei,
1433 1028 92 98 vt
1479 1028 154 98 dictum
1587 1028 123 98 est.
1664 1028 108 98 Sed
1711 1028 169 98 convenien

117 1089 129 94 tior
198 1089 113 94 est
262 1089 145 94 modus
359 1089 178 94 ponendi
488 1089 145 94 penes
585 1089 194 94 septimum
730 1089 145 94 modum
827 1089 178 94 essendi
956 1089 242 94 praetactum:
1150 1089 129 94 quod
1230 1089 113 94 non
1295 1089 97 94 de
1343 1089 258 94 necessitate,
1553 1089 113 94 sed
1618 1089 226 94 voluntarie
1779 1089 97 94 deus

125 1135 107 101 dat
186 1135 123 101 esse
263 1135 215 101 creaturae:
432 1135 107 101 ita
493 1135 138 101 etiam
585 1135 123 101 quod
662 1135 92 101 ab
708 1135 169 101 aeterno
831 1135 199 101 potuisset
984 1135 107 101 eis
1045 1135 123 101 esse
1122 1135 169 101 dedisse
1245 1135 92 101 si
1291 1135 215 101 voluisset:
1460 1135 138 101 licet
1552 1135 107 101 non
1613 1135 153 101 dedit.
1721 1135 107 101 Nec
1782 1135 92 101 ex
1813 1135 61 101 po

119 1187 163 98 sitione
238 1187 89 98 in
282 1187 118 98 esse
356 1187 133 98 ipsum
445 1187 207 98 possibile,
607 1187 118 98 vllo
681 1187 118 98 modo
755 1187 178 98 sequitur
889 1187 207 98 praedictum
1051 1187 237 98 impossibile:
1244 1187 118 98 quia
1318 1187 133 98 sicut
1406 1187 133 98 illud
1495 1187 163 98 ponitur
1613 1187 89 98 in
1658 1187 118 98 esse
1732 1187 89 98 ex
1761 1187 104 98 parte

120 1239 184 100 causati:
258 1239 107 100 sic
319 1239 153 100 potest
426 1239 123 100 poni
503 1239 92 100 in
549 1239 123 100 esse
625 1239 92 100 ex
671 1239 138 100 parte
763 1239 215 100 voluntatis
932 1239 92 100 de
978 1239 215 100 contrario.
1147 1239 138 100 Sicut
1239 1239 123 100 enim
1315 1239 153 100 mundus
1423 1239 153 100 factus
1530 1239 107 100 non
1591 1239 107 100 est
1652 1239 92 100 ab
1698 1239 184 100 aeterno:
1821 1239 46 100 &

110 1302 163 87 potuit
224 1302 163 87 fuisse
339 1302 180 87 factus:
469 1302 114 87 sic
535 1302 131 87 deus
616 1302 163 87 voluit
731 1302 163 87 mundum
845 1302 114 87 non
911 1302 163 87 fuisse
1025 1302 163 87 factum
1140 1302 98 87 ab
1189 1302 196 87 aeterno,
1336 1302 82 87 &
1369 1302 163 87 potuit
1483 1302 131 87 sine
1565 1302 213 87 mutatione
1712 1302 147 87 voluis-

118 1352 91 93 se
163 1352 151 93 mundum
269 1352 151 93 fuisse
375 1352 151 93 factum
480 1352 91 93 ab
526 1352 181 93 aeterno.
662 1352 91 93 Et
707 1352 91 93 si
752 1352 166 93 ponatur
873 1352 91 93 in
918 1352 121 93 esse
994 1352 121 93 quod
1070 1352 121 93 fuit
1145 1352 151 93 factus
1251 1352 91 93 ab
1296 1352 181 93 aeterno:
1432 1352 136 93 simul
1523 1352 166 93 ponetur
1644 1352 91 93 in
1689 1352 121 93 esse
1764 1352 121 93 quod

108 1406 123 88 deus
184 1406 153 88 voluit
292 1406 107 88 eum
353 1406 153 88 fuisse
460 1406 153 88 factum
567 1406 92 88 ab
613 1406 184 88 aeterno:
751 1406 107 88 non
813 1406 138 88 tamen
905 1406 123 88 quod
981 1406 153 88 potuit
1089 1406 184 88 voluisse
1227 1406 153 88 factum
1334 1406 153 88 fuisse
1441 1406 184 88 postquam
1579 1406 153 88 voluit
1686 1406 107 88 non
1732 1406 123 88 fuisse

109 1446 178 102 factum.
238 1446 113 102 hoc
303 1446 129 102 enim
384 1446 178 102 poneret
513 1446 97 102 in
562 1446 97 102 eo
610 1446 243 102 mutationem:
804 1446 146 102 sicut
901 1446 113 102 non
966 1446 162 102 potest
1079 1446 129 102 poni
1160 1446 162 102 fuisse
1273 1446 162 102 factum
1386 1446 97 102 ab
1435 1446 178 102 aeterno
1564 1446 194 102 postquam
1709 1446 113 102 non
1758 1446 97 102 fuit

105 1508 183 80 factus.
239 1508 117 80 hoc
305 1508 133 80 enim
389 1508 100 80 in
439 1508 150 80 eodem
539 1508 183 80 poneret
672 1508 333 80 contradictionem:
956 1508 83 80 &
989 1508 167 80 ponere
1106 1508 117 80 sic
1172 1508 100 80 in
1222 1508 133 80 esse
1306 1508 233 80 possibile:
1489 1508 150 80 esset
1589 1508 167 80 ponere
1706 1508 117 80 non
1756 1508 100 80 fal-

108 1556 119 88 sum
176 1556 237 88 possibile,
362 1556 119 88 sed
430 1556 170 88 falsum
549 1556 271 88 impossibile:
769 1556 153 88 sicut
871 1556 102 88 si
922 1556 153 88 Sorte
1023 1556 203 88 surgente
1176 1556 186 88 ponatur
1312 1556 170 88 sedere
1430 1556 102 88 vt
1481 1556 119 88 iam
1549 1556 153 88 supra
1651 1556 170 88 dictum
1752 1556 102 88 est.

109 1608 103 100 Et
160 1608 120 100 sic
229 1608 120 100 non
298 1608 120 100 est
367 1608 207 100 curandum
522 1608 103 100 si
573 1608 138 100 eius
660 1608 207 100 essentia
814 1608 241 100 accipiatur
1004 1608 120 100 cum
1073 1608 172 100 aliqua
1193 1608 224 100 relatione
1365 1608 103 100 ad
1417 1608 155 100 posse
1520 1608 155 100 esse:
1623 1608 138 100 quia
1709 1608 120 100 hoc
1761 1608 86 100 non

98 1665 124 82 est
169 1665 230 82 inquantum
346 1665 124 82 est
417 1665 213 82 essentia
577 1665 124 82 sed
647 1665 230 82 inquantum
825 1665 230 82 voluntas:
1002 1665 142 82 quae
1090 1665 213 82 respectu
1250 1665 266 82 creaturarum
1462 1665 106 82 in
1515 1665 248 82 producendo
1710 1665 124 82 eas
1763 1665 89 82 non

107 1713 121 98 est
176 1713 190 98 necesse
314 1713 156 98 esse:
418 1713 121 98 sed
487 1713 173 98 potius
608 1713 156 98 posse
712 1713 156 98 esse:
815 1713 138 98 quia
902 1713 121 98 non
971 1713 104 98 de
1023 1713 259 98 necessitate
1230 1713 173 98 voluit
1351 1713 121 98 eas
1420 1713 225 98 producere
1593 1713 225 98 voluntate
1748 1713 104 98 con-

104 1769 222 93 comitante
275 1769 222 93 scientiam
446 1769 257 93 necessitate
651 1769 257 93 immutabili,
857 1769 103 93 vt
908 1769 171 93 posuit
1028 1769 188 93 Auicen.
1165 1769 120 93 sed
1233 1769 171 93 libera
1353 1769 240 93 voluntate:
1541 1769 137 93 immo
1627 1769 171 93 libero
1729 1769 120 93 arbi-

97 1823 136 96 trio
182 1823 254 96 voluntatis:
385 1823 119 96 qua
453 1823 170 96 potuit
572 1823 153 96 velle
674 1823 220 96 producere
843 1823 187 96 creatum
979 1823 85 96 &
1013 1823 119 96 non
1081 1823 170 96 velle:
1199 1823 85 96 &
1233 1823 153 96 velle
1335 1823 102 96 in
1386 1823 136 96 illo
1471 1823 204 96 instanti
1624 1823 102 96 in
1674 1823 119 96 quo
1742 1823 136 96 pro-

99 1882 151 90 duxit
200 1882 84 90 &
233 1882 117 90 non
300 1882 167 90 velle.
417 1882 117 90 Sic
484 1882 151 90 autem
584 1882 167 90 ponere
702 1882 151 90 posse
802 1882 134 90 esse
886 1882 100 90 ex
936 1882 151 90 parte
1036 1882 234 90 voluntatis
1220 1882 134 90 dei:
1304 1882 151 90 nullo
1404 1882 134 90 modo
1488 1882 201 90 repugnat
1639 1882 184 90 necesse
1756 1882 100 90 esse

92 1928 101 90 in
143 1928 135 90 deo:
227 1928 135 90 quid
311 1928 152 90 tamen
413 1928 169 90 videre
531 1928 118 90 non
598 1928 152 90 ponit
700 1928 186 90 Auicen.
835 1928 186 90 Propter
970 1928 135 90 quid
1054 1928 169 90 posuit
1172 1928 135 90 deum
1256 1928 152 90 nihil
1358 1928 101 90 de
1408 1928 135 90 nouo
1493 1928 152 90 posse
1594 1928 219 90 producere
1746 1928 101 90 nisi

92 1982 138 85 noua
178 1982 86 85 &
212 1982 207 85 mutabili
367 1982 241 85 voluntate.
557 1982 121 85 Sed
626 1982 172 85 restat
746 1982 276 85 consequenter
970 1982 138 85 isti
1057 1982 224 85 positioni
1229 1982 86 85 &
1263 1982 224 85 positioni
1436 1982 190 85 Auicen.
1573 1982 258 85 difficultas
1780 1982 103 85 in

95 2030 165 104 secundo
215 2030 180 104 articulo
350 2030 210 104 positionis
514 2030 165 104 Auicen.
634 2030 90 104 am
679 2030 180 104 scilicet
814 2030 180 104 creatura
949 2030 105 104 cum
1008 2030 90 104 ex
1053 2030 90 104 se
1098 2030 105 104 sit
1158 2030 105 104 non
1218 2030 135 104 esse:
1308 2030 120 104 esse
1383 2030 135 104 autem
1473 2030 105 104 non
1533 2030 120 104 nisi
1607 2030 90 104 ab
1652 2030 135 104 alio:
1727 2030 120 104 possit

96 2084 184 93 habuisse
234 2084 123 93 esse
310 2084 77 93 a
341 2084 107 93 deo
403 2084 92 93 ab
449 2084 184 93 aeterno:
587 2084 107 93 ita
648 2084 123 93 quod
725 2084 169 93 numquam
848 2084 169 93 fuisset
970 2084 92 93 in
1016 2084 107 93 non
1078 2084 138 93 esse:
1170 2084 77 93 &
1201 2084 138 93 tamen
1293 2084 138 93 prius
1385 2084 107 93 est
1446 2084 107 93 per
1507 2084 199 93 essentiam
1661 2084 123 93 quod
1738 2084 107 93 est
1784 2084 61 93 ex

96 2134 146 101 seipso
198 2134 116 101 quam
271 2134 116 101 quid
344 2134 102 101 est
402 2134 87 101 ex
446 2134 131 101 alio:
533 2134 131 101 licet
620 2134 102 101 non
679 2134 160 101 tempore
795 2134 131 101 neque
882 2134 189 101 duratione
1028 2134 146 101 aliqua
1130 2134 131 101 etiam
1217 2134 247 101 aeternitatis:
1421 2134 175 101 secundum
1552 2134 116 101 quod
1625 2134 146 101 posuit
1712 2134 131 101 Auicen.

89 2193 194 81 praeter
231 2193 124 81 hoc
301 2193 141 81 quod
389 2193 141 81 deus
478 2193 124 81 non
548 2193 194 81 ponatur
690 2193 106 81 de
743 2193 265 81 necessitate
954 2193 177 81 aliqua
1078 2193 229 81 producere
1254 2193 247 81 creaturam:
1449 2193 124 81 nec
1519 2193 229 81 producere
1678 2193 159 81 potuis-

89 2249 107 80 se
143 2249 107 80 ab
196 2249 196 80 aeterno
339 2249 267 80 necessario:
552 2249 125 80 sed
624 2249 232 80 solummodo
802 2249 267 80 voluntarie.
1016 2249 107 80 Et
1069 2249 196 80 videtur
1211 2249 232 80 aliquibus
1390 2249 125 80 hoc
1461 2249 143 80 poni
1550 2249 160 80 posse
1657 2249 214 80 rationa-

90 2295 198 103 biliter
234 2295 90 103 &
270 2295 198 103 ratione
414 2295 90 103 &
450 2295 234 103 exemplis.
630 2295 216 103 Ratione,
792 2295 144 103 quia
882 2295 180 103 nuilum
1007 2295 126 103 est
1079 2295 288 103 inconueniens
1313 2295 126 103 aut
1385 2295 270 103 impossibile
1601 2295 108 103 ea
1655 2295 144 103 quae
1745 2295 126 103 non

85 2349 134 97 sunt
169 2349 151 97 simul
270 2349 202 97 secundum
421 2349 134 97 esse
505 2349 134 97 quod
589 2349 151 97 simul
690 2349 134 97 sint
774 2349 235 97 duratione.
959 2349 134 97 Quod
1043 2349 118 97 non
1110 2349 151 97 solum
1211 2349 151 97 patet
1311 2349 101 97 ex
1362 2349 252 97 auctoritate
1563 2349 185 97 Auicen.
1698 2349 84 97 &
1731 2349 101 97 in
1765 2349 67 97 mo

81 2412 90 81 do
126 2412 210 81 positionis
291 2412 120 81 suae
366 2412 90 81 de
410 2412 225 81 productione
590 2412 135 81 rerum
680 2412 90 81 ab
725 2412 180 81 aeterno:
860 2412 105 81 sed
920 2412 135 81 etiam
1009 2412 90 81 ex
1054 2412 225 81 auctoritate
1234 2412 180 81 Platonis
1369 2412 75 81 &
1399 2412 210 81 philosophi
1563 2412 255 81 consentientis
1773 2412 90 81 in

76 2451 114 106 hoc
141 2451 196 106 Platoni.
288 2451 82 106 &
320 2451 114 106 hoc
386 2451 98 106 in
435 2451 131 106 modo
516 2451 228 106 positionis
696 2451 196 106 Platonis
843 2451 98 106 de
892 2451 245 106 productione
1087 2451 147 106 rerum
1185 2451 98 106 ex
1234 2451 196 106 tempore.
1381 2451 98 106 Vt
1430 2451 131 106 enim
1512 2451 179 106 recitat
1626 2451 212 106 philosophus

82 2510 130 96 primo
168 2510 115 96 cae.
240 2510 72 96 &
269 2510 115 96 mun.
341 2510 130 96 Plato
428 2510 144 96 posuit
529 2510 144 96 mundum
630 2510 173 96 generari
760 2510 101 96 non
818 2510 87 96 in
861 2510 173 96 tempore:
991 2510 101 96 sed
1049 2510 115 96 quod
1121 2510 144 96 tempus
1222 2510 173 96 sequitur
1352 2510 130 96 motum
1438 2510 144 96 caeli:
1539 2510 173 96 secundum
1669 2510 115 96 quod
1727 2510 101 96 etiam

80 2571 141 87 posuit
179 2571 226 87 philosophus.
363 2571 141 87 Posuit
462 2571 127 87 etiam
547 2571 99 87 eum
603 2571 99 87 sic
660 2571 170 87 generari
787 2571 99 87 non
844 2571 85 87 in
886 2571 156 87 tempore
999 2571 113 87 quod
1070 2571 141 87 mundus
1169 2571 99 87 sit
1226 2571 184 87 generatus
1367 2571 85 87 ex
1410 2571 127 87 rebus
1495 2571 226 87 simplicibus,
1679 2571 85 87 ex
1707 2571 113 87 quibus

82 2625 228 78 componitur:
264 2625 106 78 non
325 2625 106 78 ita
386 2625 122 78 quod
462 2625 198 78 simplicia
614 2625 122 78 sint
690 2625 152 78 priora
796 2625 213 78 composito,
964 2625 182 78 tempore:
1100 2625 106 78 sed
1161 2625 152 78 natura
1268 2625 76 78 &
1298 2625 122 78 esse
1374 2625 182 78 solummo,
1511 2625 228 78 quemadmodum
1693 2625 91 78 in
1724 2625 91 78 geo-

67 2662 183 85 metricis
204 2662 152 85 lineae
310 2662 76 85 &
341 2662 228 85 superficies
524 2662 122 85 sunt
600 2662 168 85 priores
722 2662 183 85 figuris:
859 2662 122 85 quae
935 2662 91 85 ex
980 2662 137 85 illis
1072 2662 244 85 componuntur.
1270 2662 107 85 Vbi
1331 2662 137 85 dicit
1422 2662 228 85 Commentator
1605 2662 152 85 Voluit
1696 2662 122 85 decla-

70 2724 112 87 rare
140 2724 84 87 ex
182 2724 98 87 hoc
239 2724 112 87 quod
309 2724 112 87 omne
379 2724 112 87 quid
449 2724 155 87 dicitur
562 2724 112 87 esse
632 2724 126 87 prius
716 2724 112 87 alio
786 2724 98 87 non
843 2724 155 87 dicitur
955 2724 140 87 tantum
1053 2724 169 87 secundum
1180 2724 140 87 tempus
1278 2724 155 87 omnino.
1391 2724 70 87 &
1419 2724 98 87 hoc
1475 2724 126 87 verum
1559 2724 112 87 est:
1629 2724 98 87 sed
1686 2724 98 87 sic
1728 2724 84 87 com-

69 2779 146 89 tingit
171 2779 87 89 ei
215 2779 87 89 si
259 2779 102 89 hoc
317 2779 131 89 prius
405 2779 102 89 non
463 2779 117 89 fuit
536 2779 160 89 tempore
652 2779 87 89 vt
696 2779 102 89 sit
754 2779 87 89 in
798 2779 117 89 esse
871 2779 160 89 tantum:
987 2779 73 89 &
1017 2779 102 89 res
1075 2779 160 89 priores
1191 2779 87 89 in
1235 2779 117 89 esse
1308 2779 117 89 sunt
1381 2779 131 89 simul
1468 2779 87 89 in
1512 2779 160 89 tempore
1629 2779 73 89 &
1658 2779 189 89 aeternae.

57 2820 156 99 lstud
161 2820 156 99 prius
265 2820 121 99 aut
334 2820 225 99 posterius
507 2820 139 99 esse
594 2820 121 99 vel
663 2820 208 99 essentia
819 2820 242 99 appellamus
1009 2820 156 99 prius
1113 2820 121 99 aut
1182 2820 225 99 posterius
1356 2820 191 99 natura.
1494 2820 139 99 Bene
1581 2820 139 99 ergo
1667 2820 173 99 absque

64 2889 136 78 omni
149 2889 255 78 impossibili
353 2889 170 78 potest
472 2889 136 78 poni
556 2889 204 78 creatura
709 2889 170 78 fuisse
828 2889 153 78 facta
930 2889 85 78 a
964 2889 119 78 deo
1032 2889 102 78 ab
1083 2889 204 78 aeterno:
1236 2889 119 78 aut
1304 2889 204 78 potuisse
1456 2889 170 78 fuisse
1575 2889 153 78 facta
1677 2889 102 78 in
1711 2889 102 78 esse

66 2928 200 94 quamquam
217 2928 100 94 ex
267 2928 167 94 seipsa
384 2928 167 94 habeat
501 2928 117 94 non
567 2928 150 94 esse:
668 2928 184 94 quoniam
801 2928 150 94 illud
901 2928 167 94 potest
1018 2928 100 94 ex
1068 2928 100 94 se
1119 2928 167 94 habere
1235 2928 150 94 prius
1336 2928 167 94 natura
1453 2928 134 94 etsi
1536 2928 117 94 non
1603 2928 167 94 aliqua
1720 2928 134 94 dura

50 2991 163 88 tione
158 2991 217 88 temporis
321 2991 126 88 aut
393 2991 307 88 aeternitatis.
646 2991 144 88 Vnde
736 2991 144 88 quod
827 2991 163 88 Plato
935 2991 181 88 posuit
1061 2991 235 88 principia
1242 2991 108 88 ex
1296 2991 181 88 quibus
1423 2991 181 88 mundum
1549 2991 235 88 composuit
1712 2991 108 88 prio

49 3044 105 100 ra
102 3044 158 100 mundo
207 3044 105 100 in
260 3044 140 100 esse
348 3044 88 100 &
383 3044 193 100 natura:
523 3044 123 100 quo
593 3044 105 100 ad
646 3044 123 100 hoc
716 3044 123 100 non
786 3044 210 100 disputat
944 3044 175 100 contra
1067 3044 175 100 ipsum:
1190 3044 123 100 sed
1260 3044 158 100 solum
1365 3044 123 100 quo
1435 3044 105 100 ad
1488 3044 123 100 hoc
1558 3044 140 100 quod
1646 3044 158 100 Plato
1733 3044 88 100 po
