2442 3739
504 253 121 90 non
573 253 242 90 duratione:
763 253 155 90 sicut
866 253 207 90 secundum
1022 253 207 90 Platonem
1177 253 225 90 principia
1350 253 104 90 ex
1402 253 173 90 quibus
1523 253 242 90 componitur
1713 253 173 90 mundus
1834 253 242 90 praecedunt
2024 253 155 90 ipsum
2127 253 138 90 esse
2214 253 121 90 non

508 333 233 64 duratione:
692 333 200 64 Dicendum
842 333 133 64 quod
925 333 117 64 non
991 333 117 64 est
1058 333 167 64 simile
1175 333 100 64 de
1225 333 117 64 vno
1291 333 250 64 conueniente
1491 333 183 64 duobus:
1625 333 100 64 vt
1675 333 133 64 esse
1758 333 150 64 mundo
1858 333 117 64 per
1924 333 117 64 sua
1991 333 217 64 principia
2158 333 83 64 &
2174 333 117 64 ipsis

506 389 87 58 &
540 389 105 58 de
593 389 174 58 duobus
715 389 314 58 conuenientibus
976 389 140 58 vni:
1064 389 174 58 quorum
1186 389 140 58 vnum
1273 389 105 58 ei
1325 389 209 58 conuenit
1482 389 105 58 ex
1535 389 122 58 se:
1604 389 192 58 alterum
1744 389 140 58 vero
1831 389 105 58 ab
1883 389 157 58 alio.
1988 389 209 58 Quicquid
2145 389 140 58 enim
2215 389 87 58 con

507 438 148 62 uenit
605 438 247 62 principiato
803 438 115 62 per
869 438 231 62 principia,
1050 438 181 62 necesse
1182 438 115 62 est
1248 438 165 62 aliquo
1363 438 132 62 modo
1446 438 247 62 prioritatis
1643 438 148 62 prius
1742 438 214 62 conuenire
1907 438 247 62 principiis:
2105 438 115 62 sed
2171 438 148 62 aequa

501 500 161 60 liter
608 500 250 60 prioritate
805 500 250 60 durationis
1001 500 107 60 si
1055 500 143 60 sint
1144 500 232 60 principia
1323 500 196 60 proxima
1466 500 89 60 &
1501 500 214 60 propria.
1662 500 179 60 Duobus
1787 500 161 60 autem
1894 500 321 60 conuenientibus
2144 500 143 60 alicui

512 553 114 71 vno
577 553 98 71 ex
626 553 114 71 se,
692 553 131 71 alio
773 553 98 71 ab
822 553 180 71 altero,
953 553 164 71 semper
1068 553 164 71 quoquo
1182 553 131 71 modo
1264 553 147 71 prius
1362 553 98 71 ei
1411 553 196 71 conuenit
1558 553 147 71 illud
1656 553 131 71 quod
1738 553 196 71 convenit
1885 553 98 71 ei
1934 553 98 71 ex
1983 553 114 71 se.
2049 553 114 71 sed
2114 553 98 71 in
2147 553 147 71 proposi

502 606 102 66 to
553 606 119 66 non
621 606 136 66 sola
706 606 187 66 natura,
842 606 187 66 quoniam
978 606 204 66 essentia
1131 606 221 66 creaturae
1301 606 102 66 vt
1352 606 204 66 essentia
1505 606 119 66 est
1573 606 255 66 simpliciter
1777 606 272 66 consideratur
1998 606 170 66 absque
2117 606 136 66 omni
2185 606 102 66 alio

503 659 192 64 scilicet
647 659 176 64 praeter
774 659 128 64 esse
854 659 80 64 &
886 659 112 64 non
950 659 144 64 esse:
1046 659 176 64 praeter
1174 659 144 64 posse
1269 659 128 64 esse
1349 659 80 64 &
1381 659 144 64 posse
1477 659 112 64 non
1541 659 144 64 esse:
1636 659 128 64 sunt
1716 659 128 64 enim
1796 659 176 64 caetera
1924 659 144 64 omnia
2020 659 144 64 quasi
2099 659 192 64 accidentia

505 713 130 57 ipsi
586 713 130 57 esse
668 713 98 57 vt
717 713 179 57 saepius
847 713 147 57 alibi
945 713 277 57 declarauimus:
1173 713 114 57 sed
1238 713 179 57 aliquod
1369 713 147 57 horum
1467 713 98 57 ex
1516 713 98 57 se
1565 713 130 57 sibi
1646 713 228 57 determinat
1825 713 98 57 vt
1874 713 114 57 non
1940 713 147 57 esse:
2037 713 114 57 ita
2103 713 130 57 quod
2168 713 114 57 essen

513 772 138 64 tiae
599 772 224 64 creaturae
771 772 103 64 ex
823 772 103 64 se
875 772 103 64 vt
926 772 276 64 consideratur
1150 772 155 64 nude,
1253 772 207 64 conuenit
1409 772 155 64 posse
1512 772 121 64 non
1581 772 155 64 esse:
1684 772 138 64 quod
1770 772 155 64 habet
1874 772 103 64 ex
1925 772 103 64 se
1977 772 172 64 semper
2098 772 155 64 actui
2184 772 103 64 con-

508 821 187 62 iunctum:
649 821 94 62 vt
695 821 140 62 sicut
789 821 125 62 deus
867 821 125 62 quia
945 821 94 62 ex
992 821 94 62 se
1038 821 109 62 est
1101 821 156 62 semper
1210 821 125 62 ens,
1288 821 94 62 ex
1334 821 94 62 se
1381 821 109 62 est
1443 821 171 62 necesse
1568 821 125 62 esse
1646 821 156 62 primo,
1755 821 78 62 &
1786 821 109 62 per
1849 821 109 62 se:
1911 821 140 62 illud
2004 821 140 62 autem
2098 821 125 62 quod
2160 821 125 62 semper

510 876 114 57 est
575 876 114 57 non
640 876 114 57 ens
706 876 114 57 nec
771 876 147 57 natum
869 876 147 57 esse:
967 876 114 57 est
1032 876 245 57 impossibile
1228 876 131 57 esse
1310 876 114 57 per
1375 876 98 57 se
1424 876 82 57 &
1456 876 163 57 primo:
1571 876 114 57 sic
1636 876 196 57 essentia
1783 876 212 57 creaturae
1946 876 98 57 ex
1995 876 98 57 se
2044 876 114 57 per
2109 876 98 57 se
2158 876 82 57 &
2175 876 114 57 primo

509 930 111 66 est
573 930 143 66 posse
668 930 111 66 non
731 930 143 66 esse,
827 930 222 66 coniunctum
1001 930 143 66 actui
1096 930 111 66 non
1160 930 190 66 essendi:
1303 930 111 66 ita
1366 930 127 66 quod
1446 930 111 66 non
1509 930 111 66 est
1573 930 95 66 ex
1620 930 95 66 se
1668 930 111 66 per
1731 930 95 66 se
1779 930 79 66 &
1811 930 143 66 primo
1906 930 143 66 posse
2001 930 143 66 esse,
2097 930 111 66 nec
2160 930 159 66 aequa-

508 985 147 64 liter
606 985 82 64 &
638 985 147 64 simul
737 985 147 64 etiam
835 985 164 64 natura
949 985 147 64 posse
1047 985 131 64 esse
1129 985 82 64 &
1162 985 147 64 posse
1260 985 114 64 non
1325 985 147 64 esse.
1423 985 131 64 Immo
1505 985 114 64 non
1571 985 114 64 est
1636 985 147 64 posse
1734 985 131 64 esse
1816 985 98 64 ab
1865 985 147 64 alio:
1963 985 131 64 nisi
2045 985 131 64 quia
2126 985 98 64 ex
2176 985 98 64 se
2208 985 82 64 est

503 1036 113 56 non
567 1036 113 56 ens
632 1036 194 56 secundum
777 1036 145 56 actum
874 1036 210 56 aliquando
1036 1036 97 56 vt
1084 1036 162 56 dictum
1198 1036 129 56 est.
1278 1036 97 56 In
1327 1036 210 56 proposito
1488 1036 145 56 autem
1585 1036 194 56 Platonis
1731 1036 129 56 sola
1811 1036 162 56 natura
1925 1036 129 56 bene
2005 1036 226 56 praecedunt
2167 1036 113 56 prin-

515 1091 140 55 cipia
609 1091 249 55 principiatum
811 1091 93 55 in
858 1091 140 55 esse:
951 1091 202 55 nequaquam
1107 1091 140 55 autem
1200 1091 218 55 duratione:
1372 1091 125 55 quia
1449 1091 125 55 idem
1527 1091 109 55 est
1590 1091 125 55 esse
1667 1091 218 55 duratione.
1839 1091 125 55 Vnde
1916 1091 233 55 philosophus
2088 1091 202 55 reprehendit

504 1141 211 57 Platonem:
666 1141 130 57 quia
747 1141 97 57 vt
795 1141 146 57 dicit
893 1141 194 57 Commnen.
1038 1141 146 57 ponit
1136 1141 146 57 illas
1233 1141 113 57 res
1298 1141 97 57 ex
1346 1141 162 57 quibus
1460 1141 162 57 mundus
1573 1141 130 57 fit:
1654 1141 178 57 priores
1784 1141 146 57 mundo
1881 1141 194 57 secundum
2027 1141 211 57 saeculum:
2189 1141 130 57 quid

513 1194 111 64 est
576 1194 253 64 impossibile:
782 1194 127 64 quia
861 1194 95 64 ea
909 1194 95 64 ex
956 1194 158 64 quibus
1067 1194 158 64 mundus
1178 1194 111 64 sit
1241 1194 190 64 secundum
1384 1194 206 64 Platonem,
1542 1194 127 64 sunt
1621 1194 174 64 corpora
1748 1194 222 64 existentia
1922 1194 95 64 in
1969 1194 158 64 actum:
2080 1194 127 64 quod
2159 1194 111 64 non
2207 1194 79 64 est

503 1258 178 60 verum.
628 1258 143 60 Vnde
717 1258 107 60 vt
771 1258 161 60 dicit
878 1258 285 60 Commentator:
1110 1258 107 60 si
1163 1258 250 60 intendebat
1359 1258 125 60 cum
1431 1258 196 60 dicebat
1573 1258 178 60 mundum
1698 1258 143 60 esse
1788 1258 232 60 generatum
1966 1258 107 60 ex
2019 1258 178 60 causis
2126 1258 161 60 priori-

510 1301 119 66 bus
578 1301 102 66 in
629 1301 153 66 esse:
731 1301 136 66 erit
816 1301 170 66 verum.
935 1301 204 66 Secundum
1088 1301 153 66 fidem
1190 1301 153 66 autem
1292 1301 238 66 catholicam
1478 1301 170 66 mundus
1597 1301 221 66 generatur
1767 1301 102 66 ex
1818 1301 170 66 causis
1937 1301 221 66 prioribus
2107 1301 153 66 mundo
2209 1301 102 66 in

510 1357 167 52 esse:
622 1357 148 52 quia
714 1357 111 52 ex
770 1357 259 52 indiuiduis
973 1357 185 52 suarum
1103 1357 259 52 specierum:
1307 1357 130 52 sed
1381 1357 130 52 non
1455 1357 259 52 duratione.
1658 1357 148 52 lpsa
1751 1357 167 52 autem
1862 1357 241 52 indiuidua
2047 1357 130 52 non
2103 1357 185 52 generan-

506 1413 115 62 tur
571 1413 99 62 ex
621 1413 165 62 aliquo
736 1413 247 62 subiectiue:
933 1413 132 62 quia
1016 1413 148 62 ipsae
1114 1413 214 62 essentiae
1279 1413 148 62 rerum
1378 1413 115 62 non
1444 1413 132 62 sunt
1526 1413 197 62 subiecta
1674 1413 132 62 esse
1756 1413 82 62 &
1789 1413 115 62 non
1855 1413 148 62 esse:
1954 1413 99 62 vt
2003 1413 99 62 de
2053 1413 197 62 essentia
2201 1413 115 62 non

502 1464 148 69 ente
595 1464 241 69 generetur
780 1464 222 69 essentia
947 1464 148 69 ens:
1039 1464 278 69 quemadmodum
1262 1464 111 69 de
1317 1464 204 69 corpore
1465 1464 130 69 non
1539 1464 148 69 albo
1632 1464 241 69 generatur
1817 1464 185 69 corpus
1947 1464 185 69 album.
2058 1464 222 69 Subiectiue

505 1515 125 64 enim
584 1515 125 64 ipsa
662 1515 110 64 non
725 1515 110 64 est
787 1515 188 64 potentia
928 1515 94 64 ad
975 1515 125 64 esse
1054 1515 110 64 vel
1116 1515 110 64 non
1179 1515 141 64 esse:
1273 1515 110 64 sed
1336 1515 204 64 obiectiue
1492 1515 110 64 est
1555 1515 94 64 in
1602 1515 188 64 potentia
1743 1515 94 64 ad
1790 1515 125 64 esse
1868 1515 110 64 cum
1931 1515 110 64 est
1993 1515 110 64 sub
2056 1515 110 64 non
2119 1515 141 64 esse:
2213 1515 110 64 non

517 1574 91 66 vt
562 1574 91 66 ex
608 1574 182 66 essentia
744 1574 106 66 non
804 1574 121 66 ente
880 1574 121 66 fiat
956 1574 121 66 ens:
1031 1574 106 66 sed
1092 1574 91 66 vt
1137 1574 121 66 ipsa
1213 1574 182 66 essentia
1349 1574 106 66 non
1410 1574 106 66 ens
1470 1574 121 66 fiat
1546 1574 121 66 ens:
1621 1574 76 66 &
1652 1574 106 66 cum
1712 1574 106 66 est
1773 1574 91 66 in
1818 1574 136 66 esse,
1909 1574 121 66 tunc
1984 1574 106 66 est
2045 1574 91 66 in
2090 1574 182 66 potentia
2226 1574 91 66 ad

507 1625 114 62 non
572 1625 146 62 esse:
669 1625 114 62 non
734 1625 97 62 vt
783 1625 97 62 ex
831 1625 195 62 essentia
977 1625 130 62 ente
1058 1625 130 62 fiat
1139 1625 195 62 essentia
1285 1625 114 62 non
1350 1625 130 62 ens:
1431 1625 114 62 sed
1496 1625 97 62 vt
1545 1625 130 62 ipsa
1626 1625 195 62 essentia
1772 1625 114 62 ens
1837 1625 130 62 fiat
1918 1625 114 62 non
1983 1625 130 62 ens:
2064 1625 114 62 non
2129 1625 81 62 a
2145 1625 146 62 princi-

507 1681 107 60 pio
568 1681 230 60 corruptiuo,
752 1681 107 60 sed
813 1681 214 60 defectiuo.
981 1681 92 60 AD
1027 1681 199 60 secundum:
1180 1681 123 60 quod
1257 1681 107 60 nec
1318 1681 153 60 habens
1425 1681 123 60 esse
1502 1681 92 60 ex
1548 1681 107 60 se,
1609 1681 107 60 sed
1670 1681 92 60 ex
1716 1681 92 60 se
1762 1681 199 60 permanens
1915 1681 92 60 in
1961 1681 138 60 esse,
2053 1681 153 60 potest
2160 1681 92 60 ab
2191 1681 92 60 alio

506 1733 175 70 habere
628 1733 140 70 esse
715 1733 227 70 perpetuum
890 1733 87 70 &
925 1733 105 70 ab
977 1733 210 70 aeterno:
1134 1733 105 70 vt
1187 1733 175 70 motus:
1309 1733 210 70 creatura
1466 1733 157 70 omnis
1571 1733 122 70 est
1641 1733 227 70 huiusmodi
1815 1733 122 70 &c.
1885 1733 210 70 Dicendum
2042 1733 105 70 ad
2095 1733 122 70 hoc
2165 1733 87 70 &
2182 1733 105 70 simi

502 1788 149 57 liter
602 1788 99 57 ad
651 1788 298 57 confirmationem
900 1788 99 57 de
950 1788 182 57 corpore
1082 1788 215 57 luminoso:
1248 1788 132 57 quod
1330 1788 116 57 res
1397 1788 166 57 aliqua
1513 1788 132 57 quae
1595 1788 116 57 non
1662 1788 149 57 habet
1761 1788 132 57 esse
1844 1788 99 57 ex
1894 1788 99 57 se
1943 1788 116 57 nec
2009 1788 282 57 permanentiam,
2225 1788 66 57 ha

504 1842 116 55 bet
571 1842 150 55 tamen
671 1842 116 55 eam
737 1842 100 55 in
787 1842 100 55 se
837 1842 100 55 vt
886 1842 233 55 substantia
1069 1842 183 55 aliqua:
1202 1842 116 55 res
1269 1842 133 55 vero
1352 1842 133 55 alia
1435 1842 116 55 non
1501 1842 150 55 habet
1601 1842 133 55 esse
1684 1842 116 55 nec
1750 1842 266 55 permanentiam
1966 1842 100 55 in
2016 1842 116 55 se:
2083 1842 116 55 sed
2149 1842 100 55 in
2182 1842 100 55 alio

505 1895 91 54 vt
550 1895 228 54 accidentia.
733 1895 91 54 Et
778 1895 182 54 secundum
915 1895 106 54 hoc
976 1895 91 54 in
1022 1895 91 54 re
1067 1895 152 54 duplex
1174 1895 106 54 est
1234 1895 198 54 potentia:
1386 1895 167 54 Quaedam
1508 1895 91 54 ad
1553 1895 122 54 esse
1629 1895 182 54 secundum
1766 1895 243 54 substantiam:
1964 1895 167 54 quaedam
2085 1895 122 54 vero
2161 1895 91 54 ad
2192 1895 91 54 esse

509 1949 191 68 secundum
652 1949 127 68 vbi,
732 1949 111 68 vel
795 1949 191 68 secundum
938 1949 302 68 illuminationem,
1192 1949 111 68 aut
1256 1949 222 68 huiusmodi.
1431 1949 95 68 De
1478 1949 95 68 eo
1526 1949 127 68 quid
1606 1949 111 68 est
1669 1949 95 68 in
1717 1949 191 68 potentia
1860 1949 95 68 ad
1908 1949 127 68 esse
1987 1949 95 68 ex
2035 1949 95 68 se
2082 1949 143 68 primo
2178 1949 127 68 modo

507 2003 101 66 non
564 2003 144 66 potest
665 2003 173 66 secundum
795 2003 202 66 philosopum
954 2003 144 66 habere
1055 2003 115 66 esse
1127 2003 188 66 perpetuum
1272 2003 87 66 ab
1315 2003 130 66 alio:
1402 2003 159 66 habende
1517 2003 173 66 scilicet
1647 2003 159 66 naturam
1762 2003 101 66 qua
1820 2003 159 66 necesse
1936 2003 130 66 esset
2022 2003 130 66 ipsum
2109 2003 144 66 semper
2195 2003 87 66 esse

499 2054 137 61 nisi
584 2054 103 61 in
636 2054 120 61 hoc
704 2054 171 61 natura
824 2054 137 61 eius
909 2054 325 61 transmutaretur.
1183 2054 103 61 In
1234 2054 154 61 eadem
1337 2054 154 61 tamen
1439 2054 171 61 natura
1559 2054 188 61 manente
1696 2054 103 61 ab
1747 2054 137 61 alio
1832 2054 256 61 conseruante
2038 2054 85 61 &
2072 2054 120 61 non
2140 2054 85 61 a
2174 2054 137 61 natu

505 2109 98 57 ra
554 2109 163 57 illius
668 2109 130 57 quod
749 2109 244 57 conseruatur
944 2109 130 57 nisi
1026 2109 114 57 quo
1091 2109 98 57 ad
1140 2109 212 57 potentiam
1303 2109 261 57 obedientiae:
1515 2109 130 57 vere
1596 2109 147 57 ponit
1694 2109 147 57 fides
1791 2109 212 57 catholica
1954 2109 130 57 quod
2036 2109 212 57 possibile
2199 2109 114 57 non

509 2161 116 62 esse
581 2161 87 62 ex
624 2161 87 62 se
667 2161 87 62 ab
711 2161 116 62 alio
783 2161 144 62 potest
884 2161 87 62 in
927 2161 116 62 esse
1000 2161 217 62 perpetuari.
1173 2161 101 62 sed
1231 2161 130 62 talem
1317 2161 130 62 modum
1404 2161 217 62 perpetuandi
1577 2161 101 62 non
1635 2161 130 62 vidit
1722 2161 231 62 philosophus.
1909 2161 87 62 De
1953 2161 87 62 eo
1996 2161 116 62 vero
2068 2161 116 62 quod
2141 2161 101 62 est
2198 2161 87 62 in
2227 2161 58 62 po

507 2219 160 61 tentia
619 2219 176 61 secundo
747 2219 128 61 modo
827 2219 256 61 intelligitur
1035 2219 144 61 solum
1131 2219 160 61 dictum
1243 2219 240 61 philosophi.
1436 2219 128 61 Vnde
1516 2219 160 61 corpus
1628 2219 192 61 caeleste
1772 2219 96 61 ex
1820 2219 96 61 se
1868 2219 112 61 est
1932 2219 208 61 possibile
2092 2219 160 61 moueri
2188 2219 96 61 sem-

505 2281 123 57 per:
581 2281 107 57 non
643 2281 153 57 semper
750 2281 138 57 autem
842 2281 123 57 actu
919 2281 169 57 mouetur
1041 2281 169 57 quantum
1164 2281 107 57 est
1225 2281 92 57 ex
1271 2281 92 57 se
1317 2281 77 57 &
1348 2281 107 57 suo
1409 2281 153 57 motore
1516 2281 215 57 coniuncto.
1685 2281 169 57 dicente
1808 2281 215 57 Commentato
1976 2281 153 57 super.
2084 2281 123 57 xii.
2145 2281 138 57 Metaph.

504 2326 90 66 Si
549 2326 179 66 potentia
683 2326 119 66 quae
758 2326 164 66 mouetur
877 2326 104 66 hoc
937 2326 119 66 motu
1011 2326 164 66 aeterno
1131 2326 149 66 fuerit
1235 2326 90 66 in
1280 2326 104 66 eo:
1340 2326 104 66 aut
1400 2326 104 66 est
1459 2326 149 66 finita
1564 2326 104 66 aut
1623 2326 194 66 infinita.
1773 2326 90 66 Si
1817 2326 194 66 infinita,
1967 2326 194 66 continget
2116 2326 149 66 moueri
2220 2326 90 66 in

505 2379 202 64 instanti.
661 2379 93 64 Si
708 2379 124 64 vero
785 2379 171 64 finita,
910 2379 202 64 possibile
1065 2379 109 64 est
1127 2379 218 64 quiescere.
1298 2379 124 64 quid
1376 2379 109 64 iam
1438 2379 233 64 improbatur.
1625 2379 124 64 ergo
1703 2379 109 64 non
1765 2379 171 64 mouetur
1889 2379 109 64 per
1951 2379 202 64 potentiam
2091 2379 187 64 existentem

508 2430 104 62 in
560 2430 122 62 eo:
629 2430 139 62 immo
716 2430 122 62 per
786 2430 226 62 potentiam
960 2430 122 62 non
1029 2430 104 62 in
1082 2430 209 62 subiecto
1238 2430 191 62 omnino.
1377 2430 104 62 Et
1430 2430 104 62 vt
1482 2430 157 62 dicit
1586 2430 157 62 motus
1691 2430 139 62 eius
1778 2430 244 62 componitur
1969 2430 104 62 ex
2021 2430 174 62 duobus
2125 2430 157 62 motori-

505 2487 140 64 bus:
593 2487 175 64 quorum
716 2487 140 64 vnus
804 2487 123 64 est
874 2487 193 64 finitae
1014 2487 228 64 motionis,
1190 2487 88 64 &
1225 2487 123 64 est
1295 2487 158 64 anima
1400 2487 210 64 existens
1558 2487 105 64 in
1610 2487 123 64 eo:
1681 2487 88 64 &
1716 2487 158 64 alter
1821 2487 228 64 infinitae
1996 2487 228 64 motionis,
2172 2487 88 64 &
2189 2487 88 64 est

505 2543 199 66 potentia
655 2543 133 66 quae
738 2543 116 66 non
804 2543 116 66 est
870 2543 100 66 in
920 2543 199 66 materia:
1070 2543 83 66 &
1103 2543 216 66 inquantum
1269 2543 166 66 caelum
1385 2543 116 66 est
1451 2543 100 66 ex
1501 2543 100 66 se
1551 2543 216 66 possibile
1717 2543 183 66 moueri:
1850 2543 100 66 ex
1899 2543 100 66 se
1949 2543 116 66 est
2015 2543 216 66 possibile
2181 2543 133 66 qui-

504 2599 164 57 escere:
624 2599 120 57 quia
698 2599 134 57 motus
788 2599 134 57 habet
878 2599 209 57 contraris.
1042 2599 179 57 scilicet
1176 2599 164 57 quietem
1296 2599 164 57 propter
1415 2599 120 57 quod
1490 2599 224 57 impossibile
1669 2599 105 57 est
1729 2599 120 57 quod
1804 2599 105 57 sit
1864 2599 179 57 remanens
1998 2599 90 57 ex
2043 2599 105 57 se:
2103 2599 105 57 sed
2162 2599 90 57 ab
2192 2599 90 57 alio

497 2647 175 70 motore
620 2647 228 70 separato.
795 2647 105 70 Et
848 2647 140 70 sunt
936 2647 105 70 in
988 2647 123 70 hoc
1058 2647 123 70 duo
1128 2647 298 70 consideranda:
1374 2647 175 70 quorum
1496 2647 193 70 alterum
1637 2647 158 70 solum
1742 2647 175 70 posuit
1864 2647 263 70 Commentator
2075 2647 158 70 quasi
2162 2647 123 70 possi

502 2703 115 55 bile
574 2703 87 55 ex
617 2703 87 55 se
660 2703 144 55 potest
761 2703 115 55 esse
834 2703 217 55 necessarium
1007 2703 72 55 &
1036 2703 188 55 perpetuum
1180 2703 87 55 ab
1223 2703 159 55 altero.
1339 2703 130 55 Vnde.
1425 2703 173 55 scilicet
1555 2703 115 55 quod
1627 2703 144 55 tangit
1728 2703 217 55 Commentator
1902 2703 115 55 quia
1974 2703 130 55 habet
2060 2703 115 55 esse
2133 2703 87 55 ab
2176 2703 130 55 alio:

500 2758 106 59 vt
553 2758 159 59 motus
659 2758 88 59 a
695 2758 194 59 motore:
836 2758 265 59 illuminatio
1048 2758 106 59 ab
1101 2758 283 59 illuminante.
1331 2758 194 59 Propter
1473 2758 141 59 quod
1561 2758 106 59 ab
1614 2758 141 59 illo
1703 2758 88 59 a
1738 2758 124 59 quo
1809 2758 177 59 habent
1932 2758 141 59 esse
2021 2758 194 59 possunt
2145 2758 141 59 habere

509 2810 297 60 continuationem
756 2810 148 60 esse.
855 2810 132 60 Vnde
937 2810 247 60 substantiae
1135 2810 132 60 quia
1217 2810 165 60 habent
1332 2810 132 60 esse
1415 2810 99 60 ex
1464 2810 99 60 se
1514 2810 82 60 &
1547 2810 115 60 sua
1612 2810 165 60 forma,
1728 2810 82 60 &
1761 2810 198 60 secundum
1909 2810 148 60 ipsum
2008 2810 115 60 non
2074 2810 99 60 ab
2123 2810 132 60 alio
2189 2810 99 60 nisi

501 2863 118 66 per
569 2863 186 66 quandam
704 2863 270 66 dependentiam
924 2863 220 66 praedicto
1093 2863 152 66 modo:
1194 2863 135 66 ideo
1279 2863 101 66 si
1329 2863 101 66 ex
1380 2863 101 66 se
1431 2863 118 66 non
1498 2863 169 66 habent
1617 2863 152 66 posse
1718 2863 135 66 esse
1803 2863 135 66 suum
1887 2863 254 66 continuare,
2090 2863 152 66 nullo
2192 2863 135 66 modo

506 2920 135 66 esse
591 2920 118 66 sui
658 2920 304 66 continuationem
912 2920 186 66 possunt
1047 2920 169 66 habere
1166 2920 101 66 ab
1216 2920 135 66 alio
1301 2920 237 66 superiori:
1487 2920 135 66 nisi
1572 2920 85 66 &
1605 2920 152 66 agens
1707 2920 85 66 &
1741 2920 220 66 recipiens
1910 2920 237 66 mutarentur
2096 2920 101 66 in
2130 2920 152 66 substan

502 2979 133 57 tia.
585 2979 166 57 posuit
702 2979 133 57 enim
785 2979 133 57 quod
868 2979 133 57 deus
951 2979 150 57 nihil
1051 2979 166 57 ageret
1167 2979 150 57 circa
1267 2979 216 57 inferiora
1433 2979 133 57 nisi
1516 2979 100 57 de
1566 2979 249 57 necessitate
1765 2979 199 57 naturae:
1915 2979 83 57 &
1948 2979 116 57 hoc
2014 2979 116 57 non
2081 2979 133 57 nisi
2164 2979 150 57 motum

501 3027 229 70 caelesten:
681 3027 82 70 &
713 3027 115 70 per
779 3027 147 70 illum
877 3027 98 70 ea
926 3027 131 70 quae
1008 3027 213 70 dependent
1172 3027 82 70 a
1205 3027 147 70 motu.
1303 3027 180 70 Ponendo
1434 3027 147 70 tamen
1532 3027 131 70 quod
1614 3027 131 70 agat
1696 3027 82 70 &
1728 3027 164 70 moueat
1843 3027 115 70 per
1908 3027 229 70 voluntatem
2089 3027 147 70 circa
2170 3027 115 70 omnia

497 3076 80 70 &
529 3076 176 70 mediate
657 3076 80 70 &
689 3076 224 70 immediate.
866 3076 192 70 secundum
1010 3076 128 70 quod
1090 3076 96 70 ei
1138 3076 224 70 placuerit,
1314 3076 112 70 non
1378 3076 144 70 minus
1475 3076 160 70 potest
1587 3076 224 70 perpetuari
1763 3076 96 70 in
1811 3076 128 70 esse
1891 3076 96 70 ex
1939 3076 144 70 parte
2036 3076 128 70 post
2100 3076 176 70 possibile

498 3127 119 77 esse
572 3127 178 77 secundum
706 3127 223 77 substantiam
884 3127 119 77 quam
958 3127 134 77 posse
1047 3127 119 77 esse
1122 3127 178 77 secundum
1255 3127 119 77 vbi.
1329 3127 104 77 non
1389 3127 104 77 sic
1448 3127 134 77 autem
1537 3127 89 77 ex
1582 3127 134 77 parte
1671 3127 119 77 ante
1745 3127 89 77 vt
1789 3127 104 77 iam
1849 3127 178 77 dicetur.
1982 3127 134 77 Aliud
2071 3127 119 77 vero
2146 3127 104 77 est
2190 3127 104 77 conm
