2391 3650
144 251 186 73 siderare
283 251 93 73 in
329 251 93 73 eo
376 251 124 73 quid
453 251 186 73 secundum
592 251 232 73 philosophum
778 251 139 73 habet
871 251 217 73 perpetuari
1041 251 93 73 ab
1087 251 139 73 alio:
1180 251 124 73 quia
1258 251 139 73 habet
1350 251 124 73 esse
1428 251 93 73 in
1474 251 93 73 eo
1521 251 124 73 quod
1598 251 186 73 secundum
1722 251 201 73 philosophum

135 322 149 59 habet
235 322 132 59 esse
317 322 248 59 necessarium
515 322 99 59 ex
565 322 116 59 se.
631 322 132 59 Vnde
713 322 132 59 quia
796 322 165 59 caelum
912 322 149 59 habet
1011 322 132 59 esse
1093 322 248 59 necessarium
1291 322 198 59 secundum
1440 322 248 59 substantiam
1638 322 83 59 &
1671 322 198 59 aeternum
1803 322 116 59 secun

137 377 121 63 dum
206 377 172 63 ipsum:
326 377 86 63 &
361 377 103 63 ex
413 377 103 63 se
464 377 121 63 est
533 377 224 63 possibile
706 377 172 63 moueri
826 377 86 63 &
861 377 224 63 possibile
1033 377 241 63 quiescere:
1223 377 138 63 ideo
1309 377 103 63 ab
1360 377 138 63 alio
1447 377 172 63 potest
1567 377 155 63 motus
1671 377 103 63 in
1722 377 138 63 ipso
1791 377 121 63 conti

142 434 150 55 nuari:
247 434 75 55 &
277 434 195 55 similiter
427 434 165 55 stellae
547 434 150 55 omnes:
652 434 105 55 cum
712 434 180 55 secundum
847 434 165 55 aliquos
967 434 195 55 recipiunt
1116 434 135 55 lumen
1206 434 75 55 a
1236 434 135 55 sole:
1326 434 120 55 quia
1401 434 90 55 ex
1446 434 210 55 substantia
1611 434 105 55 sua
1671 434 150 55 habent
1776 434 120 55 esse
1836 434 75 55 ne-

135 485 219 65 cessarium:
307 485 78 65 &
338 485 94 65 ex
385 485 94 65 se
432 485 125 65 sunt
510 485 203 65 possibile
666 485 219 65 illuminari
838 485 109 65 vel
901 485 109 65 non
963 485 234 65 illuminari.
1151 485 125 65 ldeo
1229 485 94 65 in
1276 485 141 65 illis
1369 485 125 65 quae
1447 485 172 65 nunquam
1572 485 234 65 eclipsantur
1744 485 172 65 possibile

148 535 215 66 obscurari
313 535 99 66 ex
362 535 116 66 se,
428 535 198 66 perpetuo
577 535 231 66 illuminari
758 535 165 66 potest
874 535 99 66 ab
923 535 149 66 alio:
1022 535 83 66 &
1055 535 116 66 hoc
1121 535 149 66 eadem
1220 535 264 66 perpetuitate
1435 535 116 66 qua
1501 535 215 66 subiectum
1666 535 149 66 habet
1748 535 165 66 perpetui

141 589 142 62 tatem
236 589 95 62 in
283 589 111 62 sua
347 589 237 62 substantia,
536 589 126 62 siue
615 589 95 62 ab
663 589 126 62 ante
742 589 158 62 solum,
852 589 126 62 siue
931 589 95 62 ad
979 589 142 62 post,
1074 589 126 62 siue
1153 589 174 62 vtroque
1279 589 142 62 modo.
1374 589 126 62 Vnde
1453 589 95 62 ab
1500 589 126 62 illa
1579 589 174 62 regila,
1706 589 205 62 Possibile
1848 589 63 62 ex

142 644 99 57 se
192 644 116 57 non
258 644 165 57 potest
374 644 231 57 perpetuari
556 644 99 57 ab
605 644 149 57 alio:
704 644 116 57 non
771 644 149 57 solum
870 644 165 57 debent
985 644 165 57 excipi
1101 644 149 57 motus
1200 644 165 57 caeli:
1316 644 116 57 sed
1382 644 149 57 etiam
1481 644 248 57 illuminatio
1680 644 83 57 &
1713 644 149 57 siqua
1795 644 116 57 plura

142 696 206 57 huiusmodi
301 696 222 57 accidentia
475 696 174 57 possent
601 696 190 57 inueniri
744 696 95 57 in
792 696 174 57 corpore
918 696 206 57 caelesti.
1077 696 190 57 secundum
1219 696 127 57 quae
1298 696 143 57 esset
1393 696 285 57 transmutabile,
1631 696 111 57 per
1694 696 158 57 eundem
1805 696 143 57 modum

144 750 180 59 quando
270 750 108 59 ex
324 750 288 59 suppositione
559 750 216 59 ponuntur
721 750 216 59 perpetua
883 750 144 59 ante
973 750 90 59 &
1009 750 144 59 post
1100 750 288 59 illuminabile
1334 750 90 59 &
1370 750 234 59 luminosum
1550 750 90 59 &
1586 750 216 59 opposita
1749 750 144 59 fine
1821 750 90 59 im-

144 803 228 64 pedimento,
323 803 212 64 contingit
486 803 130 64 quod
567 803 195 64 perpetuo
713 803 130 64 vnum
795 803 244 64 illuminaret
990 803 195 64 alterum.
1137 803 130 64 Quia
1218 803 147 64 sicut
1316 803 98 64 ex
1365 803 260 64 suppositione
1576 803 195 64 subiecta
1723 803 163 64 habent
1820 803 98 64 esse

149 851 106 72 non
210 851 122 72 post
286 851 106 72 non
347 851 137 72 esse:
438 851 106 72 sic
499 851 76 72 &
529 851 213 72 possibilia
696 851 122 72 sunt
772 851 91 72 vt
818 851 91 72 in
864 851 106 72 eis
924 851 137 72 fiant
1016 851 213 72 accidentia
1183 851 106 72 non
1244 851 122 72 post
1320 851 106 72 non
1381 851 137 72 esse.
1472 851 106 72 Sed
1533 851 91 72 si
1578 851 106 72 sol
1639 851 167 72 ponatur
1761 851 106 72 per
1807 851 106 72 impos

142 908 165 66 sibile
257 908 132 66 esse
339 908 132 66 deus
422 908 165 66 quidam
537 908 82 66 &
570 908 181 66 quoddam
702 908 181 66 necesse
834 908 132 66 esse
916 908 165 66 potens
1031 908 214 66 producere
1196 908 99 66 de
1245 908 165 66 nihilo
1361 908 165 66 radium
1476 908 280 66 subsistentem:
1707 908 247 66 quemadmodum

153 960 127 64 deus
232 960 175 64 creauit
359 960 143 64 omnia
455 960 95 64 ab
502 960 175 64 initio:
629 960 111 64 non
692 960 127 64 plus
772 960 159 64 posset
883 960 206 64 producere
1041 960 159 64 radium
1153 960 127 64 sibi
1232 960 222 64 coaeternum
1406 960 127 64 quam
1486 960 127 64 deus
1565 960 206 64 creaturas
1724 960 159 64 alias:
1835 960 111 64 sed

153 1012 173 70 necesse
279 1012 142 70 esset
374 1012 94 70 vt
421 1012 142 70 radii
515 1012 157 70 illius
625 1012 110 70 non
688 1012 126 70 esse
767 1012 236 70 praecederet
956 1012 142 70 esse.
1050 1012 94 70 Si
1098 1012 126 70 vero
1176 1012 142 70 talia
1271 1012 220 70 accidentia
1444 1012 189 70 haberent
1585 1012 126 70 esse
1664 1012 94 70 in
1711 1012 189 70 subiecto
1837 1012 79 70 cor

151 1073 209 57 ruptibili
312 1073 193 57 secundum
456 1073 257 57 philosophum,
666 1073 145 57 nullo
762 1073 129 57 modo
842 1073 177 57 possent
971 1073 96 57 ab
1019 1073 129 57 alio
1100 1073 241 57 perpetuari:
1293 1073 129 57 quia
1373 1073 145 57 causa
1470 1073 145 57 motus
1566 1073 113 57 sui
1631 1073 129 57 quae
1711 1073 113 57 non
1775 1073 113 57 est
1824 1073 96 57 nisi

147 1121 133 61 forma
236 1121 118 61 sua,
310 1121 207 61 perpetuari
473 1121 104 61 non
532 1121 163 61 potest.
650 1121 177 61 Quamquam
783 1121 118 61 ergo
857 1121 89 61 in
901 1121 177 61 creatura
1035 1121 104 61 sit
1094 1121 133 61 prima
1183 1121 177 61 conditio
1316 1121 177 61 secundum
1449 1121 148 61 fidem,
1552 1121 118 61 quod
1626 1121 104 61 non
1685 1121 133 61 habet
1774 1121 118 61 esse
1833 1121 89 61 nisi

143 1173 92 62 ab
189 1173 137 62 alio:
280 1173 122 62 quia
357 1173 137 62 tamen
448 1173 107 62 non
509 1173 107 62 est
570 1173 92 62 ex
616 1173 92 62 se
662 1173 229 62 necessaria:
845 1173 137 62 neque
937 1173 137 62 habet
1028 1173 122 62 esse
1105 1173 92 62 in
1151 1173 214 62 necessario
1318 1173 137 62 esse:
1410 1173 76 62 &
1441 1173 92 62 ab
1486 1173 122 62 illo
1563 1173 122 62 alio
1639 1173 122 62 quod
1715 1173 122 62 deus
1792 1173 107 62 est
1838 1173 76 62 non

149 1226 141 66 habet
243 1226 125 66 esse
321 1226 235 66 necessitate
509 1226 172 66 naturae
634 1226 141 66 eius:
728 1226 109 66 non
790 1226 109 66 est
853 1226 172 66 necesse
978 1226 94 66 ab
1025 1226 125 66 illo
1103 1226 235 66 perpetuari,
1291 1226 109 66 nec
1353 1226 141 66 ante,
1447 1226 109 66 nec
1510 1226 141 66 post,
1603 1226 109 66 nec
1666 1226 141 66 etiam
1760 1226 156 66 potest
1853 1226 63 66 ex

146 1278 144 69 parte
242 1278 144 69 ante:
339 1278 144 69 licet
435 1278 193 69 secundum
579 1278 225 69 positionem
756 1278 225 69 philosophi
933 1278 209 69 possibile
1093 1278 96 69 ex
1141 1278 112 69 se,
1206 1278 112 69 nec
1270 1278 96 69 ex
1318 1278 144 69 parte
1414 1278 144 69 ante,
1511 1278 112 69 nec
1575 1278 96 69 ex
1623 1278 144 69 parte
1719 1278 128 69 post
1784 1278 128 69 possit

146 1333 245 67 perpetuari.
342 1333 131 67 lpse
424 1333 131 67 enim
505 1333 163 67 posuit
620 1333 131 67 alia
701 1333 180 67 praeter
832 1333 245 67 generabilia
1028 1333 82 67 &
1061 1333 278 67 corruptibilia
1290 1333 82 67 a
1323 1333 147 67 nullo
1421 1333 131 67 esse
1502 1333 294 67 principiatiue:
1748 1333 114 67 sed
1797 1333 114 67 solum

146 1387 132 63 modo
229 1387 99 63 ex
279 1387 182 63 seipsis
411 1387 248 63 formaliter:
610 1387 116 63 ita
676 1387 132 63 quod
759 1387 199 63 caeleste
908 1387 165 63 corpus
1023 1387 99 63 ab
1073 1387 132 63 ipso
1156 1387 116 63 non
1222 1387 199 63 recipiat
1371 1387 132 63 nisi
1454 1387 149 63 motus
1553 1387 314 63 continuationem:
1801 1387 116 63 sicut

148 1443 132 61 vnum
230 1443 148 61 eorum
329 1443 99 61 ab
378 1443 165 61 altero
493 1443 313 61 illuminationem.
757 1443 181 61 Propter
888 1443 132 61 quod
971 1443 181 61 propter
1102 1443 263 61 aeternitatem
1316 1443 214 61 omnimodam
1481 1443 132 61 quam
1563 1443 165 61 posuit
1679 1443 99 61 ex
1728 1443 148 61 parte
1810 1443 99 61 sub-

147 1490 158 59 iecti,
258 1490 158 59 potuit
369 1490 158 59 ponere
480 1490 95 59 in
527 1490 127 59 ipso
607 1490 222 59 perpetuari
781 1490 206 59 omnimode:
939 1490 127 59 quid
1019 1490 127 59 erat
1098 1490 206 59 possibile
1256 1490 95 59 in
1304 1490 111 59 eo.
1367 1490 111 59 Sed
1431 1490 127 59 tunc
1510 1490 143 59 forte
1605 1490 158 59 arguit
1716 1490 174 59 aliquis
1827 1490 79 59 se-

150 1543 170 58 cundum
269 1543 136 58 quod
354 1543 153 58 supra
456 1543 238 58 arguebamus
644 1543 170 58 contra
763 1543 187 58 Auicen.
899 1543 102 58 Si
950 1543 170 58 caelum
1070 1543 102 58 de
1121 1543 255 58 necessitate
1325 1543 187 58 mouetur
1461 1543 102 58 ab
1512 1543 153 58 alio:
1614 1543 85 58 &
1649 1543 102 58 ex
1700 1543 102 58 se
1734 1543 187 58 possibile

152 1595 112 65 est
216 1595 144 65 ipsum
312 1595 112 65 non
376 1595 176 65 moueri:
503 1595 176 65 ponatur
631 1595 128 65 ergo
711 1595 96 65 in
759 1595 144 65 esse:
854 1595 128 65 etsi
934 1595 160 65 falsum
1046 1595 128 65 sit,
1126 1595 112 65 non
1190 1595 144 65 tamen
1285 1595 255 65 impossibile.
1493 1595 128 65 Nunc
1573 1595 144 65 autem
1669 1595 112 65 non
1732 1595 112 65 est
1780 1595 128 65 falsum

154 1648 220 62 absolutum
323 1648 118 62 sed
391 1648 169 62 falsum
509 1648 270 62 impossibile:
729 1648 135 62 quia
813 1648 254 62 includuntur
1016 1648 304 62 contradictoria
1270 1648 101 62 vt
1320 1648 169 62 patet.
1439 1648 101 62 Et
1489 1648 118 62 est
1557 1648 203 62 dicendum
1709 1648 135 62 quod
1777 1648 135 62 duplex

150 1704 104 59 est
210 1704 194 59 possibile
359 1704 134 59 esse.
448 1704 104 59 Est
508 1704 119 59 enim
583 1704 164 59 quoddam
702 1704 194 59 possibile
851 1704 119 59 esse
926 1704 179 59 secundum
1060 1704 134 59 actum
1149 1704 134 59 vnius
1239 1704 164 59 formae,
1358 1704 119 59 quod
1433 1704 104 59 est
1492 1704 164 59 necesse
1612 1704 119 59 esse
1686 1704 179 59 secundum
1806 1704 104 59 actum

147 1752 196 61 alterius
294 1752 180 61 formae:
425 1752 114 61 per
490 1752 131 61 quam
572 1752 180 61 ordinem
702 1752 82 61 &
735 1752 245 61 connexionem
931 1752 147 61 habet
1029 1752 98 61 ad
1078 1752 147 61 aliud
1176 1752 180 61 necesse
1307 1752 147 61 esse:
1405 1752 82 61 a
1438 1752 114 61 quo
1503 1752 114 61 per
1569 1752 212 61 huiusmodi
1732 1752 180 61 ordinem
1847 1752 65 61 ha

149 1808 105 61 bet
209 1808 135 61 actum
299 1808 150 61 formae
405 1808 150 61 illius
510 1808 181 61 secundum
645 1808 120 61 quam
721 1808 135 61 habet
811 1808 120 61 quod
886 1808 105 61 sit
946 1808 196 61 possibile
1097 1808 135 61 esse.
1187 1808 135 61 sicut
1277 1808 90 61 in
1322 1808 196 61 proposito
1473 1808 150 61 caelum
1578 1808 181 61 secundum
1713 1808 135 61 actum
1789 1808 120 61 formae

147 1861 124 56 suae
225 1861 109 56 est
287 1861 171 56 necesse
411 1861 140 56 esse:
504 1861 78 56 &
536 1861 186 56 secundum
675 1861 140 56 actum
768 1861 140 56 motus
861 1861 109 56 est
924 1861 202 56 possibile
1079 1861 140 56 esse:
1172 1861 78 56 &
1203 1861 109 56 per
1265 1861 155 56 primam
1374 1861 155 56 formam
1482 1861 140 56 habet
1576 1861 171 56 ordinem
1700 1861 78 56 &
1715 1861 202 56 comnexionem

143 1912 88 70 ad
187 1912 146 70 primum
289 1912 161 70 necesse
406 1912 131 70 esse:
494 1912 73 70 a
523 1912 117 70 quae
596 1912 102 70 per
654 1912 190 70 huiusmodi
800 1912 161 70 ordinem
917 1912 131 70 habet
1004 1912 146 70 moueri
1106 1912 88 70 sm
1150 1912 146 70 actum.
1252 1912 131 70 Aliud
1340 1912 117 70 vero
1413 1912 102 70 est
1471 1912 190 70 possibile
1617 1912 117 70 esse
1690 1912 175 70 secundum
1807 1912 102 70 actum

152 1970 130 63 vnius
238 1970 159 63 formae:
354 1970 72 63 &
383 1970 174 63 secundum
514 1970 159 63 nullius
629 1970 145 63 formae
731 1970 130 63 actum
818 1970 101 63 est
875 1970 159 63 necesse
991 1970 116 63 esse
1064 1970 87 63 vt
1107 1970 130 63 omnis
1194 1970 188 63 creatura.
1339 1970 159 63 Propter
1455 1970 116 63 quod
1527 1970 101 63 non
1585 1970 101 63 est
1643 1970 159 63 simile.
1759 1970 101 63 Sed
1817 1970 130 63 illud

150 2018 190 63 possibile
297 2018 161 63 propter
413 2018 161 63 annexum
530 2018 102 63 non
589 2018 146 63 potest
691 2018 117 63 poni
764 2018 88 63 in
808 2018 117 63 esse
881 2018 117 63 nisi
954 2018 102 63 per
1013 2018 234 63 impossibile:
1203 2018 132 63 istud
1290 2018 132 63 autem
1378 2018 146 63 potest
1481 2018 117 63 poni
1554 2018 117 63 esse
1627 2018 190 63 absolute.
1773 2018 73 63 &
1802 2018 102 63 sic
1846 2018 73 63 cae

143 2077 114 59 lum
208 2077 98 59 ab
257 2077 147 59 eodem
354 2077 212 59 dependet:
517 2077 147 59 licet
615 2077 98 59 ab
664 2077 98 59 eo
712 2077 212 59 causatiue
875 2077 114 59 non
940 2077 163 59 habeat
1054 2077 130 59 esse
1136 2077 81 59 a
1168 2077 130 59 quae
1250 2077 195 59 dependet
1396 2077 98 59 in
1445 2077 130 59 motu
1526 2077 81 59 &
1559 2077 81 59 a
1591 2077 114 59 quo
1657 2077 212 59 causatiue
1803 2077 114 59 habet

149 2125 171 68 moueri:
274 2125 109 68 ita
336 2125 124 68 quod
413 2125 186 68 secundum
553 2125 233 68 philosophum
739 2125 140 68 motus
832 2125 140 68 caeli
926 2125 109 68 non
988 2125 155 68 potest
1096 2125 124 68 poni
1174 2125 109 68 non
1236 2125 140 68 esse:
1329 2125 124 68 nisi
1407 2125 171 68 ponatur
1531 2125 124 68 ordo
1609 2125 78 68 &
1640 2125 233 68 dependentia
1810 2125 109 68 caeli

144 2177 96 61 ad
192 2177 160 61 primum
304 2177 112 61 non
368 2177 144 61 esse.
465 2177 80 61 &
497 2177 96 61 si
545 2177 128 61 ordo
625 2177 128 61 ille
705 2177 112 61 non
769 2177 160 61 esset,
882 2177 160 61 caelum
994 2177 112 61 non
1058 2177 160 61 esset.
1170 2177 176 61 dicente
1299 2177 160 61 Auerr.
1411 2177 96 61 in
1459 2177 128 61 fine
1539 2177 96 61 de
1587 2177 225 61 substantia
1764 2177 160 61 orbis.
1860 2177 64 61 Da

143 2244 116 59 tor
210 2244 298 59 continuationis
458 2244 149 59 motus
557 2244 149 59 caeli
657 2244 116 59 est
723 2244 149 59 dator
822 2244 149 59 motus
922 2244 166 59 caeli:
1038 2244 83 59 &
1071 2244 132 59 nisi
1153 2244 166 59 esset,
1269 2244 265 59 destrueretur
1485 2244 166 59 motus:
1600 2244 83 59 &
1634 2244 99 59 si
1683 2244 166 59 motus,
1799 2244 83 59 &
1816 2244 99 59 cae-

146 2284 133 68 lum:
229 2284 133 68 etsi
312 2284 149 68 motus
411 2284 149 68 caeli
511 2284 282 68 destrueretur,
743 2284 265 68 destrueretur
958 2284 149 68 motus
1058 2284 166 68 entium
1174 2284 248 68 inferiorum:
1372 2284 83 68 &
1405 2284 116 68 sic
1472 2284 182 68 mundus:
1604 2284 99 68 ex
1654 2284 116 68 quo
1704 2284 215 68 verificatur

157 2338 130 66 quod
238 2338 147 66 dator
336 2338 294 66 continuationis
581 2338 147 66 motui
679 2338 114 66 est
744 2338 147 66 dator
842 2338 130 66 esse
923 2338 147 66 aliis
1021 2338 196 66 entibus:
1168 2338 147 66 licet
1266 2338 130 66 alio
1347 2338 82 66 &
1380 2338 130 66 alio
1461 2338 130 66 modo
1543 2338 98 66 vt
1592 2338 114 66 iam
1657 2338 163 66 dictum
1771 2338 130 66 est.
1853 2338 98 66 Vn

143 2393 105 68 de
196 2393 175 68 posuit
319 2393 175 68 tantam
442 2393 263 68 comnexionem
652 2393 105 68 in
705 2393 140 68 esse
792 2393 246 68 inferiorum
985 2393 123 68 per
1056 2393 281 68 dependentiam
1284 2393 105 68 ad
1336 2393 246 68 superiora:
1529 2393 105 68 vt
1582 2393 158 68 licet
1687 2393 228 68 inferiora
1845 2393 70 68 po

151 2444 137 54 neret
242 2444 91 54 ex
288 2444 91 54 se
333 2444 122 54 esse
409 2444 167 54 necesse
531 2444 137 54 esse,
623 2444 122 54 quod
699 2444 137 54 tamen
790 2444 107 54 non
851 2444 152 54 essent
957 2444 91 54 si
1003 2444 198 54 superiora
1155 2444 107 54 non
1216 2444 167 54 essent:
1338 2444 107 54 ita
1399 2444 122 54 quod
1475 2444 91 54 si
1520 2444 198 54 poneretur
1673 2444 167 54 aliquod
1779 2444 137 54 inferio

151 2493 116 65 rum
218 2493 133 65 esse
301 2493 199 65 secundum
450 2493 149 65 ipsum
549 2493 133 65 sine
632 2493 232 65 connexione
814 2493 99 65 ad
864 2493 215 65 superius,
1030 2493 298 65 contradictoria
1278 2493 83 65 &
1311 2493 265 65 impossibilia
1527 2493 282 65 implicarentur
1742 2493 166 65 scilicet

156 2562 122 59 quod
232 2562 138 59 esset
324 2562 168 59 propter
446 2562 168 59 necesse
569 2562 138 59 esse:
660 2562 76 59 &
691 2562 107 59 non
752 2562 138 59 esset
844 2562 168 59 propter
966 2562 183 59 defectum
1104 2562 229 59 connexionis
1287 2562 92 59 ad
1333 2562 138 59 aliud
1425 2562 168 59 necesse
1547 2562 138 59 esse.
1639 2562 107 59 Sed
1700 2562 183 59 quamquam
1822 2562 92 59 Con-

144 2600 170 68 menta.
263 2600 221 68 exponendo
433 2600 170 68 librum
552 2600 153 68 caeli
654 2600 85 68 &
688 2600 153 68 mundi
790 2600 119 68 sic
858 2600 204 68 senserit
1011 2600 102 68 vt
1061 2600 119 68 iam
1129 2600 170 68 dictum
1248 2600 119 68 est
1316 2600 102 68 de
1367 2600 238 68 substantia
1554 2600 153 68 caeli
1656 2600 85 68 &
1690 2600 136 68 motu
1775 2600 153 68 eius:
1860 2600 51 68 &

151 2656 124 67 quod
229 2656 155 67 caelum
338 2656 186 67 secundum
477 2656 233 67 substantiam
664 2656 109 67 non
726 2656 109 67 est
788 2656 93 67 in
834 2656 202 67 potentia:
989 2656 109 67 sed
1052 2656 186 67 secundum
1191 2656 109 67 vbi
1253 2656 171 67 tantum:
1377 2656 78 67 &
1408 2656 124 67 quod
1486 2656 124 67 ideo
1564 2656 93 67 ab
1610 2656 124 67 alio
1688 2656 202 67 causatiue
1827 2656 78 67 mo-

151 2713 164 52 uetur:
266 2713 115 52 sed
331 2713 115 52 non
397 2713 181 52 existit
529 2713 132 52 nisi
611 2713 247 52 dependenter
808 2713 164 52 solum:
923 2713 99 52 in
973 2713 181 52 libello
1104 2713 148 52 tamen
1203 2713 99 52 de
1252 2713 230 52 substantia
1433 2713 148 52 orbis
1532 2713 181 52 videtur
1663 2713 230 52 retractare
1828 2713 82 52 hoc

140 2760 84 66 &
174 2760 168 66 dicere
292 2760 135 66 quod
376 2760 185 66 Aristo.
510 2760 135 66 idem
595 2760 219 66 sentiebat
763 2760 101 66 de
813 2760 135 66 motu
897 2760 151 66 eius:
998 2760 101 66 vt
1049 2760 202 66 secundum
1200 2760 118 66 hoc
1268 2760 101 66 in
1318 2760 168 66 modico
1436 2760 202 66 differat
1587 2760 168 66 opinio
1705 2760 185 66 Aristo.
1840 2760 101 66 ab

151 2813 194 63 opinione
296 2813 145 63 Auic.
393 2813 97 63 In
442 2813 162 63 tertio
555 2813 129 63 enim
636 2813 194 63 capstolo
781 2813 97 63 de
829 2813 226 63 substantia
1007 2813 145 63 orbis
1104 2813 210 63 Commenta.
1266 2813 145 63 dicit
1363 2813 129 63 sic.
1443 2813 97 63 Et
1492 2813 178 63 debemus
1621 2813 145 63 scire
1718 2813 129 63 quod
1783 2813 129 63 corpus

142 2859 198 68 caeleste
291 2859 116 68 non
357 2859 182 68 indiget
489 2859 182 68 virtute
622 2859 182 68 mouente
754 2859 99 68 in
803 2859 132 68 loco
886 2859 182 68 tantum:
1018 2859 116 68 sed
1084 2859 149 68 etiam
1183 2859 182 68 virtute
1315 2859 215 68 largiente
1481 2859 99 68 in
1530 2859 99 68 se
1580 2859 83 68 &
1613 2859 99 68 in
1662 2859 116 68 sua
1712 2859 198 68 substantia

143 2925 244 64 permanentiam
341 2925 199 64 aeternam.
494 2925 168 64 quoniam
616 2925 122 64 etsi
692 2925 107 64 sit
754 2925 183 64 simplex,
891 2925 76 64 &
921 2925 107 64 non
983 2925 153 64 habeat
1089 2925 199 64 potentiam
1242 2925 92 64 ad
1288 2925 260 64 corruptionem:
1502 2925 137 64 tamen
1593 2925 107 64 est
1654 2925 168 64 finitae
1761 2925 153 64 actionis

145 2972 255 68 necessario:
349 2972 136 68 quia
434 2972 119 68 est
503 2972 221 68 finitarum
673 2972 272 68 dimensionum.
894 2972 102 68 Et
945 2972 136 68 omne
1030 2972 136 68 tale
1116 2972 119 68 cum
1184 2972 255 68 intellectus
1388 2972 204 68 posuerit
1541 2972 153 68 ipsum
1644 2972 204 68 existens
1797 2972 119 68 per
1848 2972 68 68 se

141 3028 155 67 absque
250 3028 93 67 eo
297 3028 124 67 quod
374 3028 140 67 aliud
467 3028 202 67 largiatur
622 3028 124 67 ipsi
700 3028 248 67 permanentiam
901 3028 78 67 &
932 3028 264 67 aeternitatem,
1149 3028 171 67 necesse
1273 3028 109 67 est
1335 3028 93 67 vt
1382 3028 109 67 ita
1444 3028 109 67 sit
1506 3028 93 67 de
1552 3028 186 67 finitate
1692 3028 124 67 suae
1754 3028 155 67 permanem

143 3079 126 74 tiae
222 3079 141 74 sicut
316 3079 110 74 est
379 3079 94 74 de
426 3079 189 74 finitate
568 3079 126 74 suae
646 3079 204 74 actionis:
803 3079 79 74 &
835 3079 126 74 ideo
913 3079 173 74 necesse
1039 3079 110 74 est
1102 3079 94 74 in
1149 3079 236 74 intellectum
1338 3079 204 74 potentiam
1495 3079 126 74 esse
1573 3079 220 74 largientem
1746 3079 126 74 ipsi
1809 3079 110 74 perma
