2437 3703
193 286 150 93 animae
298 286 165 93 aliquid
418 286 195 93 corruptum
568 286 120 93 fuit
643 286 90 93 in
688 286 210 93 interitum,
853 286 165 93 propter
973 286 120 93 quod
1048 286 150 93 corpus
1153 286 120 93 suum
1228 286 150 93 factum
1333 286 120 93 fuit
1408 286 300 93 improportionale:
1663 286 120 93 quid
1738 286 255 93 restaurabatur
1948 286 90 93 in

199 368 119 58 eius
274 368 224 58 reuersione:
453 368 149 58 nondum
557 368 104 58 est
617 368 224 58 manifestum:
795 368 104 58 sed
855 368 149 58 tantum
959 368 89 58 ad
1004 368 209 58 praeosenus
1168 368 104 58 sit
1228 368 209 58 manifestum
1392 368 119 58 quod
1466 368 134 58 eadem
1556 368 149 58 numero
1660 368 149 58 omnino
1764 368 119 58 erat
1839 368 119 58 caro
1899 368 104 58 Chri-

193 412 130 69 sti
268 412 168 69 prius
380 412 149 69 viua
473 412 93 69 &
510 412 186 69 deinde
640 412 186 69 mortua
770 412 93 69 &
808 412 242 69 postmodum
994 412 205 69 iterato
1143 412 168 69 viua.
1254 412 149 69 Hinc
1347 412 168 69 dicit
1459 412 261 69 Augustinus
1664 412 112 69 de
1720 412 149 69 fide
1813 412 112 69 ad
1850 412 149 69 Petrum

201 467 109 61 De
255 467 182 61 matris
383 467 164 61 vtero
492 467 145 61 idem
583 467 145 61 homo
674 467 182 61 factus
801 467 200 61 exiuit:
946 467 91 61 &
983 467 109 61 in
1037 467 164 61 cruce
1146 467 145 61 idem
1237 467 145 61 homo
1328 467 182 61 factus
1455 467 236 61 pependit:
1637 467 91 61 &
1674 467 109 61 in
1728 467 218 61 sepulcro
1892 467 145 61 idem

194 526 180 61 factus
320 526 198 61 iacuit:
464 526 90 61 &
500 526 108 61 ab
554 526 198 61 inferis
699 526 144 61 idem
789 526 144 61 homo
879 526 180 61 factus
1005 526 270 61 resurrexit.
1221 526 126 61 sed
1293 526 108 61 in
1347 526 216 61 sepulcro
1509 526 216 61 secundum
1672 526 180 61 carnem
1798 526 144 61 idem
1888 526 144 61 deus

199 578 191 63 iacuit:
338 578 87 63 &
372 578 104 63 in
424 578 208 63 infernum
581 578 208 63 secundum
737 578 156 63 solam
841 578 174 63 animam
963 578 226 63 descendit
1137 578 104 63 de
1189 578 191 63 inferis
1328 578 104 63 ad
1380 578 174 63 carnem
1501 578 174 63 tertia
1623 578 122 63 die
1692 578 278 63 reuertentem.
1901 578 104 63 ldem

204 635 133 67 deus
287 635 116 67 qui
354 635 100 67 in
404 635 199 67 sepulcro
553 635 199 67 secundum
703 635 166 67 carnem
819 635 183 67 iacuit,
952 635 100 67 de
1002 635 199 67 sepulcro
1152 635 216 67 surrexit:
1318 635 83 67 &
1351 635 133 67 quia
1434 635 133 67 caro
1517 635 183 67 Christi
1650 635 150 67 sicut
1750 635 100 67 in
1800 635 150 67 morte
1883 635 116 67 reman

199 688 133 62 sit,
283 688 133 62 ideo
366 688 116 62 nec
432 688 283 62 corporeitatis
665 688 250 62 continuatio
865 688 116 62 per
931 688 299 62 putrefactionis
1181 688 299 62 incinerationem
1430 688 283 62 discontinuata
1663 688 150 62 fuit.
1763 688 133 62 Vnde
1830 688 166 62 sequitur

202 740 106 65 in
255 740 158 65 eodem
361 740 193 65 psalmo.
501 740 123 65 Nec
572 740 158 65 dabis
677 740 193 65 sanctum
818 740 158 65 tuum.
923 740 193 65 Glossa.
1064 740 176 65 Corpus
1187 740 141 65 meum
1275 740 88 65 a
1310 740 106 65 te
1363 740 317 65 sanctificatum.
1627 740 176 65 Videre
1732 740 264 65 corruptionem.

191 791 185 63 Glossa,
325 791 319 63 putrefactionem.
594 791 101 63 Et
644 791 117 63 sic
711 791 151 63 patet
812 791 134 63 quis
896 791 168 63 gradus
1013 791 168 63 formae
1131 791 168 63 mansit
1248 791 101 63 in
1298 791 185 63 corpore
1433 791 185 63 Christi
1567 791 151 63 anima
1667 791 218 63 separata.
1835 791 101 63 Ex
1886 791 117 63 quo
1936 791 67 63 ve

203 843 93 67 re
250 843 78 67 &
281 843 187 67 perfecte
422 843 140 67 sicut
515 843 140 67 alius
608 843 125 67 homo
686 843 125 67 fuit
764 843 187 67 mortuus,
904 843 156 67 nullum
1014 843 140 67 actum
1107 843 140 67 vitae
1200 843 93 67 in
1247 843 93 67 se
1294 843 171 67 habuit:
1419 843 140 67 neque
1512 843 249 67 vegetabilis,
1715 843 140 67 neque
1792 843 203 67 sensibilis,

196 908 141 58 neque
290 908 235 58 rationalis.
478 908 110 58 Sed
541 908 94 58 si
588 908 94 58 in
635 908 110 58 hoc
697 908 219 58 terminatur
870 908 157 58 gradus
979 908 204 58 naturalis
1136 908 157 58 formae
1245 908 94 58 in
1292 908 157 58 homine
1402 908 172 58 eductae
1527 908 94 58 de
1574 908 188 58 potentia
1715 908 188 58 materiae
1856 908 125 58 quae
1919 908 78 58 ani

195 960 98 61 mam
251 960 238 61 intellectiuam
447 960 196 61 praecedit,
602 960 84 61 ex
644 960 98 61 hoc
700 960 98 61 non
756 960 98 61 est
812 960 210 61 manifestum:
980 960 98 61 sed
1036 960 112 61 quod
1107 960 126 61 anima
1191 960 196 61 rationalis
1345 960 168 61 secundum
1471 960 252 61 intellectualem
1681 960 182 61 potentiam
1822 960 84 61 ab
1850 960 154 61 extriseco

196 1012 118 64 est,
270 1012 132 64 nulli
358 1012 147 64 dubium
461 1012 118 64 est.
534 1012 103 64 Nec
593 1012 147 64 restat
696 1012 147 64 dubium
799 1012 118 64 nisi
872 1012 88 64 de
916 1012 206 64 vegetatiuo
1078 1012 73 64 &
1108 1012 191 64 sensitiuo
1254 1012 88 64 an
1299 1012 88 64 in
1343 1012 147 64 homine
1446 1012 191 64 pertinent
1592 1012 88 64 ad
1637 1012 220 64 substantiam
1813 1012 147 64 animae
1901 1012 103 64 intel

203 1068 201 61 lectiuae:
357 1068 77 61 &
388 1068 108 61 sic
450 1068 124 61 tota
527 1068 124 61 vita
605 1068 186 61 corporis
744 1068 155 61 humani
852 1068 201 61 separatur
1007 1068 108 61 cum
1068 1068 155 61 anima,
1177 1068 170 61 manente
1300 1068 124 61 solo
1378 1068 170 61 corpore
1501 1068 170 61 carnis:
1625 1068 93 61 vt
1671 1068 108 61 sic
1733 1068 93 61 ex
1780 1068 155 61 duabus
1872 1068 124 61 formis

204 1117 241 67 naturaliter
397 1117 257 67 constituatur
606 1117 145 67 homo:
702 1117 112 67 vna
766 1117 193 67 naturali
911 1117 161 67 educta
1023 1117 112 67 per
1087 1117 177 67 naturam
1216 1117 96 67 de
1264 1117 193 67 potentia
1409 1117 193 67 materiae
1553 1117 129 67 quae
1634 1117 112 67 est
1698 1117 145 67 forma
1778 1117 225 67 conmixtionis

202 1173 174 60 aliqua:
329 1173 95 60 in
376 1173 111 60 qua
440 1173 174 60 vltimus
566 1173 158 60 gradus
677 1173 237 60 intentionis
867 1173 111 60 est
930 1173 127 60 eius
1010 1173 127 60 quod
1089 1173 111 60 per
1152 1173 174 60 naturam
1279 1173 174 60 eductum
1405 1173 111 60 est
1469 1173 95 60 de
1516 1173 190 60 potentia
1659 1173 206 60 materiae:
1817 1173 95 60 in
1864 1173 111 60 quo
1912 1173 79 60 con

200 1223 147 65 sistit
303 1223 133 65 ratio
392 1223 162 65 carnis:
510 1223 103 65 sub
568 1223 118 65 quae
642 1223 177 65 secundum
775 1223 147 65 gradus
878 1223 221 65 intentionis
1054 1223 206 65 inferiores
1216 1223 147 65 habent
1320 1223 118 65 esse
1393 1223 133 65 ratio
1482 1223 133 65 mixti
1570 1223 221 65 simpliciter
1747 1223 88 65 vt
1791 1223 147 65 mixtum
1894 1223 118 65 est:
1953 1223 44 65 &

200 1282 196 67 corporis
347 1282 245 67 simpliciter
543 1282 98 67 vt
592 1282 163 67 corpus
706 1282 131 67 est:
788 1282 82 67 &
820 1282 245 67 substantiae
1016 1282 245 67 simplicitur
1212 1282 98 67 vt
1261 1282 229 67 substantia
1441 1282 131 67 est:
1522 1282 82 67 &
1555 1282 163 67 altera
1669 1282 278 67 supernaturali
1882 1282 114 67 supna

198 1343 177 56 turaliter
335 1343 150 56 infusa:
444 1343 109 56 quae
512 1343 95 56 est
566 1343 123 56 anima
648 1343 204 56 rationalis:
812 1343 109 56 quao
880 1343 82 56 id
921 1343 109 56 quid
989 1343 95 56 iam
1043 1343 177 56 perfectum
1179 1343 164 56 secundum
1302 1343 232 56 quaedruplicem
1493 1343 136 56 gradum
1588 1343 95 56 per
1643 1343 136 56 formam
1738 1343 177 56 naturalem
1874 1343 136 56 vnitam
1956 1343 41 56 &

201 1385 185 70 simplicem
343 1385 171 70 secundum
471 1385 100 70 rem
528 1385 185 70 perficiat
670 1385 114 70 alio
741 1385 171 70 triplici
869 1385 142 70 gradu:
969 1385 228 70 vegetabilis:
1154 1385 185 70 sensibili
1296 1385 171 70 scilicet
1424 1385 71 70 &
1452 1385 213 70 rationalis,
1623 1385 142 70 quorum
1723 1385 156 70 supsmus
1837 1385 100 70 est
1879 1385 114 70 ratio-

200 1450 131 57 nalis
288 1450 117 57 dans
361 1450 131 57 actum
448 1450 131 57 vitae
536 1450 190 57 perfectum
682 1450 102 57 qui
740 1450 117 57 est,
813 1450 175 57 proprius
945 1450 204 57 hominibus,
1105 1450 146 57 medius
1207 1450 102 57 est
1265 1450 204 57 sensibilis
1426 1450 117 57 quem
1499 1450 131 57 habet
1586 1450 175 57 conmunem
1718 1450 102 57 cum
1776 1450 175 57 bestiis.
1893 1450 102 57 vlti-

202 1505 110 59 mus
265 1505 110 59 sed
328 1505 141 59 supra
422 1505 188 59 supremum
563 1505 157 59 gradum
673 1505 157 59 formae
783 1505 188 59 inductae
924 1505 110 59 per
987 1505 173 59 naturam
1112 1505 110 59 est
1175 1505 251 59 vegetabilis:
1379 1505 126 59 quem
1458 1505 141 59 habet
1552 1505 188 59 conmunem
1693 1505 110 59 cum
1756 1505 188 59 plantis,
1897 1505 126 59 quia

201 1550 89 69 ab
246 1550 119 69 ipso
320 1550 104 69 est
379 1550 148 69 primus
483 1550 134 69 actus
572 1550 134 69 vitae
661 1550 237 69 imperfectus,
854 1550 89 69 et
898 1550 119 69 ideo
973 1550 193 69 occultus,
1121 1550 148 69 qualis
1225 1550 104 69 est
1284 1550 89 69 in
1329 1550 178 69 plantis:
1462 1550 163 69 dicente
1581 1550 208 69 philosopho
1744 1550 89 69 in
1788 1550 134 69 libro
1877 1550 89 69 de
1907 1550 89 69 plam

202 1603 127 72 tis.
282 1603 127 72 Vita
361 1603 95 72 in
409 1603 223 72 animalibus
584 1603 80 72 &
616 1603 175 72 plantis
743 1603 175 72 inuenta
870 1603 127 72 est.
950 1603 95 72 In
998 1603 223 72 animalibus
1173 1603 207 72 manifesta
1332 1603 207 72 apparens.
1491 1603 95 72 In
1539 1603 175 72 plantis
1666 1603 127 72 vero
1745 1603 175 72 occulta
1873 1603 111 72 non
1920 1603 80 72 eui

206 1652 142 66 dens.
301 1652 95 66 An
349 1652 127 66 vero
428 1652 222 66 vegetabile
602 1652 79 66 &
634 1652 206 66 sensibile
792 1652 222 66 pertineant
966 1652 95 66 in
1014 1652 158 66 homine
1124 1652 95 66 ad
1172 1652 158 66 formam
1283 1652 158 66 mixti,
1393 1652 95 66 vt
1441 1652 127 66 sint
1520 1652 111 66 duo
1583 1652 158 66 gradus
1694 1652 95 66 in
1742 1652 95 66 ea
1789 1652 142 66 super
1868 1652 127 66 ratio-

199 1709 115 60 nem
264 1709 180 60 carnis:
395 1709 98 60 an
444 1709 229 60 pertineant
624 1709 98 60 ad
673 1709 131 60 vnam
755 1709 164 60 formam
869 1709 164 60 mediam
984 1709 115 60 vel
1049 1709 131 60 duas
1131 1709 147 60 inter
1229 1709 164 60 formam
1344 1709 164 60 carnis
1458 1709 131 60 quae
1540 1709 147 60 manet
1638 1709 213 60 coniuncta
1802 1709 213 60 materiae,
1949 1709 49 60 &

196 1766 157 65 animam
306 1766 220 65 rationalem
479 1766 126 65 quae
557 1766 141 65 manet
651 1766 204 65 separata:
808 1766 78 65 &
840 1766 110 65 sic
902 1766 110 65 sit
965 1766 157 65 ponere
1075 1766 94 65 in
1122 1766 157 65 homine
1232 1766 126 65 tres
1311 1766 157 65 gradus
1420 1766 110 65 vel
1483 1766 188 65 quaetuor
1624 1766 94 65 ad
1671 1766 141 65 minus
1766 1766 188 65 formarum
1891 1766 110 65 diffe

192 1822 169 67 rentium
314 1822 184 67 secundum
452 1822 123 67 rem:
529 1822 92 67 vt
575 1822 92 67 in
621 1822 138 67 morte
713 1822 169 67 Christi
835 1822 184 67 ponantur
973 1822 215 67 vegetabile
1142 1822 77 67 &
1172 1822 199 67 sensibile
1326 1822 184 67 secundum
1464 1822 230 67 substantiam
1648 1822 199 67 corrumpi:
1801 1822 77 67 &
1831 1822 123 67 ideo
1893 1822 107 67 ratio

192 1872 126 67 nale
271 1872 204 67 separari:
428 1872 78 67 &
459 1872 157 67 manere
569 1872 126 67 quod
647 1872 173 67 insimum
773 1872 110 67 est
836 1872 110 67 non
898 1872 173 67 vitale:
1024 1872 94 67 vt
1071 1872 110 67 sic
1134 1872 157 67 facile
1244 1872 110 67 sit
1307 1872 204 67 ostendere
1463 1872 173 67 quomodo
1589 1872 188 67 Christus
1730 1872 173 67 mortuus
1856 1872 110 67 sit
1903 1872 94 67 vere

200 1924 82 61 &
232 1924 245 61 naturaliter
429 1924 147 61 sicut
527 1924 131 61 alii
608 1924 196 61 homines.
756 1924 131 61 Quod
837 1924 147 61 valde
935 1924 213 61 difficile
1099 1924 114 61 sit
1164 1924 213 61 ostendere
1328 1924 196 61 secundum
1475 1924 147 61 alios
1573 1924 131 61 duos
1655 1924 163 61 modos.
1769 1924 114 61 Sed
1835 1924 98 61 de
1884 1924 114 61 hoc
1933 1924 65 61 ni

194 1976 101 69 hil
251 1976 86 69 ad
294 1976 231 69 philosopnus:
482 1976 130 69 neque
568 1976 130 69 etiam
655 1976 86 69 de
698 1976 130 69 illo:
784 1976 159 69 quomodo
900 1976 130 69 manet
986 1976 86 69 in
1029 1976 159 69 corpore
1145 1976 159 69 Christi
1260 1976 130 69 forma
1346 1976 144 69 carnis
1447 1976 130 69 eadem
1534 1976 159 69 numero:
1649 1976 86 69 am
1692 1976 173 69 scilicet
1808 1976 187 69 naturalitur

193 2036 96 60 vt
241 2036 128 60 idem
321 2036 192 60 ponendum
464 2036 112 60 sit
528 2036 96 60 de
576 2036 144 60 aliis
672 2036 224 60 hominibus:
848 2036 96 60 an
895 2036 224 60 miraculose
1071 2036 160 60 solum:
1183 2036 96 60 vt
1231 2036 112 60 hoc
1295 2036 160 60 fuerit
1406 2036 208 60 singulare
1566 2036 96 60 in
1614 2036 192 60 Christo.
1758 2036 112 60 sed
1821 2036 112 60 hoc
1869 2036 128 60 dixeri

199 2088 94 62 vt
246 2088 218 62 declararem
418 2088 187 62 qualitur
558 2088 94 62 in
605 2088 234 62 labyrinthum
792 2088 109 62 nos
854 2088 172 62 ponimus
979 2088 140 62 istam
1073 2088 187 62 materiam
1213 2088 156 62 nimium
1322 2088 265 62 perscrutando.
1541 2088 125 62 quia
1619 2088 140 62 vnica
1712 2088 250 62 difficuitate
1899 2088 94 62 deci

208 2139 97 67 sa
256 2139 161 67 statim
369 2139 209 67 pullulant
530 2139 225 67 grauiores.
707 2139 177 67 propter
836 2139 129 67 quid
916 2139 97 67 ab
965 2139 161 67 initio
1077 2139 129 67 mihi
1158 2139 225 67 displicuit
1335 2139 113 67 eam
1399 2139 129 67 alio
1480 2139 129 67 anno
1560 2139 209 67 inchoare:
1721 2139 81 67 &
1754 2139 145 67 quasi
1834 2139 161 67 intactam

192 2196 179 67 reliqui.
327 2196 165 67 Quantum
446 2196 135 67 autem
536 2196 179 67 pertinet
671 2196 90 67 ad
716 2196 209 67 propositam
880 2196 224 67 quaestionem
1060 2196 179 67 sufficit
1194 2196 150 67 dicere
1299 2196 120 67 quod
1374 2196 120 67 caro
1449 2196 179 67 remansit
1583 2196 135 67 eadem
1673 2196 150 67 numero
1778 2196 90 67 in
1822 2196 135 67 forma
1897 2196 90 67 car-

193 2252 132 71 nis.
275 2252 99 71 In
324 2252 132 71 ipsa
407 2252 132 71 enim
489 2252 115 71 est
555 2252 165 71 primus
670 2252 165 71 gradus
786 2252 99 71 in
835 2252 115 71 quo
901 2252 181 71 deficit
1033 2252 148 71 ratio
1132 2252 165 71 vitae.
1247 2252 132 71 Vnde
1330 2252 148 71 inter
1429 2252 148 71 prima
1528 2252 148 71 mixta
1626 2252 132 71 post
1709 2252 214 71 simplicia
1857 2252 132 71 elemen

195 2307 98 64 ta
244 2307 196 64 enumerat
391 2307 245 64 philosophus
587 2307 163 64 carnem
701 2307 98 64 in
750 2307 131 64 fine
832 2307 163 64 quarti
946 2307 278 64 metaphysicae:
1175 2307 82 64 &
1208 2307 114 64 hoc
1273 2307 147 64 inter
1371 2307 212 64 mineralia
1534 2307 82 64 &
1567 2307 131 64 quae
1649 2307 98 64 ex
1698 2307 98 64 se
1747 2307 131 64 sunt
1829 2307 196 64 inanima-

191 2357 125 68 ta,
263 2357 197 68 dicens.
406 2357 197 68 Dicamus
549 2357 143 68 quid
638 2357 143 68 caro
728 2357 125 68 aut
799 2357 107 68 os
853 2357 125 68 aut
925 2357 197 68 aliorum
1068 2357 304 68 homogeneorum,
1318 2357 197 68 habemus
1461 2357 179 68 namque
1587 2357 107 68 ex
1640 2357 179 68 quibus
1748 2357 250 68 homogeneorum

199 2411 154 70 natura
306 2411 200 70 consistat
460 2411 108 70 per
522 2411 262 70 generationem.
738 2411 92 70 ex
784 2411 200 70 elementis
938 2411 154 70 namque
1046 2411 216 70 homogenea.
1215 2411 123 70 Ecce
1292 2411 123 70 vult
1369 2411 123 70 quod
1446 2411 200 70 homogenea
1600 2411 139 70 omnia
1692 2411 139 70 inter
1785 2411 123 70 quae
1862 2411 123 70 sunt
1923 2411 62 70 ca

193 2477 96 53 ro
241 2477 80 53 &
273 2477 112 53 os,
337 2477 176 53 mediate
465 2477 128 53 sint
545 2477 96 53 ex
593 2477 224 53 elementis:
770 2477 80 53 &
802 2477 144 53 talia
898 2477 112 53 non
962 2477 128 53 sunt
1042 2477 128 53 nisi
1122 2477 128 53 illa
1202 2477 160 53 quorum
1314 2477 128 53 esse
1394 2477 208 53 consistit
1555 2477 96 53 in
1603 2477 144 53 forma
1699 2477 160 53 mixti.
1811 2477 128 53 vnde
1875 2477 112 53 etiam

193 2519 156 66 subdit
303 2519 156 66 ibidem
412 2519 125 66 post
490 2519 172 66 modicum
615 2519 172 66 dicens.
740 2519 156 66 Igitur
849 2519 141 66 tales
943 2519 219 66 particulas
1115 2519 156 66 algore
1224 2519 78 66 &
1255 2519 156 66 calore
1364 2519 78 66 &
1396 2519 109 66 eis
1458 2519 125 66 quae
1536 2519 94 66 ab
1583 2519 141 66 istis
1677 2519 125 66 sunt
1755 2519 172 66 motibus
1864 2519 125 66 contin

194 2583 116 58 git
261 2583 150 58 fieri
361 2583 233 58 coagulata.
543 2583 133 58 Dico
626 2583 133 58 sane
710 2583 233 58 quaecumque
892 2583 216 58 homogenea
1058 2583 100 58 vt
1108 2583 166 58 carnem
1225 2583 83 58 &
1258 2583 100 58 os
1308 2583 83 58 &
1341 2583 166 58 crines
1457 2583 83 58 &
1490 2583 183 58 neruum.
1623 2583 166 58 cuncta
1740 2583 133 58 enim
1806 2583 183 58 differunt

202 2624 134 71 prius
291 2624 149 71 dictis
396 2624 253 71 differentiis:
604 2624 74 71 &
634 2624 134 71 aliis
724 2624 164 71 talibus
843 2624 164 71 motibus
962 2624 134 71 fiunt
1051 2624 164 71 mixtis.
1171 2624 74 71 &
1200 2624 89 71 in
1245 2624 164 71 secundo
1364 2624 89 71 de
1409 2624 223 71 generatione
1588 2624 149 71 dicit.
1692 2624 164 71 Quoniam
1811 2624 134 71 autem
1886 2624 104 71 agunt

191 2685 80 65 &
223 2685 209 65 patiuntur
384 2685 225 65 contraria.
561 2685 113 65 est
626 2685 129 65 enim
706 2685 129 65 actu
787 2685 177 65 calidum
915 2685 193 65 potentia
1060 2685 209 65 frigidum:
1221 2685 80 65 &
1253 2685 129 65 actu
1334 2685 193 65 frigidum
1479 2685 193 65 potentia
1624 2685 193 65 calidum.
1769 2685 225 65 Quapropter
1930 2685 64 65 si

193 2743 112 56 non
257 2743 256 56 coaequantur,
465 2743 272 56 transmutantur
689 2743 96 56 in
737 2743 192 56 inuicem.
881 2743 208 56 Similiter
1041 2743 144 56 autem
1136 2743 80 56 &
1168 2743 96 56 in
1216 2743 144 56 aliis
1312 2743 240 56 contrariis.
1504 2743 80 56 &
1536 2743 144 56 prius
1632 2743 112 56 ita
1696 2743 192 56 elementa
1824 2743 160 56 transmu-

195 2788 169 65 tantur:
317 2788 92 65 ex
363 2788 107 65 his
425 2788 138 65 autem
517 2788 123 65 caro
593 2788 77 65 &
624 2788 123 65 ossa
700 2788 77 65 &
731 2788 123 65 quae
808 2788 138 65 talia
900 2788 153 65 quando
1007 2788 92 65 ad
1053 2788 153 65 medium
1160 2788 169 65 veniet.
1283 2788 107 65 hoc
1344 2788 123 65 enim
1421 2788 184 65 neutrum.
1559 2788 199 65 Similiter
1712 2788 138 65 autem
1804 2788 153 65 siccum
1911 2788 77 65 &
1927 2788 61 65 hu

193 2852 139 58 midum
285 2852 77 58 &
316 2852 123 58 alia
393 2852 139 58 talia
486 2852 185 58 secundum
625 2852 216 58 medietatem
795 2852 170 58 faciunt
918 2852 154 58 carnem
1026 2852 77 58 &
1057 2852 93 58 os
1103 2852 77 58 &
1134 2852 139 58 alia.
1227 2852 123 58 Ecce
1304 2852 123 58 quam
1381 2852 139 58 plane
1474 2852 123 58 quod
1551 2852 123 58 esse
1628 2852 139 58 horum
1721 2852 201 58 consistit
1875 2852 93 58 in
1906 2852 77 58 for

197 2894 93 68 ma
244 2894 156 68 mixti.
353 2894 78 68 &
384 2894 187 68 loquitur
524 2894 109 68 ibi
587 2894 93 68 ad
633 2894 171 68 literam
758 2894 93 68 de
805 2894 125 68 modo
883 2894 249 68 generationis
1085 2894 140 68 mixti
1178 2894 93 68 ex
1225 2894 218 68 elementis,
1396 2894 109 68 cum
1459 2894 202 68 immediate
1614 2894 218 68 subiungit,
1786 2894 140 68 Omnia
1879 2894 140 68 autem

190 2950 166 63 mixta
300 2950 221 63 corpora.
466 2950 129 63 &c.
539 2950 110 63 AD
595 2950 258 63 Argumentum
797 2950 110 63 in
852 2950 239 63 oppositum
1036 2950 221 63 dicendum
1202 2950 147 63 quod
1294 2950 221 63 ponentes
1460 2950 258 63 vegetabile
1662 2950 92 63 &
1699 2950 239 63 sensibile
1865 2950 110 63 esse

206 3002 173 71 gradus
327 3002 259 71 intentionum
534 3002 104 71 in
586 3002 155 71 forma
689 3002 155 71 mixti
793 3002 86 71 &
828 3002 242 71 intellectu
1018 3002 207 71 separato
1173 3002 173 71 manere
1294 3002 104 71 in
1346 3002 104 71 re
1398 3002 173 71 formam
1519 3002 155 71 illam
1622 3002 173 71 vnicam
1743 3002 190 71 eductam
1881 3002 104 71 de
1916 3002 69 71 po

200 3062 163 60 tentia
314 3062 196 60 materiae
461 3062 98 60 in
509 3062 114 60 qua
575 3062 130 60 sunt
656 3062 179 60 diuersi
787 3062 163 60 gradus
901 3062 261 60 intentionum,
1113 3062 179 60 necesse
1243 3062 163 60 habent
1357 3062 163 60 dicere
1471 3062 114 60 aut
1537 3062 130 60 quod
1618 3062 196 60 separato
1765 3062 228 60 intellectu
1928 3062 65 60 ma

199 3112 118 67 net
267 3112 236 67 sensitiuum
452 3112 84 67 &
486 3112 253 67 vegetatiuum
688 3112 186 67 propter
823 3112 169 67 formam
941 3112 152 67 illam
1042 3112 219 67 manentem:
1211 3112 152 67 cuius
1312 3112 236 67 vegetabile
1498 3112 84 67 &
1532 3112 219 67 sensibile
1700 3112 135 67 sunt
1785 3112 186 67 gradus:
1903 3112 84 67 aut

202 3169 143 83 licet
297 3169 111 83 non
361 3169 95 83 ab
409 3169 127 83 alia
488 3169 143 83 forma
583 3169 222 83 differenti
758 3169 95 83 re
805 3169 111 83 est
869 3169 127 83 caro
948 3169 79 83 &
980 3169 143 83 viua:
1075 3169 111 83 est
1139 3169 143 83 tamen
1234 3169 127 83 caro
1313 3169 95 83 ab
1361 3169 127 83 alia
1440 3169 222 83 intentione
1615 3169 191 83 secundum
1758 3169 127 83 quam
1837 3169 143 83 manet
1917 3169 79 83 for
