2522 3704
543 239 201 81 deficere
694 239 134 81 quam
778 239 235 81 proficere.
963 239 134 81 ergo
1047 239 117 81 &c.
1114 239 101 81 AD
1164 239 117 81 hoc
1231 239 218 81 dicendum:
1399 239 134 81 quod
1483 239 168 81 siquis
1601 239 117 81 non
1668 239 235 81 distinguat
1852 239 151 81 inter
1953 239 151 81 actum
2054 239 235 81 voluntatis
2222 239 134 81 natura

548 312 107 68 lem
609 312 77 68 &
640 312 276 68 deliberatiuum:
870 312 107 68 non
931 312 215 68 aspiciendo
1099 312 92 68 ad
1145 312 138 68 actum
1237 312 138 68 alium
1329 312 123 68 quam
1406 312 276 68 deliberatiuum:
1636 312 153 68 potest
1743 312 153 68 dicere
1851 312 123 68 quod
1927 312 184 68 creatura
2065 312 276 68 intellectualis
2280 312 61 68 po

538 365 130 58 test
619 365 162 58 habere
733 365 162 58 primum
846 365 146 58 actum
944 365 162 58 malum.
1058 365 114 58 Cum
1123 365 130 58 enim
1204 365 276 58 deliberauerit
1431 365 211 58 eligendo,
1594 365 130 58 siue
1675 365 146 58 bonum
1772 365 179 58 fuerit,
1902 365 130 58 siue
1984 365 162 58 malum,
2097 365 179 58 propter
2211 365 130 58 liberi

537 419 179 79 arbitrii
672 419 209 79 facultatem
836 419 149 79 potest
940 419 164 79 eligere
1060 419 149 79 malum:
1165 419 134 79 licet
1254 419 105 79 non
1314 419 120 79 nisi
1389 419 90 79 vt
1434 419 134 79 bonum
1523 419 120 79 sibi
1598 419 75 79 &
1628 419 105 79 sub
1688 419 149 79 specie
1792 419 134 79 boni:
1882 419 90 79 vt
1927 419 105 79 iam
1986 419 179 79 dicetur.
2121 419 120 79 Vnde
2181 419 149 79 dicentes

550 474 123 68 quod
627 474 231 68 deliberatio
811 474 169 68 naturae
934 474 277 68 intellectualis
1165 474 154 68 possit
1273 474 139 68 fieri
1365 474 169 68 subito:
1488 474 123 68 quia
1565 474 215 68 intelligit
1735 474 123 68 fine
1812 474 200 68 discursu:
1966 474 169 68 possunt
2089 474 154 68 ponere
2196 474 123 68 quod
2273 474 92 68 in

545 531 140 66 primo
639 531 186 66 instanti
778 531 140 66 actio
871 531 140 66 prima
964 531 155 66 possit
1073 531 124 66 esse
1150 531 140 66 mala.
1243 531 109 66 Sed
1305 531 124 66 quia
1383 531 124 66 eius
1460 531 233 66 deliberatio
1646 531 109 66 non
1708 531 155 66 potest
1817 531 124 66 esse
1894 531 93 66 in
1941 531 202 66 instanti:
2096 531 124 66 ideo
2173 531 109 66 non
2220 531 124 66 potuit

548 595 93 61 in
594 595 139 61 primo
687 595 185 61 instanti
826 595 154 61 habere
934 595 139 61 actum
1026 595 154 61 malum.
1134 595 124 61 Vnde
1212 595 77 61 &
1243 595 185 61 secundum
1382 595 185 61 ponentes
1520 595 124 61 quod
1598 595 170 61 homines
1721 595 77 61 &
1752 595 154 61 angeli
1860 595 139 61 erant
1953 595 154 61 creati
2061 595 93 61 in
2107 595 124 61 gra:
2185 595 77 61 &
2215 595 124 61 quod
2277 595 62 61 bo

540 635 95 69 ni
588 635 159 69 angeli
699 635 206 69 meruerunt
857 635 95 69 in
905 635 143 69 primo
1000 635 190 69 instanti
1143 635 222 69 creationis
1317 635 143 69 suae,
1412 635 174 69 meritum
1539 635 143 69 illud
1634 635 159 69 siquid
1745 635 127 69 erat
1825 635 206 69 processit
1983 635 95 69 ex
2031 635 127 69 gera
2110 635 95 69 in
2158 635 127 69 actu
2221 635 111 69 volum

544 689 140 67 tatis
638 689 186 67 naturali
777 689 109 67 non
840 689 264 67 deliberatiuo.
1057 689 93 67 Si
1104 689 155 67 igitur
1212 689 249 67 distinguamus
1414 689 140 67 actus
1508 689 217 67 voluntatis
1679 689 93 67 in
1725 689 202 67 naturalem
1880 689 78 67 &
1912 689 280 67 deliberatiuum:
2145 689 78 67 &
2160 689 171 67 quaeramus

546 741 223 70 generaliter
725 741 89 70 de
769 741 119 70 actu
844 741 149 70 primo:
948 741 134 70 vtrum
1038 741 149 70 possit
1142 741 119 70 esse
1216 741 149 70 malus,
1320 741 119 70 siue
1395 741 104 70 sit
1454 741 208 70 naturalis,
1618 741 119 70 siue
1693 741 268 70 deliberatiuus:
1916 741 179 70 Dicendum
2050 741 104 70 est
2110 741 119 70 quod
2184 741 104 70 cum
2229 741 104 70 actus

552 798 210 67 voluntatis
717 798 195 67 naturalis
867 798 195 67 praecedit
1018 798 270 67 deliberatiuum:
1243 798 90 67 vt
1288 798 105 67 iam
1348 798 255 67 declarabitur:
1558 798 75 67 &
1588 798 195 67 naturalis
1738 798 135 67 actus
1828 798 165 67 volendi
1949 798 105 67 non
2009 798 150 67 potest
2114 798 120 67 esse
2189 798 150 67 malus:
2279 798 60 67 si

544 856 105 63 cut
604 856 105 63 nec
664 856 120 63 ipsa
739 856 150 63 natura
844 856 150 63 potest
949 856 120 63 esse
1024 856 135 63 mala:
1114 856 120 63 quod
1189 856 120 63 enim
1264 856 120 63 vult
1339 856 180 63 naturali
1474 856 150 63 actum,
1579 856 120 63 vult
1654 856 90 63 vt
1699 856 135 63 bonum
1789 856 180 63 naturae:
1924 856 150 63 quaere
2029 856 105 63 non
2089 856 150 63 potest
2194 856 120 63 esse
2254 856 90 63 nisi

549 902 140 64 bonum:
647 902 112 64 quia
716 902 70 64 a
744 902 98 64 deo
800 902 98 64 est
856 902 153 64 inditum
968 902 167 64 naturae:
1093 902 153 64 idcirco
1205 902 209 64 simpliciter
1372 902 167 64 dicendum
1498 902 112 64 est:
1568 902 112 64 quod
1637 902 126 64 nullo
1721 902 112 64 modo
1791 902 126 64 actus
1875 902 140 64 primus
1972 902 195 64 voluntatis
2126 902 140 64 potest
2223 902 112 64 esse
2279 902 56 64 ma

548 954 123 62 sus.
624 954 107 62 Sed
686 954 123 62 hunc
762 954 138 62 actum
854 954 199 62 naturalem
1008 954 77 62 a
1038 954 107 62 deo
1099 954 123 62 esse
1176 954 169 62 inditum
1299 954 184 62 naturae,
1437 954 153 62 ponunt
1544 954 107 62 sic
1605 954 123 62 esse
1682 954 184 62 inditum,
1820 954 123 62 quod
1897 954 153 62 impetu
2004 954 153 62 quodam
2111 954 215 62 voluntatem
2280 954 92 62 du

558 1007 104 66 cit
618 1007 89 66 ad
662 1007 149 66 primum
766 1007 134 66 actum
855 1007 178 66 volendi:
989 1007 119 66 sine
1064 1007 104 66 quo
1123 1007 104 66 non
1182 1007 149 66 potest
1287 1007 89 66 vt
1331 1007 149 66 dicunt
1435 1007 134 66 exire
1524 1007 89 66 in
1569 1007 149 66 alios.
1673 1007 119 66 Vnde
1747 1007 149 66 dicunt
1851 1007 119 66 quod
1926 1007 149 66 primus
2030 1007 134 66 actus
2119 1007 134 66 malus
2208 1007 119 66 esse
2268 1007 74 66 non

553 1067 136 64 pont:
644 1067 121 64 quia
720 1067 106 64 non
780 1067 152 64 potest
886 1067 136 64 fieri
977 1067 121 64 nisi
1053 1067 76 64 a
1083 1067 106 64 deo
1144 1067 152 64 agente
1250 1067 91 64 vt
1295 1067 152 64 merito
1401 1067 242 64 ascriberetur
1598 1067 121 64 deo,
1674 1067 152 64 quaere
1780 1067 106 64 cum
1841 1067 136 64 malum
1932 1067 106 64 deo
1992 1067 91 64 ex
2038 1067 167 64 actione
2159 1067 106 64 sua
2205 1067 136 64 ascribi

549 1117 109 73 non
612 1117 171 73 potest:
736 1117 156 73 primus
845 1117 140 73 actus
939 1117 140 73 malus
1032 1117 125 73 esse
1110 1117 109 73 non
1173 1117 171 73 potest.
1297 1117 125 73 Quid
1375 1117 156 73 dicunt
1484 1117 187 73 sensisse
1624 1117 156 73 Ansel.
1733 1117 93 73 de
1780 1117 125 73 casu
1858 1117 187 73 diaboli.
1998 1117 93 73 De
2045 1117 156 73 angelo
2154 1117 125 73 enim
2232 1117 93 73 in
2263 1117 78 73 ca.

547 1170 103 62 xi.
606 1170 161 62 quaerit
723 1170 117 62 sic.
797 1170 132 62 Putas
885 1170 88 62 ne
929 1170 117 62 ipse
1002 1170 161 62 angelus
1120 1170 103 62 per
1178 1170 88 62 se
1222 1170 147 62 possit
1325 1170 161 62 aliquid
1443 1170 147 62 velle:
1545 1170 88 62 Et
1589 1170 161 62 exponit
1707 1170 117 62 quid
1780 1170 176 62 appellat
1912 1170 103 62 per
1971 1170 103 62 se:
2030 1170 176 62 subdens.
2162 1170 103 62 Per
2221 1170 88 62 se
2265 1170 103 62 di-

554 1224 95 64 co
602 1224 111 64 per
665 1224 111 64 hoc
728 1224 127 64 quod
807 1224 111 64 iam
871 1224 158 64 habet:
981 1224 95 64 vt
1029 1224 111 64 qui
1092 1224 142 64 habet
1187 1224 142 64 pedes
1282 1224 111 64 qui
1345 1224 222 64 sufficiunt
1519 1224 95 64 ad
1567 1224 237 64 ambulandum,
1757 1224 111 64 per
1820 1224 95 64 se
1867 1224 158 64 potest
1978 1224 206 64 ambulare:
2136 1224 111 64 qui
2200 1224 142 64 autem
2279 1224 63 64 ha

549 1278 113 66 bet
613 1278 145 66 pedes
710 1278 81 66 &
742 1278 113 66 non
807 1278 145 66 habet
904 1278 274 66 incolumitatem
1129 1278 161 66 pedum:
1242 1278 113 66 non
1307 1278 161 66 potest
1420 1278 194 66 ambulare
1565 1278 113 66 per
1629 1278 113 66 se.
1694 1278 113 66 Hoc
1759 1278 161 66 itaque
1871 1278 129 66 modo
1952 1278 177 66 quaero:
2081 1278 97 66 an
2129 1278 177 66 angelus
2242 1278 81 66 qui

557 1331 102 58 iam
616 1331 131 58 aptus
703 1331 102 58 est
761 1331 87 58 ad
804 1331 174 58 volendum
935 1331 73 58 &
964 1331 145 58 nondum
1065 1331 174 58 quicquam
1196 1331 131 58 vult,
1283 1331 102 58 per
1341 1331 87 58 se
1384 1331 145 58 possit
1486 1331 160 58 aliquid
1602 1331 145 58 velle:
1704 1331 174 58 habende.
1834 1331 174 58 scilicet
1965 1331 203 58 voluntatis
2124 1331 189 58 potentiam
2269 1331 102 58 qua

551 1386 156 62 seipso
661 1386 156 62 possit
770 1386 78 62 &
802 1386 141 62 velit
895 1386 172 62 seipsum
1020 1386 156 62 mouere
1130 1386 94 62 de
1177 1386 109 62 non
1239 1386 141 62 velle
1333 1386 94 62 ad
1380 1386 156 62 velle:
1490 1386 94 62 Et
1537 1386 219 62 determinat
1709 1386 125 62 quod
1787 1386 125 62 non:
1865 1386 172 62 subdens
1990 1386 94 62 in
2037 1386 109 62 ca.
2099 1386 125 62 xii.
2178 1386 188 62 Quicquid

552 1440 106 66 se
605 1440 159 66 mouet
712 1440 106 66 ad
765 1440 230 66 volendum,
942 1440 159 66 prius
1048 1440 142 66 vult
1137 1440 124 66 ita
1208 1440 106 66 se
1261 1440 195 66 mouere:
1403 1440 213 66 quicquid
1562 1440 142 66 ergo
1651 1440 159 66 nihil
1757 1440 159 66 vult:
1864 1440 159 66 nullo
1970 1440 142 66 modo
2058 1440 177 66 potest
2183 1440 106 66 se
2218 1440 124 66 moue-

557 1494 93 66 re
603 1494 93 66 ad
650 1494 140 66 actum
743 1494 186 66 volendi.
882 1494 155 66 Restat
991 1494 155 66 igitur
1099 1494 93 66 vt
1146 1494 124 66 ille
1223 1494 171 66 angelus
1347 1494 109 66 qui
1409 1494 109 66 iam
1471 1494 140 66 aptus
1564 1494 140 66 natus
1657 1494 109 66 est
1719 1494 93 66 ad
1766 1494 186 66 habendum
1905 1494 233 66 voluntatem:
2091 1494 109 66 sed
2153 1494 140 66 tamen
2231 1494 109 66 nihil

558 1550 133 64 vult:
647 1550 104 64 non
706 1550 148 64 potest
810 1550 148 64 habere
914 1550 207 64 voluntatem
1076 1550 148 64 primam
1180 1550 74 64 a
1210 1550 104 64 se.
1269 1550 118 64 Quia
1343 1550 104 64 sic
1402 1550 163 64 necesse
1521 1550 104 64 sit
1580 1550 163 64 ponere:
1698 1550 89 64 vt
1743 1550 178 64 scilicet
1876 1550 148 64 ponere
1980 1550 118 64 quod
2054 1550 133 64 super
2143 1550 192 64 naturalem
2276 1550 59 64 vo

560 1601 176 69 luntatem
692 1601 117 69 quae
765 1601 103 69 est
824 1601 190 69 naturalis
971 1601 176 69 potentia
1102 1601 161 69 animae,
1220 1601 176 69 oporteat
1351 1601 73 69 a
1381 1601 103 69 deo
1439 1601 132 69 fieri
1527 1601 161 69 aliquem
1644 1601 161 69 impetum
1762 1601 88 69 in
1806 1601 190 69 huiusmodi
1952 1601 205 69 voluntatem
2113 1601 88 69 ad
2157 1601 205 69 eliciendum

557 1657 155 61 primum
666 1657 140 61 actum
760 1657 218 61 voluntatis
931 1657 187 61 antequam
1070 1657 93 61 ex
1117 1657 93 61 se
1164 1657 155 61 possit
1272 1657 140 61 exire
1366 1657 93 61 in
1412 1657 140 61 actum
1506 1657 93 61 ad
1552 1657 171 61 aliquem
1677 1657 155 61 alium:
1785 1657 109 61 non
1848 1657 155 61 video.
1956 1657 93 61 Si
2003 1657 124 61 enim
2081 1657 171 61 angelus
2205 1657 93 61 ex
2252 1657 124 61 dono

555 1708 115 58 dei
620 1708 98 58 in
669 1708 246 58 naturalibus
866 1708 131 58 suis
948 1708 148 58 habet
1047 1708 230 58 voluntatem
1227 1708 131 58 quao
1309 1708 197 58 potestas
1457 1708 213 58 naturalis
1621 1708 131 58 est,
1703 1708 82 58 &
1736 1708 230 58 facultatem
1916 1708 213 58 incolumen
2080 1708 131 58 ante
2163 1708 148 58 omnem
2245 1708 98 58 eius

560 1763 146 56 actum:
663 1763 102 56 non
721 1763 132 56 video
809 1763 132 56 quind
897 1763 102 56 per
955 1763 88 56 se
999 1763 146 56 possit
1101 1763 161 56 aliquid
1218 1763 146 56 velle:
1321 1763 88 56 vt
1364 1763 175 56 scilicet
1496 1763 161 56 seipsam
1613 1763 146 56 moueat
1715 1763 73 56 &
1745 1763 132 56 velit
1832 1763 73 56 &
1862 1763 146 56 possit
1964 1763 146 56 mouere
2066 1763 88 56 in
2110 1763 132 56 actum
2198 1763 175 56 volendi:

561 1817 102 67 cum
620 1817 132 67 prius
708 1817 132 67 nihil
795 1817 146 67 omnino
898 1817 190 67 voluerit:
1044 1817 102 67 aut
1102 1817 146 67 nullum
1205 1817 132 67 actum
1292 1817 161 67 volendi
1409 1817 146 67 omnino
1512 1817 190 67 habuerit.
1658 1817 117 67 Vnde
1731 1817 102 67 non
1789 1817 132 67 video
1877 1817 132 67 quind
1965 1817 117 67 bene
2038 1817 205 67 respondeat
2199 1817 88 67 ei
2228 1817 117 67 disci-

557 1877 116 60 pulus
634 1877 90 60 cum
686 1877 116 60 dicit
763 1877 77 60 in
802 1877 116 60 caae.
879 1877 103 60 xii.
944 1877 77 60 Si
983 1877 90 60 iam
1034 1877 116 60 aptus
1111 1877 90 60 est
1163 1877 77 60 ad
1202 1877 193 60 voluntatem.
1356 1877 77 60 i.
1395 1877 77 60 ad
1434 1877 116 60 actum
1511 1877 142 60 volendi
1614 1877 77 60 vt
1653 1877 116 60 nihil
1730 1877 142 60 aliquae
1833 1877 103 60 illi
1898 1877 116 60 desit
1975 1877 155 60 scilicet
2091 1877 77 60 de
2130 1877 180 60 intrisecis
2272 1877 103 60 natu

559 1924 162 69 ralibus
677 1924 221 69 necessariis
853 1924 88 69 ad
898 1924 132 69 actum
986 1924 177 69 volendi:
1118 1924 88 69 vt
1162 1924 132 69 nihil
1251 1924 88 69 ei
1295 1924 147 69 restet
1398 1924 103 69 vel
1457 1924 132 69 desit
1545 1924 118 69 quam
1618 1924 147 69 velle:
1721 1924 103 69 non
1780 1924 132 69 video
1868 1924 103 69 cur
1927 1924 103 69 per
1986 1924 88 69 se
2030 1924 103 69 non
2089 1924 162 69 possit.
2207 1924 88 69 Vt
2236 1924 103 69 tamen

564 1977 135 54 mutem
654 1977 150 54 simile
759 1977 75 54 &
789 1977 180 54 exemplum
924 1977 120 54 quod
999 1977 105 54 ibi
1059 1977 180 54 continue
1194 1977 210 54 subiungit:
1359 1977 75 54 &
1389 1977 135 54 dicam
1480 1977 120 54 sic:
1555 1977 195 54 quicumque
1705 1977 120 54 enim
1780 1977 135 54 aptus
1870 1977 105 54 est
1930 1977 90 54 ad
1975 1977 195 54 videndum:
2125 1977 75 54 &
2155 1977 150 54 aprtis
2245 1977 90 54 ocu-

553 2024 110 73 lis
616 2024 94 73 in
663 2024 189 73 tenebris
805 2024 173 73 positus
930 2024 141 73 nihil
1025 2024 157 73 videt:
1135 2024 126 73 qua.
1213 2024 189 73 scilicet
1355 2024 141 73 deest
1449 2024 110 73 lux
1512 2024 173 73 mouens:
1638 2024 79 73 &
1669 2024 126 73 ipsa
1748 2024 204 73 solummodo
1905 2024 157 73 potest
2015 2024 157 73 videre
2125 2024 110 73 per
2188 2024 94 73 se
2219 2024 126 73 lumine

562 2084 145 68 subito
664 2084 174 68 fulgente
795 2084 87 68 in
838 2084 203 68 praesentia
998 2084 189 68 oculorum:
1143 2084 145 68 quaere
1245 2084 116 68 ergo
1317 2084 102 68 qui
1375 2084 131 68 aptus
1463 2084 102 68 est
1521 2084 87 68 ad
1564 2084 189 68 volendum:
1709 2084 73 68 &
1738 2084 189 68 voluntati
1883 2084 131 68 nullo
1971 2084 174 68 volibili
2101 2084 189 68 proposito
2246 2084 102 68 per
2290 2084 58 68 co

563 2135 185 68 gnitionem
705 2135 214 68 intellectus
876 2135 128 68 nihil
961 2135 128 68 vult:
1047 2135 114 68 qua.
1118 2135 171 68 scilicet
1246 2135 128 68 deest
1331 2135 199 68 praesentia
1488 2135 185 68 volibilis
1630 2135 85 68 in
1673 2135 214 68 cognitione:
1844 2135 71 68 &
1872 2135 157 68 propter
1986 2135 100 68 hoc
2043 2135 185 68 solummodo
2185 2135 100 68 non
2228 2135 114 68 potest

564 2197 127 64 velle
649 2197 99 64 per
705 2197 99 64 se:
762 2197 170 64 volibili
889 2197 141 64 subito
988 2197 184 64 praesente
1129 2197 85 64 in
1171 2197 198 64 cognitione
1327 2197 226 64 intellectus:
1510 2197 127 64 quare
1595 2197 113 64 ergo
1666 2197 99 64 non
1722 2197 141 64 volens
1821 2197 184 64 similiter
1963 2197 99 64 non
2019 2197 127 64 velit
2104 2197 99 64 per
2160 2197 85 64 se
2203 2197 127 64 sicut
2273 2197 71 64 non

563 2236 156 80 videns
672 2236 156 80 potest
782 2236 109 80 per
844 2236 93 80 se
891 2236 171 80 videre:
1015 2236 156 80 reuera
1124 2236 109 80 non
1187 2236 156 80 video.
1296 2236 109 80 Nec
1358 2236 140 80 valet
1451 2236 109 80 hic
1514 2236 203 80 responsio
1670 2236 187 80 Anseinus
1810 2236 109 80 qua
1872 2236 203 80 respondet
2028 2236 93 80 ad
2075 2236 187 80 exemplum
2215 2236 125 80 quod
2277 2236 78 80 ibi

560 2301 183 64 proponit
697 2301 214 64 discipulus
865 2301 92 64 de
911 2301 122 64 illo
987 2301 107 64 qui
1049 2301 168 64 clausis
1171 2301 153 64 oculis
1278 2301 92 64 in
1324 2301 122 64 luce
1400 2301 168 64 positus
1522 2301 137 64 nihil
1614 2301 153 64 videt:
1721 2301 76 64 &
1751 2301 137 64 tamen
1843 2301 153 64 potest
1950 2301 107 64 per
2011 2301 92 64 se
2057 2301 168 64 videre:
2179 2301 107 64 non
2240 2301 137 64 autem

557 2353 103 61 non
616 2353 146 61 volens
718 2353 146 61 potest
821 2353 103 61 per
880 2353 88 61 se
923 2353 146 61 velle.
1026 2353 88 61 Et
1070 2353 190 61 respondet
1216 2353 161 61 Anselus
1334 2353 146 61 dicens
1436 2353 117 61 quod
1509 2353 103 61 hoc
1568 2353 190 61 contingit
1714 2353 117 61 quia
1788 2353 117 61 ille
1861 2353 103 61 non
1919 2353 146 61 videns
2022 2353 132 61 habet
2110 2353 132 61 visum
2198 2353 73 61 &
2212 2353 132 61 volunta

557 2406 111 71 tem
620 2406 111 71 iam
684 2406 127 71 actu
763 2406 190 71 volentem
905 2406 111 71 qua
969 2406 158 71 potest
1079 2406 158 71 mouere
1190 2406 142 71 visum
1285 2406 95 71 ad
1332 2406 190 71 videndum
1475 2406 206 71 aperiendo
1633 2406 174 71 oculos.
1760 2406 95 71 In
1807 2406 206 71 proposito
1965 2406 142 71 autem
2060 2406 190 71 loquimur
2187 2406 158 71 respectu

562 2463 130 67 actus
648 2463 159 67 volendi
763 2463 86 67 de
807 2463 115 67 illo
879 2463 101 67 qui
936 2463 101 67 iam
994 2463 130 67 habet
1080 2463 144 67 nullum
1181 2463 130 67 actum
1268 2463 173 67 volendi.
1397 2463 86 67 Et
1441 2463 101 67 ita
1498 2463 144 67 reuera
1599 2463 115 67 quae
1671 2463 86 67 ad
1714 2463 101 67 hoc
1772 2463 101 67 non
1830 2463 101 67 est
1887 2463 159 67 simile.
2003 2463 101 67 Sed
2060 2463 101 67 sic
2118 2463 86 67 in
2161 2463 101 67 nio
2204 2463 130 67 exemplo

557 2510 204 64 responderi
718 2510 102 64 non
776 2510 160 64 potest:
892 2510 116 64 quia
965 2510 87 64 si
1009 2510 87 64 in
1052 2510 175 64 tenebris
1183 2510 116 64 sint
1256 2510 131 64 oculi
1344 2510 131 64 apti:
1431 2510 73 64 &
1460 2510 204 64 voluntatem
1620 2510 131 64 nihil
1707 2510 175 64 impediat
1838 2510 102 64 per
1897 2510 102 64 hoc
1955 2510 116 64 quod
2028 2510 102 64 sit
2086 2510 131 64 alibi
2173 2510 131 64 nimis
2246 2510 102 64 inten

558 2568 110 53 ta:
621 2568 110 53 nec
684 2568 125 53 alio
762 2568 125 53 modo
841 2568 110 53 cum
903 2568 110 53 lux
966 2568 188 53 splendet
1107 2568 94 53 in
1154 2568 220 53 praesentia
1327 2568 188 53 oculorum
1468 2568 157 53 absque
1578 2568 125 53 omni
1656 2568 172 53 actione
1781 2568 220 53 voluntatis
1954 2568 235 53 praecedente
2142 2568 110 53 qua
2205 2568 141 53 mouet
2283 2568 63 53 vi

555 2616 103 72 sum
614 2616 88 72 ad
658 2616 132 72 actum
746 2616 176 72 videndi:
878 2616 147 72 potest
981 2616 103 72 per
1040 2616 88 72 se
1084 2616 161 72 videre:
1201 2616 73 72 &
1230 2616 191 72 quaeratur
1377 2616 132 72 quare
1465 2616 117 72 ergo
1539 2616 88 72 in
1583 2616 191 72 proposito
1729 2616 88 72 si
1773 2616 176 72 voluntas
1905 2616 103 72 non
1964 2616 103 72 sit
2023 2616 191 72 impedita:
2170 2616 73 72 &
2184 2616 147 72 postquam

557 2672 138 71 prius
649 2672 154 71 nullum
757 2672 169 71 volitum
880 2672 185 71 praesens
1018 2672 123 71 erat
1095 2672 92 71 in
1141 2672 231 71 cognitione:
1326 2672 77 71 &
1357 2672 123 71 ideo
1433 2672 138 71 nihil
1526 2672 138 71 vult:
1618 2672 108 71 cum
1680 2672 154 71 statim
1787 2672 92 71 in
1833 2672 215 71 cognitione
2003 2672 246 71 praesentatur
2187 2672 154 71 volibile

559 2731 155 73 absque
668 2731 124 73 omni
746 2731 171 73 actione
870 2731 217 73 voluntatis
1041 2731 233 73 praecedente
1227 2731 109 73 qua
1289 2731 140 73 mouet
1382 2731 93 73 se
1429 2731 93 73 ad
1476 2731 140 73 actum
1569 2731 186 73 volendi:
1708 2731 109 73 non
1771 2731 155 73 potest
1879 2731 109 73 per
1941 2731 93 73 se
1988 2731 155 73 velle.
2097 2731 109 73 Non
2159 2731 124 73 enim
2221 2731 124 73 potest

559 2783 132 58 dici
642 2783 132 58 quod
725 2783 132 58 ille
808 2783 149 58 habet
907 2783 149 58 actum
1007 2783 232 58 voluntatis
1189 2783 132 58 ante
1272 2783 149 58 actum
1371 2783 199 58 videndi:
1520 2783 116 58 quo
1586 2783 166 58 potest
1702 2783 166 58 mouere
1818 2783 149 58 visum
1917 2783 99 58 ad
1967 2783 149 58 actum
2066 2783 199 58 videndi:
2216 2783 132 58 iste
2282 2783 66 58 ve

562 2835 95 71 ro
610 2835 127 71 non:
689 2835 127 71 quia
768 2835 111 71 ibi
832 2835 143 71 actus
927 2835 222 71 voluntatis
1102 2835 222 71 praecedens
1276 2835 143 71 nihil
1371 2835 190 71 operatur
1514 2835 95 71 ad
1562 2835 143 71 actum
1657 2835 175 71 videndi
1784 2835 95 71 vt
1831 2835 159 71 dictum
1942 2835 127 71 est.
2022 2835 127 71 Vnde
2101 2835 111 71 nec
2149 2835 190 71 requiritur

563 2890 197 54 appetere
711 2890 165 54 videre
826 2890 99 54 ad
875 2890 148 54 illum
974 2890 165 54 primum
1089 2890 148 54 actum
1188 2890 197 54 videndi.
1336 2890 132 54 Vnde
1418 2890 148 54 sicut
1517 2890 99 54 in
1566 2890 165 54 primum
1682 2890 148 54 actum
1780 2890 197 54 videndi,
1929 2890 115 54 aut
1994 2890 263 54 cognoscendi,
2208 2890 115 54 aut
2274 2890 99 54 in

560 2942 231 54 telligendi
741 2942 115 54 non
807 2942 181 54 oportet
938 2942 165 54 ducere
1054 2942 148 54 visum
1153 2942 115 54 vel
1219 2942 247 54 intellectum
1416 2942 99 54 in
1466 2942 148 54 actum
1565 2942 181 54 videndi
1696 2942 115 54 vel
1762 2942 264 54 intelligendi
1977 2942 115 54 per
2042 2942 148 54 alium
2141 2942 148 54 actum
2224 2942 115 54 videm

557 2999 100 76 di,
614 2999 228 76 cognoscendi,
799 2999 100 76 vel
855 2999 228 76 intelligendi
1040 2999 242 76 praecedentem:
1240 2999 100 76 sed
1296 2999 114 76 sine
1368 2999 114 76 illo
1439 2999 142 76 potest
1538 2999 100 76 per
1595 2999 85 76 se
1638 2999 128 76 exire
1723 2999 85 76 in
1766 2999 128 76 actum
1851 2999 128 76 aliis
1937 2999 213 76 necessariis
2107 2999 85 76 ad
2150 2999 128 76 ipsum
2221 2999 128 76 concur-

555 3053 244 55 rentibus:
743 3053 131 55 sic
818 3053 113 55 in
874 3053 188 55 primum
1006 3053 169 55 actum
1119 3053 207 55 volendi
1269 3053 131 55 non
1344 3053 207 55 oportet
1494 3053 188 55 ducere
1625 3053 263 55 voluntatem
1832 3053 113 55 in
1888 3053 169 55 actum
2001 3053 207 55 volendi
2151 3053 131 55 per
2208 3053 131 55 alium

549 3093 146 100 actum
646 3093 178 100 volendi
775 3093 275 100 praecedentem:
1002 3093 113 100 sed
1066 3093 129 100 fine
1147 3093 129 100 illo
1228 3093 162 100 potest
1341 3093 146 100 exire
1438 3093 97 100 in
1487 3093 146 100 ipsum
1584 3093 146 100 aliis
1681 3093 243 100 necessariis
1875 3093 97 100 ad
1924 3093 146 100 ipsum
2021 3093 307 100 concurrentibus.
2263 3093 81 100 Cum
