2449 3726
509 284 125 87 quid
587 284 156 87 dicit.
697 284 156 87 xviii.
806 284 140 87 libro
899 284 156 87 Morai.
1009 284 125 87 cap.
1087 284 94 87 i.
1133 284 140 87 Omnis
1227 284 187 87 voluntas
1367 284 172 87 damnati
1492 284 172 87 iniusta
1617 284 125 87 est.
1695 284 109 87 Non
1758 284 140 87 autem
1851 284 109 87 est
1914 284 187 87 iniusta,
2054 284 140 87 sicut
2148 284 140 87 neque
2226 284 62 87 iu

494 348 117 87 sta
561 348 201 87 voluntas
712 348 167 87 aliqua
829 348 134 87 nisi
912 348 100 87 ex
962 348 150 87 fine.
1063 348 134 87 ldeo
1146 348 100 87 vt
1196 348 167 87 mediam
1313 348 134 87 viam
1397 348 201 87 teneamus
1547 348 100 87 in
1598 348 117 87 hoc
1664 348 217 87 articulo,
1832 348 284 87 distinguendum
2066 348 117 87 est
2133 348 134 87 quod
2199 348 84 87 vel

502 397 96 90 le
550 397 144 90 bonum
646 397 96 90 ex
695 397 273 90 deliberatione
919 397 161 90 potest
1032 397 177 90 aliquis
1160 397 241 90 dupliciter:
1353 397 112 90 vel
1417 397 112 90 per
1481 397 96 90 se
1529 397 177 90 propter
1658 397 144 90 ipsum
1754 397 144 90 bonum
1851 397 96 90 ad
1899 397 128 90 quid
1979 397 112 90 est
2043 397 112 90 per
2107 397 112 90 se,
2172 397 80 90 &
2188 397 96 90 eius

504 456 161 68 amorem
616 456 80 68 &
649 456 145 68 odium
745 456 145 68 mali:
841 456 112 68 vel
906 456 112 68 per
970 456 193 68 accidens
1114 456 177 68 propter
1243 456 145 68 fugam
1339 456 177 68 poenae:
1468 456 80 68 &
1500 456 112 68 hoc
1564 456 112 68 vel
1628 456 193 68 propriae
1773 456 112 68 vel
1837 456 193 68 aliorum.
1982 456 209 68 Propriae:
2142 456 112 68 sic
2207 456 112 68 di-

506 509 93 80 co
552 509 124 80 quod
629 509 170 80 possunt
753 509 93 80 in
800 509 139 80 actum
892 509 139 80 bonum
985 509 155 80 moris:
1094 509 93 80 vt
1140 509 139 80 velle
1233 509 170 80 numquam
1357 509 139 80 actum
1449 509 108 80 qui
1511 509 186 80 peccatum
1651 509 124 80 fuit
1728 509 77 80 &
1759 509 108 80 est
1821 509 217 80 commisisse
1991 509 93 80 ne
2037 509 248 80 aeternaliter
2223 509 62 80 pu

503 557 232 86 nirentur.
682 557 143 86 Quae
771 557 161 86 tamen
878 557 214 86 voluntas
1039 557 107 86 in
1093 557 125 86 hoc
1164 557 125 86 non
1236 557 125 86 est
1307 557 143 86 bona
1397 557 214 86 bonitate
1557 557 179 86 moris:
1682 557 143 86 quia
1772 557 125 86 nec
1843 557 286 86 recognoscunt
2076 557 161 86 illum
2165 557 125 86 actum

494 623 137 81 esse
579 623 171 81 malum:
699 623 120 81 nec
767 623 222 81 displicet
938 623 120 81 eis
1006 623 188 81 propter
1143 623 102 81 se
1194 623 137 81 quia
1279 623 171 81 malus:
1399 623 120 81 sed
1467 623 154 81 solum
1570 623 188 81 ratione
1706 623 171 81 poenae
1826 623 205 81 annexae:
1980 623 256 81 quemadmodum
2185 623 85 81 &
2202 623 85 81 vel

495 663 128 86 lent
575 663 112 86 non
639 663 128 86 esse
719 663 176 86 propter
847 663 240 86 acerbitatem
1038 663 176 86 poenae:
1166 663 96 86 vt
1214 663 144 86 alibi
1310 663 272 86 declarauimus.
1534 663 176 86 Propter
1662 663 144 86 fugam
1758 663 160 86 poenae
1869 663 176 86 aliorum
1997 663 112 86 sic
2061 663 160 86 dicere
2157 663 128 86 posset

495 720 199 99 aliquis
640 720 145 99 quod
730 720 235 99 nequaquam
911 720 127 99 per
984 720 109 99 se
1038 720 145 99 immo
1128 720 272 99 simpliciter
1346 720 91 99 &
1382 720 217 99 absolute
1545 720 163 99 omnes
1653 720 199 99 damnati
1798 720 199 99 homines
1943 720 91 99 &
1979 720 217 99 daemones
2124 720 163 99 vellent

499 780 164 93 omnes
608 780 164 93 secum
717 780 145 93 esse
808 780 218 93 damnatos
972 780 91 93 &
1008 780 255 93 puniendos:
1208 780 91 93 &
1244 780 109 93 ad
1299 780 200 93 nullum,
1444 780 164 93 neque
1554 780 109 93 ad
1608 780 255 93 seinuicem,
1808 780 164 93 neque
1917 780 109 93 ad
1972 780 145 93 deum
2063 780 182 93 habere
2172 780 109 93 pos-

503 835 126 85 sunt
582 835 142 85 actum
677 835 158 85 amoris
788 835 253 85 deliberatum:
993 835 111 85 sed
1056 835 142 85 solum
1151 835 95 85 ad
1198 835 174 85 seipsos
1325 835 205 85 statuendo
1482 835 142 85 finem
1577 835 126 85 suum
1656 835 190 85 peruerse
1798 835 95 85 in
1846 835 190 85 seipsis:
1988 835 111 85 sed
2051 835 95 85 ad
2098 835 142 85 omnes
2193 835 79 85 &
2225 835 95 85 ad

510 892 212 81 seinuicem
673 892 163 81 summum
787 892 163 81 habent
901 892 163 81 odium:
1015 892 114 81 per
1080 892 196 81 accidens
1227 892 114 81 aut
1292 892 196 81 possunt.
1439 892 98 81 Et
1488 892 114 81 sic
1553 892 130 81 ille
1635 892 147 81 diues
1733 892 163 81 moneri
1847 892 130 81 suos
1928 892 179 81 voluit:
2059 892 98 81 vt
2108 892 98 81 se
2157 892 82 81 a
2173 892 114 81 pecca

506 957 113 73 tis
570 957 242 73 cohiberent:
764 957 113 73 non
828 957 129 73 quia
909 957 113 73 per
973 957 97 73 se
1022 957 113 73 hoc
1086 957 161 73 voluit
1199 957 177 73 propter
1328 957 145 73 odium
1425 957 177 73 peccati
1554 957 81 73 &
1586 957 161 73 amorem
1699 957 193 73 illorum:
1844 957 113 73 sed
1908 957 129 73 quia
1989 957 226 73 aestimauit
2166 957 97 73 se
2198 957 81 73 pos

502 1003 101 97 se
553 1003 184 97 corpori
687 1003 117 97 suo
754 1003 201 97 restitui
905 1003 84 97 &
938 1003 101 97 ad
989 1003 168 97 vitam:
1106 1003 84 97 &
1140 1003 101 97 in
1190 1003 184 97 corpore
1324 1003 151 97 mitti
1425 1003 101 97 ad
1475 1003 168 97 ipsos:
1592 1003 84 97 &
1626 1003 117 97 sic
1693 1003 84 97 a
1727 1003 168 97 poenis
1844 1003 218 97 subtrahi.
2012 1003 134 97 Vnde
2096 1003 151 97 istam
2179 1003 101 97 admo

507 1054 222 95 nitionem
673 1054 166 95 nullo
783 1054 148 95 modo
876 1054 203 95 propter
1024 1054 166 95 bonum
1134 1054 277 95 simpliciter
1356 1054 129 95 vel
1430 1054 203 95 illorum
1577 1054 166 95 illos
1688 1054 222 95 admoneri
1854 1054 203 95 voluit:
2002 1054 129 95 sed
2076 1054 203 95 propter
2205 1054 74 95 bo

511 1125 135 80 num,
595 1125 219 80 proprium:
764 1125 118 80 ita
831 1125 135 80 quod
915 1125 118 80 nec
982 1125 118 80 per
1050 1125 151 80 alium
1151 1125 84 80 a
1184 1125 101 80 se
1235 1125 118 80 eos
1302 1125 168 80 moneri
1420 1125 185 80 voluit.
1554 1125 135 80 Vnde
1639 1125 185 80 dicente
1773 1125 202 80 Abraham,
1925 1125 168 80 habent
2042 1125 168 80 Moysen
2160 1125 84 80 &
2177 1125 101 80 pro-

508 1180 183 78 phetas:
642 1180 233 78 respondit,
825 1180 117 78 non
892 1180 167 78 pater:
1008 1180 117 78 sed
1075 1180 100 78 si
1125 1180 183 78 aliquis
1258 1180 100 78 ex
1308 1180 183 78 mortuis
1442 1180 117 78 &c.
1508 1180 100 78 q.
1558 1180 100 78 d.
1608 1180 117 78 per
1675 1180 100 78 me
1725 1180 117 78 sic
1792 1180 150 78 fiat:
1892 1180 133 78 quia
1975 1180 150 78 magis
2075 1180 183 78 idoneus
2192 1180 83 78 sum

501 1241 98 73 ad
550 1241 131 73 hoc:
632 1241 82 73 &
665 1241 131 73 mihi
747 1241 148 73 magis
845 1241 197 73 credent.
993 1241 148 73 Glos.
1091 1241 148 73 tamen
1190 1241 131 73 Luc.
1272 1241 131 73 xvi.
1354 1241 115 73 hoc
1420 1241 164 73 aliter
1534 1241 181 73 exponit
1666 1241 181 73 dicens.
1797 1241 197 73 Seruatur
1945 1241 164 73 diuiti
2060 1241 98 73 ad
2109 1241 164 73 poenam
2207 1241 66 73 me

503 1280 148 83 moria
601 1280 181 83 fratrum
733 1280 132 83 quos
815 1280 214 83 reliquit:
980 1280 99 83 vt
1029 1280 99 83 de
1079 1280 148 83 poena
1177 1280 230 83 inutiliter
1359 1280 198 83 amatorum
1507 1280 181 83 amplius
1638 1280 247 83 torqueatur:
1836 1280 82 83 &
1869 1280 181 83 videtur
2001 1280 165 83 glossa
2099 1280 165 83 intende-

501 1337 100 85 re
551 1337 134 85 quod
635 1337 167 85 voluit
752 1337 117 85 eos
819 1337 217 85 conuerti:
986 1337 100 85 ne
1036 1337 100 85 si
1086 1337 150 85 secum
1187 1337 100 85 in
1237 1337 150 85 locum
1337 1337 251 85 tormentorum
1538 1337 217 85 venirent:
1705 1337 100 85 ex
1755 1337 117 85 hoc
1822 1337 184 85 amplius
1955 1337 100 85 ex
2006 1337 150 85 poena
2106 1337 134 85 visa
2173 1337 100 85 ama-

498 1393 150 76 torum
598 1393 266 76 torqueretur.
814 1393 133 76 Quod
898 1393 183 76 videtur
1031 1393 183 76 sentire
1164 1393 166 76 Greti.
1280 1393 216 76 Nissenus.
1446 1393 150 76 Diues
1546 1393 150 76 quasi
1646 1393 166 76 quodam
1762 1393 150 76 iusto
1862 1393 150 76 etiam
1962 1393 133 76 post
2045 1393 166 76 mortem
2162 1393 83 76 a
2178 1393 100 76 vita

501 1455 218 65 detinetur
669 1455 201 65 carnali.
819 1455 117 65 Nam
886 1455 167 65 siquis
1003 1455 167 65 omnino
1120 1455 201 65 carnalis
1271 1455 201 65 secundum
1422 1455 167 65 mentem
1539 1455 151 65 fiat:
1639 1455 117 65 nec
1706 1455 201 65 postquam
1857 1455 167 65 corpus
1974 1455 184 65 exuerit
2091 1455 184 65 remouetur

491 1501 88 85 a
527 1501 265 85 passionibus
739 1501 159 85 eius.
845 1501 124 85 Sed
916 1501 141 85 vnde
1004 1501 124 85 hoc
1075 1501 141 85 quod
1163 1501 106 85 ex
1216 1501 194 85 pietate
1358 1501 212 85 naturali
1517 1501 124 85 cum
1587 1501 301 85 deliberatione
1835 1501 124 85 non
1906 1501 194 85 possint
2047 1501 124 85 pro
2118 1501 159 85 tanto
2206 1501 71 85 re

492 1560 196 73 uerti:
630 1560 118 73 vt
688 1560 196 73 velint
825 1560 176 73 bonum
943 1560 176 73 moris
1060 1560 215 73 propter
1217 1560 176 73 bonum
1335 1560 176 73 moris
1452 1560 137 73 per
1531 1560 137 73 se:
1609 1560 98 73 &
1648 1560 215 73 propter
1805 1560 176 73 bonum
1922 1560 196 73 saltem
2060 1560 176 73 sicut
2157 1560 118 73 exi-

491 1610 155 85 stens
594 1610 103 85 in
646 1610 190 85 peccato
784 1610 207 85 mortali:
939 1610 155 85 licet
1042 1610 103 85 ex
1094 1610 172 85 minori
1215 1610 258 85 necessitate
1421 1610 103 85 ad
1473 1610 121 85 hoc
1542 1610 224 85 moueretur
1714 1610 207 85 existens
1869 1610 103 85 in
1921 1610 190 85 mortali
2059 1610 190 85 peccato
2197 1610 121 85 non

495 1676 201 79 damnatus
646 1676 134 79 quam
730 1676 218 79 damnatus:
897 1676 100 79 Et
947 1676 167 79 dicunt
1064 1676 167 79 aliqui
1181 1676 134 79 quod
1265 1676 117 79 hoc
1332 1676 151 79 facit
1432 1676 151 79 alius
1533 1676 84 79 &
1566 1676 151 79 alius
1667 1676 167 79 status
1784 1676 151 79 horum
1884 1676 84 79 &
1918 1676 201 79 illorum.
2068 1676 134 79 Quod
2152 1676 117 79 non
2202 1676 84 79 est

500 1724 241 72 sufficiens:
693 1724 129 72 quia
773 1724 145 72 nulla
869 1724 257 72 commutatione
1078 1724 209 72 existente
1239 1724 145 72 circa
1335 1724 225 72 voluntatem
1512 1724 129 72 quod
1592 1724 161 72 potest
1705 1724 129 72 quis
1785 1724 177 72 quantum
1914 1724 112 72 est
1978 1724 96 72 ex
2026 1724 145 72 parte
2122 1724 161 72 solius
2219 1724 64 72 vo

498 1779 183 88 luntatis
635 1779 92 88 in
681 1779 107 88 vno
742 1779 153 88 statu,
849 1779 76 88 &
880 1779 92 88 in
926 1779 138 88 alio.
1017 1779 168 88 Propter
1139 1779 122 88 quid
1216 1779 153 88 dicunt
1323 1779 122 88 alii
1399 1779 122 88 quod
1476 1779 183 88 voluntas
1613 1779 153 88 quanto
1720 1779 183 88 liberior
1857 1779 107 88 est
1919 1779 76 88 &
1949 1779 229 88 perfectior,
2132 1779 138 88 tanto
2209 1779 61 88 se

499 1840 237 71 perfectius
686 1840 203 71 immergit
838 1840 136 71 siue
923 1840 203 71 impirgit
1075 1840 102 71 in
1126 1840 203 71 volitum:
1279 1840 102 71 vt
1330 1840 136 71 ideo
1414 1840 119 71 cum
1482 1840 170 71 natura
1601 1840 305 71 intellectualis
1855 1840 203 71 separata
2008 1840 85 71 a
2042 1840 186 71 corpore
2160 1840 119 71 omni-

497 1903 101 60 no
548 1903 168 60 libera
665 1903 118 60 est
732 1903 218 60 voluntate
900 1903 201 60 intantum
1051 1903 201 60 impingit
1202 1903 101 60 se
1253 1903 101 60 in
1303 1903 201 60 volitum,
1454 1903 84 60 &
1488 1903 218 60 immergit,
1656 1903 84 60 &
1689 1903 151 60 tanto
1790 1903 151 60 amore
1891 1903 134 60 illi
1975 1903 235 60 alligatur:
2159 1903 101 60 vt
2210 1903 101 60 ab

491 1942 138 81 illo
577 1942 173 81 auerti
698 1942 121 81 non
768 1942 208 81 poterit:
923 1942 121 81 non
993 1942 173 81 aliqua
1114 1942 225 81 coactione
1287 1942 260 81 impellente:
1494 1942 121 81 sed
1564 1942 225 81 voluntate
1737 1942 138 81 ipsa
1823 1942 294 81 immutabiliter
2065 1942 138 81 illi
2135 1942 138 81 haere-

498 2000 106 84 re
551 2000 212 84 volente:
710 2000 106 84 vt
763 2000 159 84 etiam
869 2000 177 84 exinde
993 2000 141 84 homo
1081 2000 106 84 in
1134 2000 159 84 statu
1240 2000 265 84 innocentiae
1452 2000 194 84 propter
1593 2000 212 84 corporis
1752 2000 283 84 aliquantulam
1964 2000 300 84 corruptibilita-

497 2050 122 78 tem
566 2050 260 78 aliqualiter
774 2050 226 78 grauetur:
948 2050 122 78 nec
1018 2050 174 78 omnino
1139 2050 156 78 anima
1243 2050 174 78 vergat
1365 2050 243 78 immergendo
1556 2050 104 78 se
1608 2050 122 78 per
1678 2050 226 78 omnimodam
1851 2050 260 78 adhaesionem
2060 2050 104 78 in
2094 2050 174 78 volitum,

499 2107 109 72 sed
562 2107 109 72 vel
624 2107 187 72 separata
764 2107 109 72 vel
827 2107 187 72 existens
967 2107 93 72 in
1014 2107 171 72 corpore
1138 2107 265 72 incoruptibili
1356 2107 203 72 totaliter
1512 2107 93 72 se
1559 2107 203 72 immergit,
1715 2107 93 72 vt
1761 2107 171 72 reuerti
1886 2107 109 72 non
1948 2107 187 72 poterit.
2089 2107 93 72 vt
2120 2107 140 72 propter

498 2170 87 66 ea
541 2170 174 66 secundum
671 2170 159 66 Anseil,
787 2170 116 66 quid
860 2170 188 66 hominibus
1004 2170 130 66 mors,
1091 2170 101 66 hoc
1149 2170 203 66 daemonibus
1308 2170 145 66 casus.
1410 2170 130 66 luxta
1497 2170 130 66 illud
1583 2170 116 66 quod
1656 2170 130 66 dicit
1743 2170 130 66 Greg.
1830 2170 145 66 xxxii.
1931 2170 130 66 libro
2018 2170 145 66 moral.
2119 2170 145 66 ca.ii.
2206 2170 58 66 de

493 2217 198 86 diabolo.
641 2217 181 86 Idcirco
773 2217 181 86 peccans
905 2217 132 86 sine
987 2217 148 86 venia
1086 2217 198 86 dannatus
1234 2217 132 86 est:
1317 2217 132 86 quia
1399 2217 165 86 magnus
1515 2217 132 86 fine
1597 2217 264 86 comperatione
1811 2217 165 86 fuerat
1927 2217 198 86 creatus.
2075 2217 99 86 Et
2125 2217 115 86 hoc
2174 2217 99 86 quia

493 2275 212 82 secundum
653 2275 283 82 magnitudinem
883 2275 142 82 suam
971 2275 106 82 ex
1025 2275 230 82 creatione
1202 2275 212 82 impegit,
1361 2275 89 82 &
1396 2275 212 82 immersit
1556 2275 106 82 se
1609 2275 106 82 in
1662 2275 195 82 volitum
1804 2275 124 82 per
1874 2275 230 82 peccatum.
2052 2275 124 82 Sed
2122 2275 124 82 hoc
2175 2275 89 82 non

494 2328 210 82 explicat
651 2328 158 82 satis
756 2328 158 82 modum
861 2328 123 82 quo
931 2328 140 82 fiat
1019 2328 140 82 quod
1106 2328 245 82 quaerimus.
1299 2328 140 82 ldeo
1386 2328 210 82 dicendum
1544 2328 210 82 secundum
1701 2328 158 82 illud
1806 2328 210 82 prouerb.
1964 2328 175 82 xviii.
2086 2328 210 82 Peccator

492 2395 121 72 cum
561 2395 103 72 in
612 2395 224 72 profundum
785 2395 241 72 peccatorum
974 2395 189 72 venerit
1112 2395 241 72 contemnit:
1301 2395 138 72 quod
1388 2395 172 72 quando
1508 2395 207 72 voluntas
1663 2395 121 72 est
1732 2395 103 72 in
1784 2395 207 72 perfecta
1939 2395 121 72 sua
2008 2395 224 72 libertate
2180 2395 121 72 ha-

489 2437 143 83 bita
578 2437 214 83 completa
739 2437 321 83 deliberatione:
1006 2437 160 83 tanta
1113 2437 232 83 efficacia
1291 2437 178 83 currit
1416 2437 107 83 in
1469 2437 196 83 volitum
1612 2437 196 83 peccati
1754 2437 196 83 ponendo
1897 2437 107 83 in
1950 2437 107 83 eo
2004 2437 178 83 finem:
2128 2437 107 83 vt
2164 2437 107 83 veni

498 2503 119 60 ens
566 2503 102 60 ad
617 2503 238 60 obstaculum
804 2503 255 60 synteresis:
1009 2503 119 60 nec
1077 2503 119 60 ibi
1145 2503 187 60 sistit:
1281 2503 119 60 sed
1349 2503 255 60 contemnendo
1554 2503 204 60 impingit
1707 2503 102 60 in
1758 2503 170 60 illam,
1877 2503 85 60 &
1911 2503 119 60 ibi
1980 2503 238 60 retunditur
2167 2503 102 60 vt
2201 2503 68 60 re

488 2544 188 93 trahere
625 2544 103 93 se
676 2544 120 93 nec
745 2544 188 93 possit,
882 2544 120 93 nec
950 2544 171 93 velit,
1070 2544 120 93 nec
1138 2544 137 93 pont
1224 2544 171 93 velle.
1344 2544 257 93 quemadmodum
1549 2544 103 93 si
1600 2544 171 93 ferrum
1720 2544 171 93 acutum
1840 2544 223 93 penetrans
2011 2544 171 93 carnes
2131 2544 103 93 in
2182 2544 120 93 in-

492 2608 243 65 terioribus
683 2608 156 65 ossis
787 2608 260 65 retunditur,
995 2608 191 65 extrahi
1134 2608 122 65 non
1204 2608 191 65 potest.
1343 2608 139 65 Homo
1429 2608 156 65 autem
1534 2608 174 65 viator
1655 2608 139 65 quia
1742 2608 156 65 tanta
1846 2608 226 65 efficacia
2020 2608 226 65 impingere
2176 2608 87 65 non

491 2657 194 68 potest:
633 2657 141 68 ideo
721 2657 177 68 semper
845 2657 194 68 reuerti
986 2657 177 68 potest
1110 2657 106 68 in
1163 2657 194 68 aliquem
1304 2657 159 68 actum
1411 2657 159 68 bonum
1517 2657 177 68 moris.
1640 2657 230 68 Similiter
1817 2657 106 68 in
1870 2657 141 68 bono
1958 2657 159 68 citra
2065 2657 159 68 finem
2153 2657 106 68 nul-

491 2717 111 77 la
546 2717 222 77 voluntas
712 2717 185 77 creata
842 2717 129 77 sic
916 2717 240 77 impingere
1101 2717 185 77 potest
1230 2717 148 77 quin
1323 2717 111 77 ad
1378 2717 166 77 malum
1489 2717 185 77 possit
1619 2717 222 77 reuerti:
1785 2717 129 77 sed
1859 2717 129 77 cum
1933 2717 222 77 impingit
2100 2717 111 77 in
2137 2717 129 77 finem

490 2770 208 78 vltimum
641 2770 132 78 per
717 2770 208 78 apertam
868 2770 226 78 visionem
1037 2770 132 78 ibi
1113 2770 264 78 necessario
1320 2770 340 78 immobilitatur.
1604 2770 113 78 SI
1660 2770 151 78 vero
1754 2770 151 78 fiat
1849 2770 170 78 sermo
1962 2770 113 78 de
2019 2770 151 78 bono
2094 2770 170 78 gratiae

488 2830 122 58 vel
557 2830 209 58 gloriae,
714 2830 139 58 siue
801 2830 122 58 quo
870 2830 104 58 ad
923 2830 174 58 actum,
1044 2830 139 58 siue
1131 2830 122 58 quo
1201 2830 104 58 ad
1253 2830 209 58 habitum:
1410 2830 122 58 sic
1479 2830 261 58 simpliciter
1688 2830 122 58 est
1758 2830 139 58 quod
1844 2830 122 58 non
1914 2830 191 58 possunt
2053 2830 191 58 reuerti
2192 2830 104 58 ad

486 2883 191 76 vnquam
620 2883 230 76 habendum
792 2883 211 76 habitum
945 2883 211 76 gratiae
1098 2883 134 76 aut
1175 2883 230 76 gloriae:
1347 2883 172 76 quare
1462 2883 172 76 neque
1577 2883 115 76 ad
1634 2883 230 76 habendum
1807 2883 172 76 actum
1921 2883 172 76 bonum
2017 2883 249 76 procedentem

485 2929 80 66 a
517 2929 160 66 gratia
629 2929 112 66 aut
694 2929 177 66 gloria:
822 2929 128 66 quia
902 2929 144 66 istos
998 2929 177 66 habitus
1127 2929 80 66 a
1159 2929 96 66 se
1207 2929 160 66 habere
1319 2929 112 66 non
1384 2929 177 66 potest:
1512 2929 80 66 &
1544 2929 128 66 deus
1624 2929 144 66 iusto
1720 2929 177 66 iudicio
1849 2929 193 66 decreuit
1993 2929 144 66 illos
2090 2929 96 66 se
2138 2929 112 66 eis
2186 2929 80 66 num

482 2980 146 71 quam
573 2980 146 71 esse
665 2980 219 71 daturum.
829 2980 110 71 AD
884 2980 256 71 argumentum
1085 2980 110 71 in
1140 2980 256 71 opppositum
1341 2980 146 71 quod
1432 2980 110 71 in
1487 2980 128 71 eis
1560 2980 128 71 est
1634 2980 201 71 liberum
1780 2980 256 71 arbitrium:
1981 2980 219 71 dicendum
2127 2980 110 71 quod

493 3041 148 73 verum
591 3041 131 73 est:
673 3041 115 73 sed
739 3041 230 73 affectione
920 3041 115 73 sua
985 3041 99 73 in
1035 3041 148 73 malum
1133 3041 197 73 ligatum:
1281 3041 99 73 vt
1330 3041 148 73 licet
1429 3041 197 73 libertas
1577 3041 115 73 sit
1642 3041 115 73 ibi
1708 3041 99 73 vt
1757 3041 99 73 in
1807 3041 181 73 radice:
1938 3041 99 73 in
1987 3041 197 73 effectum
2135 3041 148 73 tamen

483 3086 228 82 prosilire
659 3086 123 82 non
711 3086 158 82 potest.
