2437 3708
505 239 121 80 non
574 239 121 80 est
643 239 138 80 enim
729 239 155 80 fides
832 239 138 80 sine
919 239 276 80 obscuritate.
1143 239 190 80 Propter
1281 239 138 80 quod
1367 239 155 80 ratio
1470 239 190 80 nunquam
1608 239 103 80 de
1660 239 190 80 crediti
1798 239 207 80 veritate
1953 239 224 80 inquantum
2109 239 172 80 creditum

508 303 94 70 es
555 303 188 70 scilicet
697 303 94 70 in
744 303 236 70 vniuersali,
932 303 157 70 possit
1042 303 188 70 perfecte
1184 303 126 70 esse
1262 303 236 70 assecurata:
1451 303 94 70 vt
1498 303 110 70 non
1561 303 157 70 possit
1670 303 204 70 haesitare
1828 303 94 70 de
1875 303 204 70 contrario
2032 303 94 70 in
2063 303 220 70 particulari.

513 360 139 59 visio
605 360 139 59 autem
698 360 108 59 non
759 360 170 59 patitur
883 360 139 59 secum
975 360 123 59 visi
1053 360 262 59 obscuritatem:
1269 360 108 59 sed
1330 360 139 59 plene
1423 360 93 59 de
1469 360 154 59 seipsa
1577 360 170 59 veritas
1701 360 123 59 visa
1778 360 201 59 assecurat
1932 360 201 59 rationem:
2086 360 93 59 vt
2133 360 93 59 de
2179 360 93 59 se
2225 360 93 59 du

510 419 179 66 bitare
635 419 125 66 non
707 419 197 66 possit.
850 419 197 66 Quamuis
993 419 143 66 enim
1083 419 107 66 in
1136 419 197 66 visione
1279 419 143 66 eius
1369 419 179 66 plures
1494 419 143 66 sunt
1583 419 179 66 gradus
1709 419 107 66 in
1762 419 233 66 lympidius
1941 419 89 66 &
1977 419 161 66 minus
2084 419 197 66 Iympide
2209 419 72 66 vi

512 475 164 68 dendo:
627 475 99 68 in
676 475 181 68 omnibus
807 475 148 68 tamen
906 475 115 68 est
971 475 148 68 visio
1070 475 131 68 sine
1152 475 131 68 omni
1234 475 246 68 obscuritate
1431 475 230 68 impediente
1612 475 213 68 perfectam
1776 475 296 68 assecurationem
2022 475 246 68 praedictam.
2203 475 82 68 Cre

504 533 139 64 dere
590 533 156 64 autem
694 533 208 64 repugnat
850 533 260 64 intellectui
1058 533 260 64 praecedenti
1266 533 104 64 ex
1318 533 156 64 parte
1422 533 173 64 finis:
1544 533 139 64 quia
1630 533 104 64 vt
1682 533 173 64 dictum
1804 533 121 64 est
1873 533 208 64 secundum
2029 533 173 64 Grego.
2133 533 156 64 euacua-

501 582 129 69 ret
574 582 221 69 meritum.
740 582 129 69 Sed
814 582 111 69 ex
869 582 166 69 parte
979 582 184 69 formae
1108 582 92 69 &
1145 582 203 69 naturae
1293 582 239 69 veritatis
1477 582 276 69 credibilium
1698 582 166 69 nullo
1808 582 147 69 modo
1900 582 221 69 repugnat
2048 582 239 69 intellectui

502 638 144 66 quia
592 638 126 66 sic
664 638 126 66 non
736 638 126 66 tam
809 638 216 66 repugnat
971 638 271 66 intellectui
1188 638 271 66 praecedenti
1404 638 162 66 fidem
1512 638 126 66 sed
1584 638 289 66 subsequenti:
1819 638 126 66 sed
1891 638 198 66 proprie
2035 638 198 66 excedit
2162 638 126 66 prae-

507 695 228 62 cedentem
678 695 304 62 intellectum:
925 695 152 62 quia
1020 695 152 62 ante
1115 695 171 62 fidem
1229 695 133 62 non
1305 695 190 62 potest
1439 695 190 62 haberi
1572 695 171 62 ratio
1686 695 152 62 nisi
1781 695 133 62 per
1857 695 171 62 media
1971 695 152 62 pure
2066 695 247 62 naturalia
2237 695 57 62 &

503 750 314 60 suppositiones
761 750 148 60 pure
854 750 277 60 naturaliter
1075 750 240 60 cognitas:
1260 750 148 60 quae
1353 750 166 60 nullo
1463 750 148 60 modo
1556 750 240 60 attingere
1741 750 203 60 possunt
1888 750 240 60 veritatem
2055 750 240 60 credibilium

506 807 139 69 quia
593 807 157 69 supra
697 807 227 69 naturalem
872 807 262 69 cognitionem
1081 807 139 69 est.
1168 807 262 69 Intellectum
1377 807 139 69 vero
1465 807 279 69 subsequentem
1691 807 157 69 iuuat
1796 807 87 69 &
1831 807 227 69 promouet.
2005 807 244 69 suppositis
2179 807 105 69 enim

507 869 118 53 eis
575 869 135 53 quae
659 869 152 53 fidei
761 869 152 53 sunt:
862 869 85 53 &
896 869 304 53 concurrentibus
1149 869 135 53 quae
1234 869 203 53 naturali
1386 869 186 53 ratione
1521 869 135 53 vere
1606 869 186 53 cognita
1741 869 152 53 sunt:
1843 869 135 53 quia
1927 869 186 53 veritas
2062 869 237 53 naturalium
2231 869 68 53 ve

510 916 173 57 ritati
631 916 328 57 supernaturalium
907 916 190 57 nunquam
1045 916 224 57 repugnat:
1218 916 121 57 sed
1287 916 173 57 potius
1408 916 121 57 via
1477 916 121 57 est
1546 916 86 57 &
1580 916 259 57 adminiculum
1787 916 121 57 non
1856 916 104 57 ad
1908 916 155 57 fidem
2012 916 224 57 faciendum
2184 916 104 57 de
2219 916 69 57 il

499 972 106 64 la
552 972 106 64 vt
606 972 177 64 dictum
730 972 142 64 est:
818 972 124 64 sed
889 972 142 64 fide
978 972 230 64 supposita
1155 972 106 64 ad
1208 972 159 64 ipsam
1314 972 248 64 perspicuam
1509 972 266 64 intellectui
1722 972 248 64 faciendam:
1917 972 89 64 &
1952 972 159 64 tanto
2059 972 159 64 magis
2147 972 142 64 perspi

506 1034 163 62 cuam:
614 1034 181 62 quanto
741 1034 163 62 media
849 1034 108 62 ex
904 1034 217 62 naturali
1066 1034 199 62 ratione
1211 1034 217 62 adiuncta
1374 1034 271 62 efficaciora
1591 1034 163 62 sunt,
1699 1034 90 62 &
1735 1034 217 62 veritati
1898 1034 163 62 fidei
2007 1034 163 62 magis
2115 1034 199 62 consona
2242 1034 54 62 &

502 1084 264 64 propinqua.
709 1084 151 64 Vnde
803 1084 169 64 sicut
916 1084 113 64 in
973 1084 282 64 cognitionem
1199 1084 264 64 naturalium
1406 1084 94 64 &
1444 1084 339 64 mathematicorum
1726 1084 132 64 non
1801 1084 188 64 statim
1933 1084 207 64 habitis
2084 1084 188 64 primis
2197 1084 94 64 sup

509 1139 272 68 positionibus
730 1139 238 68 ascenditur
917 1139 102 68 ad
969 1139 255 68 intellectum
1173 1139 221 68 vltimarum
1343 1139 289 68 conclusionum:
1581 1139 153 68 licet
1683 1139 187 68 virtute
1819 1139 136 68 sint
1905 1139 102 68 in
1956 1139 153 68 ipsis
2058 1139 272 68 suppositioni

508 1196 148 66 bus:
600 1196 129 66 sed
674 1196 222 66 gradatim
840 1196 129 66 per
914 1196 166 66 media
1025 1196 259 66 proximiora
1228 1196 351 66 suppositionibus
1524 1196 148 66 quae
1617 1196 240 66 principia
1801 1196 148 66 sunt
1894 1196 111 66 ad
1949 1196 296 66 conclusiones
2171 1196 111 66 prio

510 1250 141 62 res,
598 1250 88 62 &
634 1250 176 62 deinde
757 1250 106 62 ad
810 1250 247 62 vlteriores
1003 1250 176 62 vtendo
1127 1250 317 62 conclusionibus
1391 1250 123 62 pro
1461 1250 247 62 principiis
1655 1250 211 62 respectu
1814 1250 247 62 vltimorum:
2007 1250 123 62 sic
2078 1250 106 62 in
2113 1250 176 62 cognitio

510 1304 104 59 ne
562 1304 261 59 credibilium
771 1304 122 59 non
840 1304 174 59 statim
962 1304 209 59 creditis
1119 1304 226 59 articulis
1293 1304 157 59 fidei
1398 1304 279 59 praesumendum
1624 1304 122 59 est
1694 1304 157 59 posse
1798 1304 226 59 ascendere
1973 1304 104 59 ad
2025 1304 192 59 illorum
2147 1304 139 59 intel-

513 1357 181 60 lectum
640 1357 127 60 nec
712 1357 163 60 media
821 1357 254 60 incongrua:
1020 1357 127 60 aut
1093 1357 145 60 quia
1183 1357 163 60 nimis
1292 1357 145 60 alta
1382 1357 163 60 sunt:
1491 1357 127 60 aut
1563 1357 145 60 quia
1654 1357 199 60 absurda
1799 1357 235 60 adiungere
1980 1357 127 60 vel
2053 1357 217 60 obscura:
2197 1357 91 60 hoc

508 1413 132 68 enim
590 1413 181 68 faceret
722 1413 115 68 aut
788 1413 198 68 resilire
936 1413 82 68 a
969 1413 148 68 fide:
1068 1413 115 68 aut
1134 1413 99 68 in
1183 1413 99 68 ea
1233 1413 198 68 dubitare
1381 1413 115 68 aut
1447 1413 165 68 errare
1563 1413 198 68 videntem
1711 1413 99 68 se
1760 1413 115 68 non
1826 1413 148 68 posse
1925 1413 99 68 ad
1975 1413 247 68 intellectum
2173 1413 148 68 attin

512 1468 156 71 gere:
616 1468 87 71 &
650 1468 173 71 maxime
771 1468 104 71 si
823 1468 190 71 videret
962 1468 208 71 quemquam
1118 1468 208 71 doctorum
1273 1468 156 71 media
1377 1468 190 71 absurda
1516 1468 242 71 adiungere:
1706 1468 173 71 quorum
1828 1468 225 71 contraria
2001 1468 208 71 naturali
2139 1468 156 71 rationi

511 1530 130 64 sunt
592 1530 195 64 veriora:
738 1530 114 64 sed
803 1530 178 64 opertet
933 1530 178 64 gradati
1062 1530 211 64 ascendere
1224 1530 97 64 vt
1273 1530 162 64 dictum
1387 1530 114 64 est
1452 1530 146 64 media
1549 1530 178 64 congrua
1679 1530 178 64 rationi
1808 1530 195 64 naturali
1954 1530 178 64 cognita
2084 1530 243 64 adiungendo.

506 1582 187 58 Propter
642 1582 136 58 quod
727 1582 153 58 dicit
829 1582 187 58 Richar.
965 1582 102 58 i.
1016 1582 102 58 de
1067 1582 136 58 Tri.
1152 1582 136 58 cap.
1237 1582 136 58 iii.
1322 1582 102 58 Ad
1373 1582 153 58 eorum
1475 1582 170 58 itaque
1594 1582 204 58 notitiam
1747 1582 102 58 de
1798 1582 170 58 quibus
1917 1582 153 58 recte
2019 1582 187 58 dicitur
2155 1582 170 58 nobis:

500 1632 139 78 Nisi
587 1632 278 78 credideritis
813 1632 122 78 non
882 1632 296 78 intelligetis:
1126 1632 191 78 oportet
1265 1632 174 78 quidem
1387 1632 122 78 per
1457 1632 157 78 fidem
1561 1632 209 78 intrare:
1718 1632 122 78 nec
1787 1632 157 78 tamen
1892 1632 104 78 in
1944 1632 139 78 ipso
2031 1632 174 78 statim
2135 1632 157 78 introi-

499 1706 109 57 tu
553 1706 272 57 subsistere:
770 1706 127 57 sed
843 1706 109 57 ad
897 1706 235 57 interiora
1078 1706 181 57 semper
1205 1706 91 57 &
1241 1706 272 57 profundiora
1458 1706 326 57 intelligentiae
1730 1706 253 57 properare:
1929 1706 91 57 &
1965 1706 127 57 cum
2038 1706 181 57 studio
2164 1706 91 57 &
2182 1706 109 57 sum-

506 1747 108 66 ma
560 1747 253 66 diligentia
759 1747 253 66 insistere:
957 1747 108 66 vt
1011 1747 108 66 ad
1065 1747 162 66 eorum
1173 1747 325 66 intelligentiam
1444 1747 144 66 quae
1534 1747 126 66 per
1606 1747 162 66 fidem
1715 1747 198 66 tenemus
1859 1747 271 66 quotidianis
2057 1747 235 66 incrementis

507 1799 221 71 proficere
677 1799 221 71 valeamus:
847 1799 85 71 &
881 1799 170 71 semper
1001 1799 238 71 procedere.
1188 1799 136 71 Quia
1273 1799 272 71 intelligendo
1494 1799 119 71 per
1562 1799 153 71 media
1664 1799 187 71 nunquam
1800 1799 102 71 ad
1852 1799 221 71 perfectum
2022 1799 255 71 intellectum
2209 1799 85 71 pos

511 1856 181 69 sibilem
642 1856 115 69 est
708 1856 230 69 peruenire:
889 1856 132 69 quia
971 1856 115 69 non
1037 1856 230 69 perficitur
1217 1856 132 69 nisi
1300 1856 99 69 in
1349 1856 164 69 tertio
1464 1856 164 69 genere
1579 1856 247 69 cognitionis
1776 1856 132 69 quae
1859 1856 230 69 appellatur
2039 1856 164 69 visio:
2154 1856 132 69 quia
2220 1856 66 69 se

506 1917 196 62 veritas
649 1917 249 62 manifestat
845 1917 249 62 contentiua
1040 1917 178 62 omnium
1165 1917 249 62 veritatum.
1361 1917 196 62 Propter
1503 1917 142 62 quod
1592 1917 214 62 continuo
1753 1917 178 62 subdit
1877 1917 196 62 Richar.
2020 1917 107 62 In
2073 1917 160 62 horum
2162 1917 125 62 plena

512 1967 178 71 notitia
641 1967 81 71 &
673 1967 194 71 perfecta
819 1967 275 71 intelligentia
1045 1967 129 71 vita
1126 1967 210 71 obtinetur
1287 1967 194 71 aeterna:
1433 1967 145 71 citra
1530 1967 275 71 quantuncumque
1756 1967 210 71 proficiat
1917 1967 275 71 intelligentia
2144 1967 97 71 in
2176 1967 113 71 noti-

508 2018 125 73 tia
579 2018 285 73 credibilium:
811 2018 178 73 semper
935 2018 160 73 tamen
1042 2018 125 73 est
1113 2018 160 73 fidei
1220 2018 231 73 permixta:
1398 2018 142 73 quae
1487 2018 160 73 habet
1593 2018 196 73 obscura
1736 2018 249 73 aenigmata:
1931 2018 213 73 quousque
2074 2018 213 73 euacuentur

515 2072 97 71 in
563 2072 178 71 visione
693 2072 178 71 aperta.
822 2072 129 71 Immo
903 2072 146 71 etiam
1000 2072 129 71 ipsa
1081 2072 210 71 naturalis
1243 2072 275 71 intelligentia
1469 2072 146 71 circa
1566 2072 97 71 ea
1615 2072 129 71 quae
1696 2072 243 71 naturaliter
1890 2072 129 71 sunt
1971 2072 307 71 intelligibilia,
2213 2072 81 71 obs

507 2136 136 62 cura
592 2136 119 62 est
660 2136 153 62 circa
762 2136 187 62 cognita
898 2136 119 62 sua
967 2136 204 62 respectu
1120 2136 238 62 claritatis
1307 2136 255 62 cognitionis
1511 2136 136 62 quam
1596 2136 102 62 de
1647 2136 153 62 ipsis
1749 2136 170 62 eisdem
1869 2136 187 62 habebit
2005 2136 102 62 in
2056 2136 187 62 visione
2175 2136 119 62 aper-

513 2187 121 66 ta:
582 2187 104 66 vt
634 2187 121 66 quo
703 2187 104 66 ad
755 2187 138 66 haec
841 2187 155 66 omnia
945 2187 155 66 etiam
1048 2187 259 66 naturaliter
1256 2187 190 66 cognita
1394 2187 104 66 in
1446 2187 138 66 vita
1532 2187 138 66 ista
1618 2187 138 66 sunt
1705 2187 190 66 quaedam
1843 2187 190 66 credita
1981 2187 104 66 in
2033 2187 104 66 eo
2085 2187 138 66 quod
2154 2187 138 66 promit

510 2234 154 74 titur
613 2234 154 74 nobis
715 2234 154 74 eorum
818 2234 154 74 visio
921 2234 188 74 aperta:
1058 2234 103 74 vt
1109 2234 120 74 sic
1178 2234 188 74 nunquam
1315 2234 257 74 intellectus
1520 2234 154 74 citra
1623 2234 171 74 aprtam
1743 2234 206 74 visionem
1897 2234 154 74 fidem
2000 2234 206 74 euacuet:
2154 2234 120 74 sed
2205 2234 86 74 si-

502 2292 123 80 mul
573 2292 176 80 stant:
696 2292 88 80 &
731 2292 263 80 intellectus
942 2292 158 80 fidem
1047 2292 246 80 certificat
1240 2292 88 80 &
1275 2292 263 80 clarificat.
1486 2292 123 80 Nec
1556 2292 158 80 etiam
1662 2292 193 80 proprie
1802 2292 123 80 pro
1872 2292 211 80 tantillo
2031 2292 123 80 quo
2083 2292 211 80 clarificat

517 2356 187 69 euacuat:
658 2356 125 69 quia
736 2356 109 69 non
798 2356 109 69 est
860 2356 172 69 proprie
985 2356 140 69 fides
1079 2356 140 69 eorum
1172 2356 125 69 quae
1250 2356 109 69 non
1313 2356 265 69 intelliguntur
1531 2356 203 69 inquantum
1687 2356 109 69 non
1749 2356 281 69 intelliguntur:
1983 2356 94 69 vt
2030 2356 140 69 fidei
2108 2356 187 69 obscuritas

516 2399 273 74 intelligatur
738 2399 205 74 respectu
892 2399 239 74 claritatis
1079 2399 324 74 intellectionis:
1353 2399 120 74 sed
1421 2399 154 74 eorum
1524 2399 137 74 quae
1609 2399 120 74 non
1677 2399 205 74 videntur
1831 2399 222 74 inquantum
2002 2399 120 74 non
2070 2399 222 74 videntur:
2224 2399 68 74 vt

508 2453 131 75 eius
590 2453 229 75 obscuritas
770 2453 262 75 intelligatur
983 2453 197 75 respectu
1130 2453 229 75 claritatis
1311 2453 213 75 visionis.
1475 2453 131 75 Vnde
1557 2453 279 75 quantuncumque
1786 2453 180 75 credita
1917 2453 148 75 clare
2015 2453 279 75 intelliguntur
2228 2453 66 75 ci

510 2520 109 58 tra
573 2520 203 58 visionem,
729 2520 140 58 nihil
823 2520 156 58 melius
932 2520 109 58 est
994 2520 140 58 fidei
1088 2520 125 58 quam
1166 2520 140 58 prius
1260 2520 94 58 in
1307 2520 187 58 sciente:
1447 2520 109 58 sed
1509 2520 140 58 solum
1603 2520 172 58 certior
1728 2520 109 58 est
1790 2520 94 58 in
1837 2520 140 58 fide:
1931 2520 125 58 quam
2009 2520 250 58 certitudinem
2196 2520 94 58 mere

503 2565 119 73 tur
571 2565 170 73 fides:
690 2565 187 73 dicente
827 2565 187 73 August.
963 2565 204 73 lxxxiii.
1116 2565 119 73 qod
1185 2565 102 73 q.
1236 2565 204 73 lixviii.
1389 2565 119 73 Non
1457 2565 204 73 antequam
1610 2565 187 73 credant
1747 2565 170 73 diuina
1866 2565 153 73 datur
1968 2565 153 73 nosse
2053 2565 239 73 cupientibus.

497 2628 188 67 Merces
629 2628 150 67 enim
723 2628 282 67 cognitionis
949 2628 207 67 meritis
1099 2628 245 67 redditur:
1287 2628 226 67 credendo
1456 2628 169 67 autem
1569 2628 207 67 meritum
1720 2628 282 67 comparatur.
1945 2628 113 67 Et
2002 2628 150 67 ista
2077 2628 207 67 certitudo

502 2675 109 71 iam
565 2675 155 71 habita
673 2675 109 71 cum
735 2675 124 71 fide
813 2675 109 71 est
875 2675 217 71 principium
1046 2675 171 71 amplius
1170 2675 186 71 merendi:
1310 2675 124 71 quam
1387 2675 124 71 fine
1465 2675 140 71 illa.
1558 2675 93 71 Se
1605 2675 155 71 habent
1714 2675 140 71 autem
1807 2675 124 71 illa
1884 2675 140 71 tria,
1977 2675 186 71 credere,
2102 2675 186 71 intellige-

509 2729 120 73 re,
577 2729 85 73 &
611 2729 188 73 videre,
748 2729 256 73 quemadmodum
953 2729 103 73 si
1005 2729 103 73 de
1056 2729 171 73 aliqua
1176 2729 188 73 eclipsi
1312 2729 120 73 iam
1381 2729 205 73 instante
1535 2729 154 73 dicat
1637 2729 188 73 aliquis
1774 2729 120 73 non
1842 2729 188 73 videnti
1979 2729 171 73 illam:
2099 2729 137 73 quia
2167 2729 120 73 iamlu

505 2781 105 72 na
557 2781 262 72 eclipsatur.
767 2781 105 72 si
819 2781 227 72 praesumat
994 2781 105 72 de
1047 2781 210 72 veritate
1204 2781 227 72 dicentis,
1379 2781 175 72 statim
1501 2781 175 72 credit
1624 2781 140 72 quod
1711 2781 122 72 non
1781 2781 157 72 videt
1886 2781 140 72 prae
1973 2781 175 72 oculis
2096 2781 122 72 nec
2148 2781 140 72 intel-

501 2832 167 82 ligit:
618 2832 134 82 quia
702 2832 117 82 per
769 2832 217 82 concursus
936 2832 167 82 motuum
1053 2832 234 82 caelestium
1237 2832 117 82 non
1304 2832 134 82 scit
1388 2832 134 82 quod
1471 2832 100 82 in
1522 2832 134 82 tali
1605 2832 201 82 instanti
1756 2832 100 82 de
1806 2832 251 82 necessitate
2007 2832 167 82 debeat
2124 2832 134 82 luna
2191 2832 100 82 ecli

503 2902 168 66 psari.
621 2902 134 66 Ille
705 2902 134 66 vero
789 2902 118 66 qui
856 2902 118 66 hoc
923 2902 151 66 nouit
1024 2902 134 66 isto
1108 2902 134 66 modo
1192 2902 151 66 lunam
1293 2902 235 66 intelligit
1478 2902 118 66 iam
1545 2902 235 66 eclipsari:
1730 2902 185 66 sciendo
1864 2902 202 66 eclipsim
2015 2902 185 66 aliquam
2150 2902 134 66 esse
2234 2902 101 66 in

503 2955 228 61 singulari
679 2955 158 61 vago:
784 2955 88 61 &
819 2955 123 61 ita
889 2955 105 61 in
941 2955 263 61 vniuersali:
1151 2955 123 61 non
1221 2955 158 61 autem
1326 2955 105 61 in
1379 2955 228 61 singulari
1554 2955 193 61 signato
1694 2955 140 61 nisi
1781 2955 175 61 oculis
1904 2955 140 61 suis
1991 2955 175 61 videat
2114 2955 158 61 illam
2201 2955 88 61 par

508 3013 231 62 ticularia
686 3013 142 62 eius
774 3013 337 62 comprehendendo:
1058 3013 106 62 vt
1111 3013 177 62 dictum
1235 3013 124 62 est
1306 3013 160 62 supra
1413 3013 213 62 secundum
1573 3013 195 62 Auicen.
1714 3013 142 62 Ille
1803 3013 142 62 vero
1892 3013 124 62 qui
1963 3013 160 62 illam
2069 3013 177 62 videt,
2176 3013 106 62 cer-

507 3059 216 70 tissimum
669 3059 270 70 intellectum
884 3059 162 70 habet
992 3059 108 70 de
1046 3059 126 70 hac
1118 3059 198 70 eclipsi
1262 3059 108 70 vt
1316 3059 288 70 particularis
1549 3059 126 70 est
1621 3059 216 70 signata:
1783 3059 108 70 de
1837 3059 126 70 qua
1909 3059 252 70 astrologus
2106 3059 126 70 non
2160 3059 126 70 habet

504 3112 135 66 nisi
588 3112 152 66 fidem
689 3112 135 66 siue
774 3112 236 66 opinionem:
959 3112 202 66 quamquam
1110 3112 101 66 de
1161 3112 101 66 ea
1211 3112 101 66 in
1262 3112 236 66 vniuersali
1447 3112 84 66 &
1481 3112 101 66 in
1531 3112 253 66 particulari
1733 3112 135 66 vago
1818 3112 168 66 habeat
1935 3112 337 66 demonstrationem:
2205 3112 84 66 ita

497 3166 137 86 quod
582 3166 119 86 est
651 3166 154 86 certa
753 3166 273 86 demonstratio
975 3166 102 86 de
1026 3166 239 86 vniuersali
1214 3166 85 86 &
1248 3166 256 86 particulari
1453 3166 154 86 vago:
1555 3166 85 86 &
1589 3166 154 86 fides
1692 3166 137 86 siue
1777 3166 171 86 opinio
1896 3166 102 86 de
1948 3166 256 86 particulari
2135 3166 154 86 signato
