2462 3735
164 239 118 95 ex
223 239 178 95 parte
342 239 296 95 obiectorum:
578 239 296 95 quemadmodum
815 239 256 95 differunt
1012 239 355 95 intellectualis
1308 239 335 95 intelligentia
1584 239 99 95 &
1624 239 237 95 memoria.
1782 239 178 95 Memoria

170 317 140 60 enim
258 317 193 60 dicitur
398 317 123 60 non
468 317 123 60 tam
538 317 105 60 ex
591 317 298 60 conseruatione
836 317 210 60 habituum
994 317 298 60 cognitiuorum:
1239 317 140 60 quam
1327 317 105 60 ex
1380 317 193 60 ratione
1520 317 228 60 simplicis
1695 317 158 60 actus
1783 317 175 60 intelli-

169 372 181 67 gendi:
295 372 90 67 a
331 372 126 67 quo
404 372 217 67 formatur
566 372 163 67 actus
675 372 289 67 intelligendi
909 372 289 67 declaratiuus
1144 372 163 67 verbi
1253 372 217 67 mentalis
1415 372 108 67 vt
1469 372 163 67 alibi
1578 372 307 67 declarauimus.
1831 372 108 67 Et
1867 372 90 67 est

173 429 194 72 eiusdem
315 429 230 72 potentiae
491 429 177 72 omnino
615 429 177 72 moueri
738 429 106 72 ad
791 429 159 72 actum
897 429 283 72 intelligendi
1127 429 194 72 vtroque
1268 429 159 72 modo:
1374 429 230 72 differens
1551 429 106 72 in
1604 429 159 72 nobis
1710 429 141 72 sola
1798 429 194 72 ratione

166 462 158 83 sicut
272 462 88 83 &
307 462 140 83 sola
394 462 193 83 ratione
534 462 193 83 differt
674 462 228 83 obiectum:
849 462 88 83 &
884 462 193 83 eiusdem
1024 462 210 83 virtutis
1182 462 193 83 penitus
1322 462 123 83 est
1392 462 193 83 habitus
1532 462 105 83 in
1584 462 105 83 se
1637 462 245 83 conseruare
1812 462 140 83 quibus

171 521 220 76 faciliter
340 521 203 76 educitur
493 521 102 76 in
544 521 169 76 actus:
662 521 152 76 licet
764 521 102 76 in
815 521 169 76 sensu,
933 521 203 76 alterius
1085 521 203 76 virtutis
1238 521 119 76 est
1306 521 186 76 species
1441 521 237 76 sensibiles
1627 521 237 76 conseruare
1814 521 102 76 vt
1847 521 102 76 memo

166 585 132 72 riae
249 585 248 72 sensibilis:
448 585 83 72 &
481 585 199 72 alterius
630 585 116 72 eis
696 585 165 72 moueri
812 585 99 72 vt
861 585 281 72 imaginatiuae:
1093 585 182 72 quoniam
1225 585 199 72 virtutes
1374 585 149 72 illae
1473 585 132 72 sunt
1556 585 232 72 organicae:
1738 585 83 72 &
1754 585 199 72 necessario

172 640 139 74 alia
259 640 278 74 dispositione
485 640 174 74 organi
607 640 174 74 virtus
728 640 191 74 retinet
867 640 191 74 species
1007 640 87 74 &
1041 640 226 74 immutatur
1215 640 104 74 ab
1268 640 174 74 ipsis.
1389 640 191 74 Propter
1528 640 139 74 quid
1615 640 139 74 alia
1702 640 122 74 est
1772 640 122 74 vis
1824 640 122 74 memo-

167 693 178 56 ratiua
292 693 89 56 &
327 693 285 56 imaginatiua:
559 693 125 56 non
630 693 125 56 sic
701 693 196 56 memoria
844 693 89 56 &
880 693 338 56 intelligentia,.
1164 693 142 56 quia
1253 693 89 56 &
1289 693 214 56 retentio
1449 693 89 56 &
1485 693 232 56 immutatio
1663 693 160 56 fiunt
1770 693 178 56 absque
1877 693 71 56 or

164 739 156 67 gano:
267 739 86 67 &
302 739 173 67 virtus
423 739 207 67 separata
579 739 138 67 nata
665 739 121 67 est
734 739 207 67 reflecti
890 739 121 67 per
959 739 138 67 suum
1045 739 156 67 actum
1149 739 86 67 &
1183 739 156 67 super
1287 739 104 67 se
1339 739 86 67 &
1374 739 156 67 super
1477 739 104 67 id
1529 739 138 67 quid
1616 739 121 67 est
1685 739 104 67 in
1737 739 121 67 se:
1806 739 121 67 non
1858 739 86 67 sic

170 803 178 74 virtus
295 803 231 74 organica.
472 803 142 74 ltem
561 803 107 74 in
615 803 302 74 intelligentia
864 803 160 74 etiam
970 803 320 74 accidentaliter
1237 803 231 74 differunt
1415 803 284 74 scientificum
1646 803 89 74 &
1664 803 284 74 ratiocinatiuum

171 847 103 70 in
222 847 121 70 hoc
291 847 207 70 scilicet
447 847 138 70 quod
533 847 190 70 dicitur
671 847 276 70 scientificum
895 847 224 70 inquantum
1068 847 241 70 principium
1257 847 310 70 intelligentiae
1516 847 155 70 mouet
1619 847 103 70 ex
1671 847 103 70 se
1723 847 224 70 absolute:
1878 847 69 70 ra

164 911 289 73 tiocinatiuum
398 911 235 73 inquantum
579 911 289 73 principiatum
813 911 325 73 intelligentiae
1084 911 162 73 mouet
1192 911 108 73 ex
1246 911 108 73 eo
1301 911 144 73 quod
1391 911 253 73 principium
1589 911 162 73 mouet
1697 911 180 73 prius.
1824 911 108 73 Et
1860 911 90 73 non

172 953 246 77 differunt
361 953 151 77 nisi
456 953 170 77 sicut
569 953 189 77 moueri
702 953 246 77 absolute,
891 953 95 77 &
929 953 189 77 moueri
1061 953 132 77 vno
1137 953 151 77 motu
1231 953 132 77 sub
1307 953 303 77 comparatione
1553 953 113 77 ad
1610 953 189 77 moueri
1742 953 151 77 alio
1818 953 132 77 motu.

171 1008 201 77 Similiter
325 1008 185 77 generale
464 1008 108 77 est
525 1008 93 77 in
572 1008 170 77 omnibus
695 1008 216 77 virtutibus
865 1008 170 77 actiuis
988 1008 123 77 quod
1065 1008 139 77 sudum
1158 1008 247 77 diuersitatem
1358 1008 170 77 modorum
1482 1008 154 77 agendi
1590 1008 139 77 circa
1682 1008 170 77 obiecta
1790 1008 170 77 diuersifi

171 1076 180 67 cantur:
301 1076 114 67 ita
367 1076 131 67 quod
449 1076 278 67 quantuncumque
678 1076 131 67 sint
759 1076 180 67 obiecta
890 1076 196 67 diuersa:
1037 1076 82 67 &
1070 1076 131 67 idem
1152 1076 114 67 est
1217 1076 147 67 modus
1315 1076 164 67 agendi
1430 1076 147 67 circa
1528 1076 114 67 ea:
1593 1076 147 67 eadem
1691 1076 114 67 est
1757 1076 164 67 virtus
1855 1076 98 67 siue

165 1124 221 57 potentia:
335 1124 204 57 secundum
487 1124 136 57 quod
572 1124 221 57 propterea
742 1124 221 57 appetitus
911 1124 237 57 sensitiuus
1098 1124 271 57 distinguitur
1318 1124 102 57 ab
1369 1124 305 57 tintellectiuo:
1624 1124 119 57 non
1692 1124 136 57 quia
1776 1124 136 57 ille
1844 1124 102 57 cir-

163 1176 95 70 ca
211 1176 143 70 bonum
306 1176 255 70 particulare:
513 1176 127 70 iste
593 1176 127 70 vero
672 1176 143 70 circa
768 1176 143 70 bonum
863 1176 127 70 vel:
943 1176 111 70 sed
1006 1176 127 70 quia
1086 1176 95 70 ad
1134 1176 239 70 particulare
1325 1176 143 70 bonum
1420 1176 127 70 quod
1500 1176 111 70 est
1563 1176 207 70 sensibile
1722 1176 143 70 bonum
1802 1176 143 70 mouetur

166 1228 215 74 appetitus
332 1228 248 74 sensibilis:
530 1228 215 74 inquantum
695 1228 116 74 est
761 1228 215 74 sensibile
927 1228 165 74 bonum,
1042 1228 116 74 non
1108 1228 215 74 inquantum
1274 1228 116 74 est
1340 1228 149 74 bonum
1439 1228 264 74 simpliciter.
1654 1228 83 74 &
1687 1228 116 74 hoc
1753 1228 116 74 non
1819 1228 132 74 nisi
1885 1228 66 74 vt

158 1274 170 85 motus
271 1274 94 85 a
309 1274 151 85 tali
403 1274 170 85 bono.
517 1274 113 85 Ad
573 1274 264 85 vniuersale
781 1274 170 85 autem
894 1274 170 85 bonum
1007 1274 207 85 mouetur
1158 1274 245 85 appetitus
1346 1274 264 85 rationalis
1554 1274 245 85 inquantum
1743 1274 132 85 est
1818 1274 170 85 bonum

160 1338 285 73 simpliciter.
392 1338 89 73 &
427 1338 125 73 hoc
498 1338 178 73 absque
623 1338 107 73 eo
676 1338 142 73 quod
765 1338 214 73 moueatur
926 1338 107 73 ab
979 1338 160 73 ipso.
1086 1338 142 73 Vnde
1175 1338 249 73 appetibile
1370 1338 231 73 sensibile
1548 1338 125 73 est
1620 1338 178 73 mouens
1744 1338 125 73 non
1798 1338 142 73 motum.

158 1388 247 77 Appetitus
348 1388 171 77 autem
462 1388 266 77 sensitiuus
670 1388 133 77 est
746 1388 190 77 mouens
879 1388 190 77 motum:
1012 1388 114 77 vt
1069 1388 209 77 dicitur
1221 1388 190 77 tertio
1354 1388 114 77 de
1411 1388 190 77 anima.
1543 1388 247 77 Appetitus
1733 1388 152 77 vero
1809 1388 133 77 ratio

157 1448 166 71 nalis
267 1448 129 71 est
341 1448 185 71 mouens
471 1448 129 71 non
545 1448 166 71 motum
656 1448 203 71 omnino.
804 1448 203 71 Propter
952 1448 148 71 quod
1044 1448 259 71 necessario
1247 1448 148 71 sunt
1340 1448 222 71 diuersae
1506 1448 240 71 potentiae
1691 1448 240 71 appetitus
1858 1448 92 71 sen

149 1502 192 69 sitiuus
288 1502 87 69 &
323 1502 261 69 rationalis.
532 1502 209 69 Vlterius
689 1502 157 69 sicut
793 1502 139 69 sunt
880 1502 209 69 diuersae
1037 1502 244 69 potentiae:
1229 1502 139 69 quia
1316 1502 209 69 secundum
1473 1502 209 69 diuersos
1629 1502 157 69 modos
1734 1502 244 69 generales:

161 1547 270 78 diuersimode
377 1547 216 78 mouentur
538 1547 162 78 circa
646 1547 126 78 sua
718 1547 216 78 obiecta.
880 1547 144 78 Nunc
970 1547 162 78 autem
1077 1547 126 78 ita
1149 1547 126 78 est
1221 1547 144 78 quod
1311 1547 216 78 potentia
1473 1547 180 78 actiua
1599 1547 90 78 &
1635 1547 180 78 motiua
1742 1547 198 78 suiipsius

153 1602 168 65 circa
265 1602 168 65 bonum
377 1602 168 65 primo
489 1602 93 65 &
526 1602 131 65 per
601 1602 112 65 se
657 1602 131 65 est
732 1602 205 65 motiua,
881 1602 93 65 &
918 1602 168 65 prima
1030 1602 261 65 intentione
1235 1602 131 65 sui
1310 1602 187 65 ipsius
1440 1602 112 65 in
1496 1602 168 65 bonum
1608 1602 93 65 &
1646 1602 224 65 commodum
1813 1602 112 65 vt
1869 1602 112 65 in

148 1667 109 64 eo
202 1667 272 64 delectetur.
420 1667 109 64 Et
474 1667 145 64 quia
565 1667 290 64 contrariorum
801 1667 163 64 eadem
909 1667 127 64 est
982 1667 236 64 potentia:
1163 1667 254 64 secundario
1363 1667 91 64 &
1399 1667 199 64 secunda
1544 1667 254 64 intentione
1744 1667 127 64 est
1798 1667 145 64 motiua

146 1714 233 71 suiipsius
326 1714 108 71 in
379 1714 162 71 malum
487 1714 90 71 &
523 1714 251 71 incommodum
720 1714 108 71 ne
774 1714 108 71 ab
828 1714 108 71 eo
882 1714 305 71 contristetur.
1133 1714 126 71 Sed
1205 1714 144 71 quia
1295 1714 162 71 nihil
1403 1714 162 71 natum
1510 1714 126 71 est
1582 1714 215 71 prosequi
1726 1714 215 71 conueniens

152 1765 193 74 propter
293 1765 315 74 delectationem:
556 1765 88 74 &
591 1765 175 74 fugere
713 1765 298 74 disconueniens
959 1765 193 74 propter
1099 1765 350 74 contristationem:
1397 1765 140 74 quid
1484 1765 123 74 non
1554 1765 158 74 habet
1660 1765 193 74 aliquid
1800 1765 140 74 quod
1870 1765 70 74 na

147 1826 132 58 tum
223 1826 132 58 est
298 1826 170 58 ipsum
411 1826 245 58 custodire
600 1826 113 58 vt
657 1826 226 58 pacifice
827 1826 113 58 in
883 1826 151 58 bono
978 1826 189 58 habito
1110 1826 264 58 delectetur
1317 1826 264 58 defendendo
1525 1826 170 58 ipsum
1638 1826 189 58 contra
1751 1826 189 58 nitentia

151 1875 189 73 auferre
288 1875 275 73 delectabile,
512 1875 86 73 &
546 1875 189 73 inferre
684 1875 258 73 tristabile,
890 1875 120 73 aut
958 1875 206 73 volentia
1113 1875 103 73 in
1165 1875 275 73 delectatione
1388 1875 155 73 circa
1491 1875 155 73 bonum
1594 1875 155 73 ipsum
1697 1875 258 73 disturbare:
1886 1875 52 73 &

150 1925 250 65 similiter
342 1925 154 65 quod
438 1925 173 65 natum
553 1925 135 65 est
630 1925 173 65 ipsum
746 1925 115 65 in
803 1925 269 65 expectando
1015 1925 192 65 fouere
1149 1925 96 65 &
1188 1925 211 65 amouere
1341 1925 288 65 impedientia
1572 1925 115 65 ne
1630 1925 173 65 bonum
1745 1925 135 65 non
1802 1925 135 65 habi-

148 1987 133 58 tum
224 1987 171 58 circa
338 1987 152 58 quod
434 1987 286 58 delectandum
662 1987 133 58 est
739 1987 305 58 consequatur,
986 1987 286 58 quemadmodum
1215 1987 191 58 natura
1348 1987 114 58 in
1405 1987 248 58 aliquibus
1596 1987 133 58 non
1672 1987 191 58 posuit
1787 1987 152 58 membra

149 2044 187 66 quibus
280 2044 112 66 in
336 2044 131 66 suo
411 2044 280 66 conuenienti
635 2044 187 66 habent
766 2044 243 66 delectari
953 2044 93 66 &
990 2044 355 66 disconuenientia
1289 2044 206 66 fugere:
1439 2044 131 66 sed
1513 2044 168 66 etiam
1625 2044 187 66 membra
1756 2044 168 66 sicut
1850 2044 93 66 ar-

150 2097 107 51 ma
204 2097 179 51 quibus
329 2097 304 51 impedientibus
579 2097 107 51 in
632 2097 143 51 bono
722 2097 232 51 delectari
900 2097 179 51 habent
1025 2097 250 51 rebellare.
1222 2097 179 51 Primum
1347 2097 125 51 fit
1418 2097 107 51 in
1472 2097 107 51 vi
1525 2097 250 51 appetitiua
1722 2097 125 51 per
1793 2097 125 51 vim
1847 2097 89 51 con

153 2137 295 71 cupiscibilim:
396 2137 208 71 secundum
552 2137 122 71 per
622 2137 122 71 vim
691 2137 278 71 irascibilem.
917 2137 156 71 Quare
1021 2137 122 71 cum
1091 2137 122 71 tam
1160 2137 104 71 in
1212 2137 208 71 appetitu
1369 2137 226 71 rationali
1542 2137 139 71 quam
1629 2137 226 71 sensitiuo
1786 2137 156 71 necesse

149 2189 123 75 est
220 2189 176 75 ponere
343 2189 123 75 vim
414 2189 194 75 aliquam
554 2189 264 75 delectantem
766 2189 106 75 in
819 2189 141 75 bono
907 2189 88 75 &
942 2189 282 75 conuenienti:
1171 2189 88 75 &
1206 2189 211 75 mouentem
1364 2189 106 75 se
1417 2189 106 75 in
1470 2189 158 75 illud
1576 2189 88 75 &
1611 2189 229 75 fugientem
1770 2189 158 75 contra-

146 2246 151 80 rium:
247 2246 134 80 sine
331 2246 118 80 hoc
398 2246 134 80 enim
482 2246 168 80 nullus
600 2246 118 80 est
667 2246 235 80 appetitus:
852 2246 84 80 &
885 2246 134 80 haec
969 2246 118 80 est
1037 2246 118 80 vis
1104 2246 336 80 concupiscibilis:
1389 2246 252 80 necessarium
1591 2246 118 80 est
1658 2246 134 80 ergo
1742 2246 218 80 vtrobique

155 2304 207 68 virtutem
310 2304 328 68 concupiscibilem
586 2304 190 68 ponere:
724 2304 121 68 aut
794 2304 138 68 ille
880 2304 121 68 qui
949 2304 190 68 positus
1087 2304 121 68 est
1156 2304 138 68 esse
1242 2304 224 68 appetitus
1415 2304 121 68 non
1484 2304 121 68 est
1553 2304 173 68 omnino
1674 2304 242 68 appetitus:
1847 2304 86 68 ita

147 2358 132 66 quod
230 2358 248 66 impossibile
428 2358 116 66 sit
494 2358 165 66 ponere
610 2358 198 66 virtutem
759 2358 182 66 aliquam
891 2358 248 66 appetitiuam
1089 2358 149 66 boni:
1188 2358 281 66 quantuncumque
1419 2358 99 66 in
1469 2358 182 66 conmuni
1601 2358 132 66 siue
1683 2358 281 66 quantuncumque

146 2417 107 62 in
200 2417 286 62 particulari:
432 2417 125 62 dum
504 2417 161 62 tamen
611 2417 125 62 sit
683 2417 251 62 appetitiua
880 2417 143 62 boni
969 2417 143 62 quid
1059 2417 125 62 est
1131 2417 161 62 aliud
1238 2417 89 62 a
1274 2417 107 62 se
1327 2417 197 62 propter
1471 2417 107 62 se
1524 2417 89 62 &
1560 2417 143 62 suum
1650 2417 233 62 commodum:
1829 2417 143 62 quin

139 2460 128 66 sit
212 2460 293 66 desideratiua
450 2460 92 66 &
487 2460 330 66 concupiscitiua
761 2460 201 66 illius.
908 2460 201 66 Propter
1054 2460 146 66 quod
1146 2460 128 66 cum
1219 2460 146 66 omne
1310 2460 165 66 aliud
1420 2460 92 66 a
1457 2460 128 66 deo
1530 2460 220 66 appetens
1695 2460 220 66 appetitu
1841 2460 92 66 co-

146 2526 204 66 gnitiuo,
299 2526 102 66 vt
350 2526 153 66 etiam
452 2526 187 66 angelus
588 2526 204 66 appetitu
740 2526 119 66 suo
808 2526 306 66 intellectuali,
1063 2526 187 66 appetat
1199 2526 153 66 bonum
1301 2526 153 66 aliud
1403 2526 85 66 a
1437 2526 119 66 se:
1504 2526 187 66 idcirco
1640 2526 102 66 in
1691 2526 187 66 omnibus
1810 2526 119 66 aliis

149 2578 89 56 a
185 2578 142 56 deo,
274 2578 160 56 etiam
380 2578 107 56 in
434 2578 213 56 angelis:
593 2578 195 56 necesse
736 2578 124 56 est
807 2578 178 56 ponere
931 2578 124 56 vim
1002 2578 355 56 concupiscibilem:
1304 2578 124 56 aut
1375 2578 124 56 non
1446 2578 160 56 esset
1553 2578 107 56 in
1606 2578 124 56 eis
1677 2578 213 56 voluntas
1819 2578 107 56 omni

141 2631 120 68 no.
209 2631 103 68 In
261 2631 137 68 solo
347 2631 154 68 autem
450 2631 120 68 deo
518 2631 120 68 est
587 2631 206 68 voluntas
742 2631 257 68 simpliciter
948 2631 103 68 in
999 2631 189 68 volendo
1136 2631 206 68 seipsum:
1291 2631 86 68 &
1325 2631 154 68 nihil
1428 2631 154 68 aliud
1531 2631 137 68 nisi
1617 2631 189 68 volendo
1754 2631 120 68 se:
1806 2631 120 68 sicut

140 2680 86 62 &
174 2680 155 62 nihil
277 2680 155 62 aliud
381 2680 86 62 a
415 2680 103 62 se
467 2680 138 62 scit
553 2680 138 62 nisi
639 2680 103 62 in
690 2680 189 62 sciendo
828 2680 120 62 se.
897 2680 155 62 Nullo
1000 2680 155 62 autem
1103 2680 138 62 modo
1189 2680 120 62 vis
1258 2680 344 62 concupiscibilis:
1551 2680 138 62 quia
1637 2680 155 62 nihil
1740 2680 155 62 aliud
1843 2680 86 62 a
1860 2680 69 62 se

141 2735 281 61 concupiscit:
370 2735 158 61 neque
475 2735 140 61 agit
563 2735 123 61 per
633 2735 333 61 concupiscentiam
913 2735 193 61 aliquid
1054 2735 158 61 extra
1159 2735 123 61 se.
1229 2735 193 61 dicente
1370 2735 211 61 Auicena.
1527 2735 158 61 viii.
1633 2735 193 61 Metaph.
1756 2735 175 61 Voluntas

140 2794 137 64 eius
226 2794 120 64 est
294 2794 137 64 quae
380 2794 120 64 est
448 2794 171 64 expers
568 2794 309 64 imperfectionis
826 2794 86 64 &
860 2794 189 64 immunis
997 2794 86 64 a
1031 2794 240 64 desiderio.
1220 2794 86 64 &
1254 2794 171 64 infra.
1374 2794 189 64 Volitum
1512 2794 154 64 primi
1614 2794 120 64 non
1683 2794 120 64 est
1752 2794 206 64 secundum

144 2844 186 60 volitum
280 2844 203 60 nostrum:
432 2844 119 60 ita
500 2844 102 60 vt
551 2844 102 60 in
602 2844 102 60 eo
653 2844 136 60 quod
737 2844 119 60 est
805 2844 102 60 ex
856 2844 102 60 eo
907 2844 119 60 sit
975 2844 102 60 ei
1026 2844 220 60 intentio.
1195 2844 102 60 Si
1246 2844 153 60 autem
1348 2844 102 60 in
1398 2844 136 60 omni
1483 2844 203 60 appetitu
1636 2844 186 60 necesse
1771 2844 119 60 est
1822 2844 102 60 pone

134 2893 103 57 re
185 2893 121 57 vim
254 2893 344 57 concupiscibilem:
547 2893 138 57 ergo
633 2893 207 57 secundum
788 2893 121 57 iam
857 2893 155 57 dicta
960 2893 86 57 &
995 2893 121 57 vim
1064 2893 258 57 irascibilem
1271 2893 241 57 defensiuam
1460 2893 155 57 eius.
1563 2893 138 57 Quae
1649 2893 103 57 in
1701 2893 121 57 hoc
1770 2893 103 57 ex
1804 2893 121 57 parte

140 2944 180 60 obiecti
271 2944 229 60 differunt:
451 2944 131 60 quod
533 2944 311 60 concupiscibilis
794 2944 180 60 dicitur
925 2944 131 60 esse
1007 2944 147 60 circa
1105 2944 147 60 bonum
1204 2944 98 60 vt
1253 2944 115 60 est
1318 2944 262 60 delectabile:
1531 2944 131 60 quia
1613 2944 164 60 semper
1728 2944 180 60 appetit
1859 2944 98 60 in

136 3003 134 61 ipso
220 3003 134 61 bono
303 3003 234 61 delectari.
487 3003 250 61 lrascibilis
687 3003 134 61 vero
771 3003 184 61 dicitur
904 3003 134 61 esse
988 3003 150 61 circa
1088 3003 150 61 bonum
1188 3003 184 61 arduum:
1322 3003 134 61 quia
1405 3003 184 61 appetit
1539 3003 100 61 in
1589 3003 134 61 ipso
1673 3003 200 61 superare
1806 3003 117 61 omnia

137 3051 234 67 contraria.
321 3051 117 67 Est
388 3051 134 67 enim
472 3051 251 67 irascibilis
672 3051 167 67 vindex
789 3051 334 67 concupiscibilis.
1073 3051 134 67 Vnde
1157 3051 201 67 secundum
1307 3051 184 67 Auicen.
1441 3051 100 67 in
1491 3051 150 67 fine.
1592 3051 150 67 viii.
1692 3051 184 67 Metaph.
1809 3051 117 67 Perfe

127 3108 127 86 ctio
207 3108 80 86 &
239 3108 143 86 finis
334 3108 127 86 irae
414 3108 191 86 vindicta
557 3108 127 86 est.
637 3108 96 86 vt
684 3108 191 86 secundum
828 3108 111 86 hoc
891 3108 302 86 concupiscibilis
1146 3108 111 86 sit
1210 3108 127 86 ipsa
1289 3108 239 86 principalis
1480 3108 207 86 potentia:
1639 3108 80 86 &
1671 3108 239 86 irascibilis
1846 3108 80 86 sit
