2379 3755
472 190 186 90 quaedam
607 190 118 90 vis
675 190 101 90 in
725 190 135 90 ipsa
810 190 84 90 &
843 190 101 90 ex
894 190 135 90 ipsa
978 190 152 90 orta.
1080 190 135 90 quia
1164 190 135 90 enim
1248 190 321 90 concupiscibilis
1518 190 152 90 amore
1620 190 186 90 appetit
1755 190 219 90 inhaerere
1923 190 253 90 delectabili
2126 190 135 90 quid
2193 190 68 90 po

476 261 139 71 test
562 261 226 71 amittere:
736 261 139 71 ideo
823 261 243 71 necessario
1014 261 104 71 ei
1066 261 121 71 est
1135 261 156 71 timor
1239 261 226 71 amittendi
1413 261 121 71 vel
1482 261 312 71 conturbationis
1742 261 156 71 circa
1847 261 156 71 ipsum
1951 261 208 71 annexus.
2089 261 174 71 Secundum

475 313 127 69 enim
554 313 238 69 Augustinum.
745 313 190 69 lxxxiii,
887 313 127 69 quod
966 313 143 69 quid.
1061 313 174 69 xxxiii.
1188 313 174 69 prorsus
1315 313 143 69 nullo
1410 313 127 69 modo
1489 313 158 69 metuit
1600 313 190 69 quisquis
1743 313 143 69 nihil
1838 313 143 69 aliud
1933 313 143 69 amat:
2028 313 174 69 propter
2155 313 127 69 quid

472 366 237 66 necessario
658 366 135 66 sibi
743 366 152 66 habet
845 366 119 66 vim
912 366 237 66 coniunctam
1099 366 152 66 cuius
1200 366 119 66 est
1268 366 186 66 timorem
1403 366 237 66 repellere:
1590 366 152 66 quasi
1691 366 237 66 famulantem
1877 366 135 66 sibi
1962 366 102 66 in
2013 366 135 66 hoc.
2098 366 135 66 Vnde
2165 366 85 66 si-

481 427 122 71 cut
550 427 104 71 in
602 427 157 71 parte
707 427 226 71 sensitiua
881 427 226 71 passiones
1055 427 261 71 irascibilis
1263 427 209 71 oriuntur
1420 427 87 71 a
1455 427 261 71 passionibus
1664 427 331 71 concupiscibilis
1942 427 87 71 &
1977 427 261 71 terminantur
2185 427 104 71 in

473 478 131 62 eis:
555 478 230 62 irascuntur
735 478 131 62 enim
817 478 197 62 animalia
965 478 115 62 cum
1030 478 263 62 disturbantur
1244 478 82 62 a
1277 478 263 62 delectatione
1490 478 98 62 in
1539 478 312 62 concupiscibili:
1802 478 82 62 &
1834 478 164 62 cessat
1949 478 148 62 eorum
2048 478 115 62 ira
2113 478 115 62 cum
2179 478 115 62 qui

478 535 146 68 escunt
580 535 87 68 in
624 535 102 68 ea:
682 535 160 68 propter
799 535 117 68 quid
872 535 131 68 dicit
959 535 219 68 philosophus
1134 535 87 68 in
1178 535 131 68 libro
1265 535 87 68 de
1309 535 219 68 animalibus:
1484 535 117 68 quod
1557 535 160 68 propter
1673 535 117 68 tria
1746 535 87 68 in
1790 535 146 68 quibus
1892 535 146 68 solent
1994 535 189 68 delectari
2125 535 131 68 pugnant

476 595 193 57 animalia.
625 595 178 57 scilicet
759 595 164 57 propter
878 595 149 57 escam,
982 595 164 57 propter
1101 595 178 57 conitum,
1235 595 74 57 &
1264 595 164 57 propter
1383 595 149 57 nidum:
1488 595 104 57 Sic
1547 595 74 57 &
1577 595 134 57 omnes
1666 595 178 57 actiones
1800 595 223 57 irascibilis
1978 595 178 57 oriuntur
2112 595 89 57 ex
2142 595 119 57 actio-

468 645 144 62 nibus
564 645 320 62 concupiscibilis:
836 645 80 62 &
868 645 96 62 in
916 645 144 62 ipsas
1012 645 240 62 terminantur
1204 645 112 62 tam
1268 645 96 62 ex
1316 645 144 62 parte
1413 645 272 62 intellectiuae
1637 645 128 62 quam
1717 645 96 62 ex
1765 645 144 62 parte
1861 645 240 62 sensitiuae.
2053 645 96 62 Et
2101 645 112 62 sic
2149 645 112 62 sicut

471 701 88 64 in
515 701 191 64 sensitiua
662 701 162 64 necesse
780 701 103 64 est
839 701 147 64 ponere
942 701 191 64 appetitum
1089 701 132 64 alium
1177 701 118 64 quam
1251 701 265 64 intellectiuum:
1471 701 74 64 &
1500 701 250 64 intellectiuum
1706 701 132 64 alium
1795 701 118 64 quam
1868 701 221 64 sensitiuum:
2044 701 103 64 ita
2103 701 118 64 quod
2177 701 88 64 in
2206 701 59 64 ho

466 762 147 64 mine
557 762 220 64 oporteat
723 762 184 64 ponere
851 762 220 64 vtrumque
1016 762 257 64 appetitum:
1218 762 92 64 &
1255 762 129 64 hoc
1329 762 147 64 quia
1420 762 275 64 diuersimode
1641 762 165 64 mouet
1751 762 239 64 appetitus
1935 762 312 64 intellectiuus
2192 762 110 64 ad

475 815 230 68 vniuersale
655 815 164 68 bonum:
770 815 82 68 &
803 815 230 68 sensitiuus
984 815 99 68 ad
1033 815 148 68 bonum
1132 815 263 68 particulare:
1345 815 99 68 in
1394 815 99 68 es
1444 815 197 68 scilicet
1592 815 131 68 quod
1674 815 214 68 appetitus
1838 815 230 68 sensitiuus
2019 815 115 68 non
2084 815 148 68 mouet
2166 815 99 68 nisi

468 868 157 62 motus
572 868 87 62 a
607 868 209 62 sensato:
763 868 139 62 quod
850 868 122 62 non
920 868 157 62 solum
1024 868 191 62 ingerit
1164 868 174 62 organo
1285 868 226 62 sentiendi
1460 868 226 62 passionem
1634 868 244 62 corporalem
1825 868 244 62 sensibilem
2016 868 104 62 vt
2051 868 209 62 sentiatur:

470 925 125 61 sed
542 925 161 61 etiam
649 925 179 61 organo
774 925 232 61 appetendi
953 925 107 61 vt
1006 925 250 61 appetatur:
1203 925 125 61 vel
1275 925 286 61 prosequutiue
1507 925 125 61 vel
1579 925 161 61 fuga.
1686 925 89 61 &
1722 925 125 61 hoc
1793 925 268 61 diuersimode
2008 925 89 61 &
2043 925 107 61 in
2079 925 179 61 diuersis

478 991 191 58 organis
616 991 208 58 secundum
773 991 174 58 motuum
894 991 295 58 diuersitatem.
1137 991 226 58 Appetitus
1311 991 139 58 vero
1397 991 295 58 intellectiuus
1640 991 139 58 quia
1727 991 121 58 non
1796 991 121 58 est
1866 991 226 58 organicus
2039 991 156 58 mouet
2144 991 104 58 se
2178 991 87 58 non

478 1036 154 72 prius
581 1036 154 72 motus
683 1036 103 72 ab
735 1036 171 72 animo:
854 1036 103 72 vt
906 1036 188 72 habitum
1043 1036 120 72 est
1111 1036 171 72 supra.
1231 1036 103 72 Et
1282 1036 120 72 hoc
1351 1036 137 72 quia
1436 1036 103 72 ad
1488 1036 154 72 bonum
1590 1036 240 72 vniuersale
1779 1036 205 72 secundum
1933 1036 137 72 quod
2018 1036 154 72 bonum
2104 1036 154 72 mouetur

474 1093 129 70 quod
555 1093 113 70 est
619 1093 227 70 separatum:
797 1093 81 70 &
830 1093 129 70 ipse
911 1093 210 70 similiter
1073 1093 113 70 est
1137 1093 227 70 separatus:
1315 1093 113 70 non
1380 1093 162 70 virtus
1493 1093 210 70 organica:
1655 1093 97 70 et
1704 1093 129 70 ideo
1785 1093 210 70 persectum
1947 1093 178 70 liberum
2076 1093 210 70 arbitrium

469 1141 194 73 habens.
611 1141 141 73 Quid
699 1141 159 73 autem
805 1141 159 73 mouet
911 1141 177 73 motum:
1035 1141 106 73 de
1088 1141 265 73 necessitate
1300 1141 159 73 mouet
1406 1141 212 73 postquam
1565 1141 177 73 fuerit
1689 1141 177 73 motum.
1813 1141 106 73 Ex
1866 1141 124 73 quo
1937 1141 159 73 patet
2043 1141 212 73 qualiter
2184 1141 71 73 ma

474 1205 111 66 gis
538 1205 206 66 differunt
696 1205 286 66 concupiscibile
934 1205 79 66 &
966 1205 222 66 irascibile
1140 1205 95 66 in
1188 1205 206 66 sensitiuo
1347 1205 127 66 quam
1426 1205 95 66 in
1474 1205 270 66 intellectiuo.
1696 1205 111 66 hoc
1759 1205 127 66 enim
1839 1205 222 66 contingit:
2013 1205 127 66 quia
2076 1205 175 66 sensitiua

484 1264 175 63 virtus
607 1264 158 63 mouet
712 1264 158 63 mota.
817 1264 123 63 lta
887 1264 140 63 quod
975 1264 158 63 licet
1080 1264 193 63 quantum
1220 1264 123 63 est
1290 1264 105 63 ex
1343 1264 140 63 modo
1431 1264 175 63 agendi
1553 1264 88 63 &
1588 1264 193 63 mouendi
1728 1264 123 63 non
1798 1264 140 63 plus
1886 1264 228 63 differunt
2044 1264 210 63 concupisci

476 1308 136 63 bile
561 1308 85 63 &
595 1308 239 63 irascibile
783 1308 102 63 in
834 1308 222 63 sensitiuo
1005 1308 136 63 quam
1090 1308 102 63 in
1141 1308 290 63 intellectiuo:
1380 1308 136 63 quia
1465 1308 154 63 tamen
1568 1308 136 63 sunt
1653 1308 239 63 organicae:
1841 1308 85 63 &
1875 1308 256 63 diuersimode
2062 1308 188 63 patiuntur

472 1369 91 60 &
508 1369 218 60 mouentur
672 1369 109 60 ab
726 1369 200 60 obiecto
871 1369 163 60 prius
980 1369 145 60 quam
1071 1369 218 60 moueant:
1234 1369 109 60 ex
1289 1369 127 60 hoc
1361 1369 236 60 specialem
1543 1369 290 60 differentiam
1779 1369 182 60 habent
1906 1369 109 60 in
1961 1369 236 60 sensitiuo
2142 1369 145 60 quam

474 1419 121 62 non
543 1419 173 62 habent
664 1419 104 62 in
716 1419 294 62 intellectiuo:
958 1419 104 62 vt
1010 1419 104 62 in
1062 1419 225 62 sensitiuo
1235 1419 190 62 proprie
1374 1419 208 62 dicantur
1530 1419 225 62 potentiae
1703 1419 190 62 ratione
1841 1419 260 62 diuersorum:
2049 1419 104 62 in
2084 1419 173 62 intelle-

472 1478 166 61 ctiuo
582 1478 147 61 vero
674 1478 350 61 concupiscibilis
968 1478 129 61 est
1042 1478 221 61 potentia
1207 1478 294 61 principalis:
1447 1478 276 61 irascibilis
1667 1478 166 61 autem
1778 1478 110 61 vt
1833 1478 184 61 dictum
1962 1478 129 61 est
2035 1478 202 61 quaedam
2164 1478 92 61 vis

479 1534 152 72 eius:
581 1534 119 72 lta
648 1534 135 72 quod
733 1534 203 72 voluntas
885 1534 119 72 non
953 1534 119 72 est
1021 1534 169 72 tertia
1139 1534 203 72 potentia
1292 1534 102 72 ab
1343 1534 152 72 istis
1444 1534 169 72 duabus
1563 1534 119 72 sed
1630 1534 220 72 continens
1800 1534 102 72 in
1851 1534 102 72 se
1901 1534 152 72 istas
2003 1534 85 72 &
2037 1534 203 72 contenta
2189 1534 102 72 in

474 1591 132 55 eis.
556 1591 148 55 sicut
655 1591 115 55 nec
721 1591 165 55 tertia
836 1591 198 55 potentia
985 1591 231 55 appetitiua
1166 1591 115 55 est
1232 1591 198 55 communis
1381 1591 99 55 in
1430 1591 214 55 sensitiuo
1595 1591 297 55 concupiscibili
1843 1591 82 55 &
1876 1591 247 55 irascibili:
2074 1591 132 55 quae
2140 1591 115 55 etiam

473 1646 188 69 respectu
615 1646 157 69 suorum
724 1646 157 69 actuum
834 1646 94 69 se
881 1646 157 69 habent
991 1646 141 69 sicut
1085 1646 188 69 potentia
1226 1646 235 69 principalis
1415 1646 78 69 &
1446 1646 110 69 vis
1509 1646 94 69 in
1556 1646 141 69 ipsa,
1650 1646 188 69 qualiter
1791 1646 141 69 etiam
1885 1646 173 69 propter
2011 1646 157 69 eandem
2105 1646 157 69 rationem

480 1703 101 63 vt
531 1703 169 63 dictum
649 1703 118 63 est
717 1703 118 63 qua
785 1703 186 63 necesse
920 1703 118 63 est
987 1703 169 63 ponere
1106 1703 304 63 concupiscibile
1360 1703 85 63 &
1393 1703 237 63 irascibile
1579 1703 101 63 in
1630 1703 203 63 appetitu
1782 1703 220 63 sensitiuo
1952 1703 85 63 &
1985 1703 101 63 in
2019 1703 237 63 intellectiuo

473 1753 119 73 non
541 1753 204 73 obstante
694 1753 136 73 quod
779 1753 204 73 respicit
933 1753 153 73 bonum
1035 1753 204 73 conmune:
1188 1753 119 73 sic
1256 1753 153 73 bonum
1358 1753 119 73 sub
1426 1753 187 73 communi
1562 1753 187 73 ratione
1698 1753 153 73 boni.
1800 1753 119 73 Non
1869 1753 153 73 minus
1971 1753 136 73 enim
2056 1753 136 73 ipsa
2124 1753 136 73 appeti

477 1804 135 82 tiua
561 1804 118 82 vis
629 1804 236 82 conturbari
814 1804 118 82 aut
881 1804 202 82 impediri
1033 1804 168 82 potest
1150 1804 151 82 circa
1251 1804 135 82 suum
1335 1804 168 82 bonum,
1453 1804 135 82 quam
1537 1804 219 82 sensitiua
1706 1804 151 82 circa
1807 1804 151 82 suum.
1908 1804 135 82 Vnde
1992 1804 151 82 sicut
2076 1804 185 82 appetitus

475 1867 240 66 sensibilis
663 1867 137 66 vere
749 1867 189 66 dicitur
886 1867 257 66 irascibilis
1092 1867 103 66 in
1144 1867 223 66 appetendo
1315 1867 223 66 impugnare
1486 1867 154 66 malum
1589 1867 103 66 ex
1641 1867 171 66 impetu
1761 1867 240 66 passionis:
1949 1867 120 66 sic
2018 1867 223 66 appetitus
2189 1867 103 66 in

486 1923 260 68 tellectiuus
694 1923 139 68 vere
781 1923 191 68 dicitur
919 1923 260 68 irascibilis
1127 1923 104 68 in
1180 1923 226 68 appetendo
1353 1923 226 68 impugnare
1526 1923 156 68 malum
1631 1923 104 68 ex
1683 1923 191 68 iudicio
1821 1923 226 68 rationis:
1995 1923 121 68 vel
2064 1923 104 68 ex
2099 1923 156 68 determi

484 1993 176 57 natione
612 1993 176 57 liberae
741 1993 241 57 electionis.
933 1993 96 57 Et
981 1993 144 57 sicut
1077 1993 208 57 similiter
1238 1993 208 57 appetitus
1398 1993 241 57 sensibilis,
1590 1993 176 57 proprie
1719 1993 176 57 dicitur
1847 1993 305 57 concupiscibilis
2104 1993 96 57 in
2136 1993 112 57 concu

478 2030 195 78 piscendo
624 2030 211 78 delectari
786 2030 97 78 in
835 2030 130 78 bono
916 2030 97 78 ex
964 2030 162 78 impetu
1078 2030 227 78 passionis:
1256 2030 114 78 sic
1321 2030 211 78 appetitus
1484 2030 292 78 intellectiuus,
1727 2030 178 78 proprie
1857 2030 178 78 dicitur
1970 2030 276 78 concupiscibilis

480 2088 101 64 in
531 2088 219 64 appetendo
699 2088 219 64 adhaerere
868 2088 135 64 bono
952 2088 101 64 ex
1003 2088 185 64 iudicio
1138 2088 219 64 rationis,
1306 2088 118 64 vel
1373 2088 101 64 ex
1424 2088 303 64 determinatione
1677 2088 185 64 liberae
1812 2088 253 64 electionis.
2014 2088 101 64 vt
2065 2088 101 64 in
2098 2088 152 64 intelle

476 2151 148 66 ctiuo
574 2151 296 66 concupiscibili
821 2151 181 66 ponamus
952 2151 230 66 charitatem
1133 2151 82 66 &
1166 2151 181 66 amorem:
1298 2151 99 66 in
1347 2151 230 66 irascibili
1528 2151 148 66 spem.
1626 2151 99 66 Et
1676 2151 115 66 per
1741 2151 115 66 hoc
1807 2151 197 66 voluntas
1955 2151 247 66 concupiscit
2136 2151 115 66 talia

479 2197 131 71 bona:
567 2197 87 71 ad
610 2197 116 71 quae
683 2197 102 71 non
741 2197 145 71 possit
842 2197 145 71 moueri
944 2197 102 71 per
1002 2197 189 71 appetitum
1147 2197 218 71 sensitiuum:
1321 2197 102 71 nec
1379 2197 174 71 consequi
1509 2197 145 71 ipsum:
1611 2197 87 71 vt
1654 2197 218 71 sapientiam,
1828 2197 189 71 virtutes,
1973 2197 73 71 &
2002 2197 131 71 caeta
2089 2197 189 71 huiusmodi

475 2256 89 77 Et
520 2256 194 77 similiter
669 2256 194 77 irascitur
818 2256 149 77 contra
922 2256 134 77 talia
1012 2256 134 77 mala,
1101 2256 149 77 contra
1206 2256 119 77 quae
1280 2256 104 77 non
1340 2256 149 77 posset
1444 2256 239 77 sufficienter
1638 2256 149 77 moueri
1742 2256 104 77 per
1802 2256 224 77 irascibilem
1981 2256 209 77 sensitiuam
2145 2256 89 77 vt
2174 2256 75 77 con

480 2316 104 68 tra
539 2316 148 68 vitia:
643 2316 104 68 ita
703 2316 133 68 etiam
792 2316 119 68 quod
866 2316 119 68 etsi
940 2316 133 68 odium
1029 2316 178 68 vitiorum
1162 2316 208 68 pertineret
1326 2316 89 68 ad
1370 2316 282 68 concupiscibilem
1607 2316 222 68 rationalem:
1785 2316 163 68 propter
1904 2316 133 68 tamen
1993 2316 133 68 eorum
2067 2316 178 68 impugnatio

482 2370 113 71 nem
546 2370 225 71 necessaria
723 2370 113 71 est
788 2370 97 71 ei
836 2370 113 71 vis
901 2370 242 71 irascibilis
1094 2370 193 71 exequens
1239 2370 274 71 impugnationis
1464 2370 161 71 actum.
1577 2370 129 71 Quia
1657 2370 145 71 autem
1754 2370 129 71 isti
1834 2370 113 71 duo
1899 2370 209 71 appetitus
2060 2370 129 71 sunt
2140 2370 97 71 in
2189 2370 97 71 in

480 2415 214 73 tellectiua
648 2415 153 73 parte,
754 2415 137 73 etiam
846 2415 229 73 experientia
1029 2415 153 73 docet.
1136 2415 107 73 Nam
1197 2415 137 73 saepe
1289 2415 275 73 concupiscibili
1517 2415 76 73 &
1548 2415 198 73 voluntate
1701 2415 198 73 rationali
1853 2415 168 73 volente
1975 2415 198 73 quiescere
2128 2415 92 73 in
2158 2415 92 73 dele

477 2484 202 68 ctatione
629 2484 320 68 contemplationis
898 2484 151 68 circa
999 2484 135 68 bona
1083 2484 185 68 gratiae
1218 2484 101 68 et
1268 2484 202 68 gloriae:
1419 2484 202 68 insurgit
1571 2484 118 68 per
1638 2484 151 68 odium
1739 2484 101 68 ad
1790 2484 252 68 impugnandum
1992 2484 202 68 actionem
2126 2484 118 68 alio-

475 2525 111 70 rum
539 2525 207 70 vitiosam:
698 2525 95 70 et
746 2525 207 70 disturbat
905 2525 175 70 quietem
1032 2525 302 70 concupiscibilis
1286 2525 159 70 contra
1398 2525 127 70 eius
1477 2525 286 70 inclinationem,
1716 2525 127 70 quid
1796 2525 111 70 non
1859 2525 159 70 posset
1971 2525 127 70 esse
2050 2525 95 70 si
2098 2525 95 70 ad
2146 2525 143 70 vnanm

478 2592 212 62 simplicem
641 2592 196 62 rationem
788 2592 179 62 mouendi
918 2592 114 62 aut
983 2592 212 62 appetendi
1146 2592 261 62 pertinerent.
1358 2592 130 62 Vnde
1440 2592 98 62 et
1489 2592 147 62 sicut
1586 2592 98 62 in
1635 2592 228 62 sensitiua,
1815 2592 114 62 sic
1880 2592 98 62 et
1929 2592 98 62 in
1978 2592 261 62 intellectiua
2173 2592 82 62 con

477 2635 240 68 cupiscentia
669 2635 176 68 intensa
798 2635 176 68 mitigat
926 2635 256 68 irascibilem,
1134 2635 80 68 &
1166 2635 80 68 a
1198 2635 112 68 suo
1262 2635 208 68 proposito
1423 2635 176 68 reuocat
1551 2635 192 68 saepius:
1695 2635 96 68 et
1743 2635 224 68 econuerso:
1919 2635 144 68 licet
2016 2635 96 68 in
2048 2635 208 68 appetitufre

482 2695 181 73 quenter
613 2695 231 73 concordet:
795 2695 132 73 quia
877 2695 247 73 irascibilis
1075 2695 115 73 non
1141 2695 115 73 est
1207 2695 99 73 vt
1257 2695 165 73 dictum
1372 2695 115 73 est
1438 2695 132 73 nisi
1520 2695 264 73 propugnatrix
1735 2695 82 73 &
1768 2695 247 73 defensatrix
1949 2695 297 73 concupiscililis.

486 2743 114 73 Quia
557 2743 129 73 autem
643 2743 186 73 differunt
786 2743 86 73 vt
829 2743 114 73 sunt
901 2743 86 73 in
944 2743 229 73 intellectiua
1130 2743 129 73 parte
1216 2743 72 73 &
1244 2743 200 73 sensitiua,
1402 2743 86 73 ex
1445 2743 100 73 hoc
1502 2743 143 73 patet:
1602 2743 114 73 quia
1674 2743 172 73 secundum
1802 2743 114 73 quod
1874 2743 129 73 dicit
1960 2743 215 73 philosophus
2132 2743 86 73 in
2160 2743 86 73 iii.

473 2808 93 66 de
520 2808 155 66 anima:
629 2808 218 66 multotiens
800 2808 233 66 intellectus
987 2808 109 66 non
1049 2808 140 66 iubet
1142 2808 171 66 timere:
1266 2808 109 66 ita
1329 2808 124 66 quod
1406 2808 109 66 nec
1469 2808 233 66 irascibilis
1655 2808 78 66 &
1686 2808 280 66 intelligibilis
1919 2808 155 66 mouet:
2028 2808 109 66 sed
2091 2808 187 66 passione

482 2858 159 70 quadam
594 2858 175 70 timoris
721 2858 111 70 cor
785 2858 191 70 mouetur:
928 2858 80 70 &
960 2858 207 70 sensitiua
1119 2858 239 70 irascibilis
1310 2858 175 70 nititur
1438 2858 96 70 se
1485 2858 96 70 ad
1533 2858 143 70 fugam
1629 2858 175 70 mouere.
1756 2858 96 70 Et
1804 2858 175 70 econtra
1931 2858 255 70 praecipiente
2123 2858 127 70 intel-

481 2911 139 72 lectu
573 2911 77 72 &
604 2911 170 72 ducente
728 2911 154 72 fugere
836 2911 185 72 aliquid,
975 2911 108 72 aut
1037 2911 201 72 prosequi,
1191 2911 108 72 non
1253 2911 185 72 mouetur:
1392 2911 108 72 sed
1454 2911 185 72 secundum
1593 2911 294 72 concupiscentiam
1840 2911 216 72 sensitiuam
2010 2911 139 72 agit:
2103 2911 93 72 vt
2133 2911 124 72 patetu

482 2964 91 74 in
527 2964 228 74 continente:
710 2964 121 74 quia
785 2964 106 74 non
846 2964 106 74 est
907 2964 197 74 scientiae
1059 2964 137 74 agere
1150 2964 182 74 secundum
1286 2964 213 74 scientiam:
1453 2964 106 74 sed
1514 2964 197 74 appetitus
1666 2964 258 74 intellectiui.
1878 2964 121 74 Vnde
1954 2964 137 74 neque
2045 2964 197 74 appetitus
2182 2964 76 74 sen

480 3018 168 75 sitiuus
602 3018 168 75 dominus
724 3018 107 75 est
786 3018 199 75 huiusmodi
939 3018 138 75 motus
1030 3018 122 75 nisi
1107 3018 138 75 velit
1199 3018 214 75 consentire
1367 3018 199 75 appetitus
1520 3018 291 75 intellectualis.
1765 3018 153 75 Potest
1872 3018 138 75 tamen
1963 3018 199 75 contraire
2116 3018 76 75 &
2132 3018 122 75 tenere

481 3070 205 83 appetitum
639 3070 237 83 sensitiuum.
829 3070 237 83 Abstinentes
1018 3070 126 83 enim
1097 3070 79 83 &
1129 3070 284 83 concupiscentes
1366 3070 284 83 concupiscentia
1603 3070 205 83 sensitiua
1761 3070 111 83 non
1824 3070 205 83 operantur
1982 3070 95 83 ea
2030 3070 158 83 quorum
2125 3070 126 83 habent

468 3127 231 77 appetitum:
649 3127 115 77 sed
715 3127 115 77 per
781 3127 214 77 appetitum
946 3127 297 77 intellectualem
1193 3127 214 77 sequuntur
1358 3127 264 77 intellectum.
1572 3127 247 77 Intellectus
1770 3127 132 77 enim
1852 3127 115 77 non
1918 3127 148 77 mouet
2017 3127 132 77 sine
2083 3127 165 77 appetitu
