2402 3650
25 210 199 149 Voluntas
175 210 133 149 enim
258 210 216 149 appetitus
424 210 133 149 est.
507 210 100 149 Et
557 210 183 149 accidit
690 210 266 149 contrarietas
905 210 100 149 in
955 210 149 149 istis
1055 210 249 149 appetitibus
1254 210 183 149 propter
1387 210 149 149 aliam
1487 210 199 149 rationem
1636 210 133 149 boni
1702 210 100 149 appe

24 285 176 115 tibilis
152 285 207 115 mouentis:
311 285 128 115 quia
391 285 96 115 vt
439 285 144 115 dicit
535 285 176 115 ibidem,
662 285 239 115 intellectus
854 285 176 115 propter
981 285 176 115 futurum
1109 285 207 115 retrahere
1269 285 160 115 iubet.
1380 285 287 115 Concupiscentia
1620 285 144 115 autem
1715 285 112 115 pro

30 341 126 124 pter
109 341 142 124 ipsum
204 341 111 124 iam
267 341 174 124 propter
394 341 126 124 quod
473 341 158 124 vincit
583 341 205 124 aliquando
741 341 300 124 deliberationem.
994 341 284 124 Intellectualis
1231 341 142 124 tamen
1326 341 205 124 appetitus
1484 341 190 124 superior
1626 341 111 124 est
1689 341 79 124 &
1705 341 95 124 prin

33 383 205 117 cipalior:
191 383 79 117 &
223 383 158 117 semper
333 383 158 117 vincit
444 383 205 117 appetitum
602 383 221 117 inferiorem
776 383 111 117 cum
839 383 142 117 vult.
934 383 95 117 AD
981 383 158 117 primum
1092 383 190 117 dicendum
1234 383 221 117 concedendo
1408 383 126 117 quod
1487 383 111 117 non
1550 383 142 117 solum
1645 383 95 117 in
1676 383 111 117 intel

39 449 177 114 lectiua
168 449 145 114 parte
264 449 129 114 sunt
345 449 290 114 concupiscibile
586 449 81 114 &
619 449 242 114 irascibile:
812 449 129 114 quia
892 449 242 114 naturaliter
1086 449 129 114 sunt
1166 449 97 114 in
1214 449 225 114 substantia
1391 449 161 114 animae
1504 449 242 114 rationalis:
1697 449 81 114 &
1713 449 81 114 hoc

31 489 242 133 naturaliter
224 489 193 133 antequam
369 489 177 133 corpori
498 489 210 133 miscetur:
660 489 113 133 Sic
724 489 129 133 enim
805 489 161 133 insunt
917 489 97 133 ei
966 489 81 133 &
998 489 145 133 vires
1095 489 242 133 sensitiuae:
1288 489 97 133 vt
1337 489 177 133 habetur
1465 489 97 133 in
1514 489 145 133 eodem
1611 489 161 133 libro:
1723 489 113 133 sed

36 540 125 127 quia
115 540 157 127 aliter
224 540 157 127 insunt
334 540 219 127 sensitiuae
506 540 78 127 &
538 540 157 127 manent
647 540 94 127 in
694 540 94 127 ea
741 540 204 127 separata:
898 540 157 127 aliter
1008 540 282 127 intellectiuae,
1243 540 125 127 quia
1321 540 141 127 illae
1415 540 94 127 in
1462 540 141 127 anima
1556 540 188 127 separata
1682 540 125 127 manent

42 594 140 129 solum
136 594 140 129 sicut
229 594 93 129 in
276 594 171 129 radice:
401 594 109 129 sed
463 594 265 129 intellectiuae
681 594 156 129 manent
790 594 140 129 etiam
883 594 93 129 in
930 594 109 129 suo
992 594 202 129 effectum:
1148 594 125 129 quod
1226 594 218 129 intellexit
1397 594 125 129 illa
1475 594 234 129 auctoritas.
1646 594 156 129 Secundum

49 662 225 113 simpliciter
229 662 225 113 concedendum
409 662 120 113 est.
484 662 90 113 AD
529 662 165 113 tertium
649 662 90 113 in
694 662 195 113 oppositum
844 662 90 113 de
889 662 225 113 philosopho:
1068 662 120 113 quod
1143 662 210 113 irascibile
1308 662 75 113 &
1338 662 270 113 concupiscibile
1563 662 195 113 pertinent
1713 662 90 113 ad
1743 662 60 113 ra

50 700 160 121 tionale
167 700 102 121 per
225 700 292 121 participationem:
473 700 146 121 potest
575 700 117 121 dici
648 700 175 121 secundum
779 700 117 121 quod
852 700 131 121 alibi
940 700 248 121 declarauimus:
1144 700 117 121 quod
1216 700 131 121 etiam
1304 700 189 121 appetitus
1450 700 262 121 intellectualis
1668 700 175 121 secundum

50 752 136 128 ipsum
140 752 166 128 dicitur
261 752 196 128 rationale
412 752 106 128 per
473 752 287 128 principationem.
714 752 106 128 Vel
774 752 151 128 potest
880 752 121 128 dici
956 752 121 128 quod
1031 752 136 128 aliam
1122 752 211 128 sententiam
1288 752 91 128 de
1333 752 196 128 libertate
1484 752 181 128 arbitrii
1620 752 91 128 in
1650 752 166 128 voluntate

58 805 146 124 debent
161 805 146 124 tenere
263 805 205 124 catholici:
424 805 117 124 quam
497 805 146 124 tenuit
599 805 234 124 philosophus.
789 805 117 124 lpse
863 805 117 124 enim
936 805 146 124 posuit
1038 805 117 124 quod
1111 805 175 124 voluntas
1243 805 102 124 non
1301 805 132 124 esset
1389 805 146 124 liberi
1491 805 175 124 arbitrii
1623 805 117 124 nisi
1696 805 117 124 ante
1755 805 58 124 ra

58 856 169 130 tionis
177 856 322 130 determinationem
448 856 85 130 &
482 856 203 130 iudicium
634 856 136 130 siue
719 856 237 130 sententiam
905 856 119 130 aut
973 856 220 130 dictamen.
1142 856 85 130 &
1176 856 119 130 hoc
1244 856 203 130 respectu
1396 856 254 130 intellectus
1600 856 119 130 seu
1651 856 169 130 rationis

60 909 134 122 quia.
149 909 178 122 scilicet
283 909 149 122 potest
387 909 223 122 intellectum
565 909 149 122 mouere
670 909 89 122 ad
714 909 238 122 discernendum
907 909 119 122 quid
982 909 163 122 agendum
1101 909 74 122 &
1130 909 119 122 quid
1205 909 104 122 non
1264 909 178 122 agendum.
1398 909 89 122 Et
1442 909 119 122 ideo
1517 909 119 122 ipsa
1591 909 149 122 potest
1680 909 134 122 discer-

66 969 125 118 nere
145 969 78 118 &
176 969 109 118 non
238 969 234 118 discernere:
426 969 141 118 quare
520 969 141 118 etiam
613 969 188 118 voluntas
754 969 141 118 agere
848 969 125 118 quae
926 969 109 118 non
989 969 141 118 agit:
1082 969 78 118 &
1114 969 109 118 non
1176 969 141 118 agere
1270 969 125 118 quae
1348 969 141 118 agit.
1442 969 109 118 Sed
1504 969 125 118 post
1583 969 188 118 iudicium
1708 969 109 118 ratio

59 1013 104 123 nis
118 1013 148 123 posuit
222 1013 207 123 voluntatem
385 1013 89 123 de
430 1013 222 123 necessitate
607 1013 133 123 sequi
696 1013 178 123 iudicium
829 1013 193 123 rationis:
978 1013 104 123 non
1037 1013 222 123 coactionis:
1215 1013 104 123 sed
1274 1013 281 123 immutabilitatis
1511 1013 178 123 cuiusdam
1644 1013 133 123 quasi
1718 1013 104 123 potes

64 1067 108 121 dus
125 1067 185 121 quoddam:
264 1067 232 121 quemadmodum
449 1067 139 121 etiam
542 1067 77 121 &
573 1067 201 121 appetitus
727 1067 216 121 sensitiuus
897 1067 216 121 necessario
1067 1067 185 121 sequitur
1206 1067 139 121 motum
1298 1067 77 121 a
1329 1067 185 121 sensato.
1468 1067 93 121 Et
1514 1067 123 121 ideo
1591 1067 139 121 dixit
1684 1067 108 121 in.
1730 1067 93 121 iii.

69 1123 91 119 de
114 1123 151 119 anima.
220 1123 106 119 Cum
280 1123 181 119 secundum
416 1123 181 119 rationem
552 1123 181 119 mouetur,
688 1123 76 119 &
718 1123 181 119 secundum
854 1123 211 119 voluntatem
1020 1123 181 119 mouetur.
1156 1123 196 119 Appetitus
1307 1123 136 119 autem
1398 1123 211 119 sensibilis
1564 1123 136 119 mouet
1655 1123 166 119 praeter
1761 1123 60 119 ra

67 1181 163 124 tionem.
186 1181 163 124 Quoniam
304 1181 133 124 autem
393 1181 193 124 appetitus
541 1181 119 124 sunt
616 1181 193 124 contrarii
764 1181 208 124 adinuicem:
927 1181 193 124 sensibili
1075 1181 178 124 scilicet
1208 1181 74 124 &
1238 1181 282 124 intellectualis:
1475 1181 104 124 hoc
1535 1181 163 124 accidit
1653 1181 104 124 cum
1712 1181 133 124 ratio
1787 1181 44 124 &

70 1228 292 122 concupiscentiae
315 1228 215 122 sensitiuae
484 1228 215 122 contrariae
653 1228 138 122 sunt:
746 1228 138 122 quasi
838 1228 200 122 appetitus
991 1228 215 122 voluntatis
1160 1228 138 122 nullo
1253 1228 123 122 modo
1329 1228 154 122 possit
1437 1228 123 122 esse
1514 1228 215 122 contrarius
1667 1228 154 122 rationi.

88 1290 124 114 Vnde
165 1290 170 114 subdit.
288 1290 139 114 Vtrum
381 1290 124 114 enim
458 1290 124 114 agat
536 1290 108 114 hoc
597 1290 108 114 aut
659 1290 108 114 hoc
721 1290 108 114 iam
783 1290 185 114 rationis
922 1290 124 114 opus
999 1290 124 114 est:
1076 1290 77 114 &
1107 1290 170 114 necesse
1231 1290 108 114 est
1293 1290 108 114 vne
1354 1290 185 114 scilicet
1494 1290 216 114 intellectu
1648 1290 170 114 mensurari

69 1339 130 113 quid
150 1339 163 113 potius
264 1339 114 113 sic
329 1339 179 113 agendum
460 1339 130 113 est.
541 1339 147 113 Maius
639 1339 130 113 enim
721 1339 81 113 &
753 1339 163 113 melius
867 1339 130 113 siue
949 1339 163 113 potius
1063 1339 179 113 agendum
1193 1339 196 113 secundum
1340 1339 196 113 iudicium
1487 1339 196 113 rationis
1633 1339 196 113 sequitur
1764 1339 65 113 vo

73 1381 182 126 luntas.
206 1381 182 126 Propter
339 1381 133 126 quod
422 1381 166 126 nullam
538 1381 265 126 differentiam
754 1381 100 126 in
803 1381 149 126 motus
903 1381 232 126 executione
1085 1381 100 126 ad
1135 1381 265 126 prosequendum
1351 1381 116 126 vel
1417 1381 216 126 fugiendum
1583 1381 116 126 per
1633 1381 199 126 concupisci

81 1435 150 134 bilem,
186 1435 105 134 vel
246 1435 90 134 ad
291 1435 225 134 impugnandum
472 1435 105 134 aut
532 1435 225 134 defendendum
712 1435 105 134 per
772 1435 225 134 irascibilem
952 1435 150 134 potest
1058 1435 225 134 philosophus
1238 1435 150 134 ponere
1343 1435 90 134 ex
1388 1435 135 134 parte
1478 1435 225 134 voluntatis.
1659 1435 165 134 quoniam
1779 1435 90 134 ha

73 1500 118 113 rum
141 1500 169 113 virium
259 1500 254 113 differentia
462 1500 220 113 solummodo
632 1500 220 113 consistit
801 1500 102 113 in
852 1500 169 113 operis
970 1500 186 113 diuersa
1105 1500 85 113 &
1139 1500 254 113 diuersimode
1342 1500 254 113 executione.
1545 1500 118 113 Nos
1613 1500 152 113 autem
1715 1500 118 113 qui
1765 1500 68 113 po

75 1544 139 119 nimus
167 1544 123 119 quod
244 1544 185 119 voluntas
383 1544 139 119 manet
475 1544 154 119 libera
583 1544 139 119 etiam
675 1544 123 119 post
752 1544 231 119 intellectus
937 1544 108 119 vel
998 1544 185 119 rationis
1137 1544 308 119 determinationem,
1399 1544 92 119 ad
1445 1544 108 119 opu
1507 1544 185 119 scilicet
1645 1544 216 119 exequendum

92 1596 112 123 vel
156 1596 112 123 non
220 1596 240 123 exequendum,
412 1596 80 123 &
444 1596 96 123 ad
492 1596 240 123 assequendum
683 1596 240 123 diuersimode
875 1596 96 123 in
923 1596 208 123 fugiendo,
1083 1596 80 123 &
1115 1596 240 123 persequendo
1307 1596 112 123 vel
1371 1596 240 123 defendendo,
1562 1596 112 123 vel
1626 1596 240 123 impugnando:

79 1658 125 107 bene
158 1658 188 107 possumus
299 1658 235 107 distinguere
487 1658 204 107 appetitum
644 1658 282 107 intellectualem
879 1658 94 107 in
926 1658 282 107 concupiscibile
1162 1658 282 107 intellectuale,
1397 1658 78 107 &
1428 1658 220 107 irascibile
1585 1658 251 107 intellectuale:

85 1700 81 121 &
117 1700 178 121 debemus
246 1700 194 121 secundum
392 1700 161 121 dictam
504 1700 307 121 determiationem.
763 1700 97 121 Et
811 1700 129 121 quod
892 1700 113 121 sic
956 1700 161 121 debeat
1069 1700 210 121 distingui
1231 1700 226 121 manifestat
1408 1700 194 121 operatio
1554 1700 194 121 diuersa.
1699 1700 129 121 Quia
1763 1700 81 121 cum

88 1762 191 122 voluntas
231 1762 159 122 libere
343 1762 80 122 &
374 1762 207 122 libertate
534 1762 143 122 eadem
629 1762 191 122 vtrumque
772 1762 127 122 opus
852 1762 207 122 exequitur
1011 1762 80 122 &
1043 1762 207 122 refrenat:
1202 1762 207 122 appetitus
1361 1762 143 122 autem
1456 1762 223 122 sensitiuus
1631 1762 239 122 necessario:

88 1810 109 120 non
151 1810 140 120 tamen
244 1810 140 120 eadem
337 1810 233 120 necessitate
524 1810 202 120 exequitur
679 1810 124 120 opus
757 1810 124 120 suum
835 1810 296 120 concupiscibilis
1084 1810 78 120 &
1115 1810 249 120 irascibilis:
1317 1810 124 120 quia
1395 1810 124 120 alia
1473 1810 78 120 &
1504 1810 124 120 alia
1582 1810 233 120 necessitate
1753 1810 93 120 quan

87 1859 110 132 tum
150 1859 110 132 est
213 1859 94 132 ex
260 1859 94 132 se
307 1859 236 132 irascibilis
496 1859 79 132 &
527 1859 299 132 concupiscibilis
779 1859 283 132 necessitantur:
1015 1859 94 132 eo
1062 1859 126 132 quod
1141 1859 126 132 alia
1219 1859 79 132 &
1251 1859 126 132 alia
1329 1859 157 132 passio
1439 1859 94 132 in
1486 1859 126 132 alio
1565 1859 79 132 &
1596 1859 126 132 alio
1675 1859 173 132 organo.
1785 1859 63 132 Ex

96 1916 193 131 passione
241 1916 129 131 enim
321 1916 129 131 quae
402 1916 193 131 iralest,
547 1916 177 131 mouetur
676 1916 258 131 irascibilis.
885 1916 113 131 Est
950 1916 129 131 enim
1030 1916 193 131 secundum
1175 1916 177 131 Damasc.
1304 1916 113 131 ira
1369 1916 161 131 feruor
1481 1916 209 131 sanguinis
1643 1916 145 131 circa
1739 1916 113 131 cor
1788 1916 64 131 ex

98 1980 246 101 vaporatione
295 1980 164 101 fellis
409 1980 181 101 propter
541 1980 164 101 sensum
656 1980 328 101 disconuenientis.
935 1980 98 101 Ex
984 1980 197 101 passione
1132 1980 131 101 vero
1214 1980 279 101 delectationis
1444 1980 181 101 mouetur
1559 1980 295 101 concupiscibilis.

104 2019 119 125 Est
172 2019 136 125 enim
257 2019 238 125 delectatio
444 2019 289 125 temparamentum
683 2019 221 125 sanguinis
853 2019 153 125 circa
955 2019 119 125 cor
1023 2019 102 125 ex
1074 2019 255 125 vaporatione
1278 2019 187 125 splenis
1414 2019 187 125 propter
1551 2019 170 125 sensum
1653 2019 204 125 conuenien-

103 2067 137 125 tis.
188 2067 103 125 In
240 2067 171 125 splene
360 2067 137 125 enim
445 2067 120 125 est
513 2067 188 125 sanguis
650 2067 274 125 dulcissimus:
873 2067 137 125 quia
958 2067 120 125 fel
1027 2067 222 125 dependens
1198 2067 103 125 ab
1249 2067 103 125 eo
1300 2067 86 125 &
1335 2067 205 125 connexus
1489 2067 103 125 ei
1540 2067 171 125 suggit
1660 2067 103 125 ex
1711 2067 103 125 eo
1745 2067 120 125 omnem

103 2129 295 117 amaritudinem.
345 2129 139 117 Vnde
432 2129 139 117 quia
519 2129 156 117 aliud
623 2129 87 117 &
658 2129 156 117 aliud
762 2129 121 117 est
831 2129 243 117 principium
1022 2129 156 117 motus
1126 2129 104 117 in
1178 2129 208 117 appetitu
1334 2129 225 117 sensibili
1507 2129 243 117 irascibili
1698 2129 87 117 &
1715 2129 139 117 concu-

121 2173 228 133 piscibili:
300 2173 130 133 idem
381 2173 146 133 autem
479 2173 98 133 in
527 2173 195 133 appetitu
674 2173 228 133 rationalis
853 2173 244 133 irascibilis
1048 2173 81 133 &
1080 2173 325 133 concupiscibilis:
1357 2173 98 133 in
1406 2173 114 133 hoc
1471 2173 146 133 magis
1568 2173 211 133 differunt
1715 2173 146 133 irasci-

112 2229 130 126 bilis
198 2229 72 126 &
227 2229 274 126 concupiscibilis
457 2229 173 126 secundum
587 2229 115 126 quod
659 2229 115 126 sunt
731 2229 158 126 partes.
846 2229 187 126 appetitus
990 2229 216 126 sensibilis:
1163 2229 115 126 quam
1235 2229 173 126 secundum
1364 2229 115 126 quod
1436 2229 115 126 sunt
1508 2229 144 126 partes
1609 2229 202 126 rationalis
1753 2229 115 126 appeti

114 2282 131 122 tus.
196 2282 180 122 Propter
327 2282 131 122 quod
409 2282 197 122 secundum
556 2282 197 122 conmunem
704 2282 131 122 vsum
786 2282 148 122 etiam
884 2282 213 122 sanctorum
1048 2282 148 122 magis
1147 2282 279 122 distinguuntur
1376 2282 246 122 irascibilis
1573 2282 82 122 &
1589 2282 279 122 concupiscibilis

113 2381 90 93 vt
158 2381 120 93 sunt
233 2381 150 93 partes
338 2381 210 93 sensitiuae
504 2381 165 93 partis:
624 2381 120 93 quam
699 2381 90 93 vt
744 2381 120 93 sunt
819 2381 150 93 partes
910 2381 195 93 rationalis.

446 2381 220 118 Equuntur
610 2381 220 118 quaesita
775 2381 110 118 de
830 2381 183 118 humana
958 2381 183 118 natura
1087 2381 110 118 ex
1142 2381 165 118 parte
1251 2381 238 118 coniuncti
1435 2381 110 118 ex
1489 2381 201 118 corpore
1636 2381 92 118 &
1673 2381 183 118 anima.
1782 2381 92 118 Vbi

452 2440 277 120 quaerebantur
677 2440 191 120 quaedam
815 2440 260 120 generaliter
1023 2440 260 120 pertinentia
1231 2440 104 120 ad
1283 2440 156 120 omnes
1387 2440 208 120 homines:
1543 2440 87 120 &
1578 2440 191 120 quaedam
1716 2440 139 120 alia
1785 2440 87 120 spe

449 2486 201 121 cialiter
600 2486 252 121 pertinentia
801 2486 101 121 ad
852 2486 235 121 praelatos.
1036 2486 101 121 Et
1087 2486 151 121 circa
1187 2486 168 121 primum
1305 2486 151 121 horum
1405 2486 151 121 Primo
1506 2486 268 121 quaerebantur
1724 2486 185 121 quaedam

458 2549 228 115 pertinentia
640 2549 91 115 ad
686 2549 152 115 statum
792 2549 182 115 gratiae:
929 2549 152 115 deinde
1035 2549 121 115 alia
1111 2549 228 115 pertinentia
1293 2549 91 115 ad
1339 2549 152 115 statum
1445 2549 167 115 culpae.
1566 2549 137 115 ClRca
1657 2549 152 115 primum
1749 2549 121 115 quaere

455 2595 147 116 batur
553 2595 131 116 vnum
635 2595 213 116 pertinens
798 2595 278 116 principaliter
1028 2595 98 116 ad
1077 2595 180 116 meritum
1208 2595 196 116 gloriae,
1355 2595 82 116 &
1388 2595 131 116 alia
1470 2595 131 116 tria
1552 2595 246 116 pertinentia
1748 2595 98 116 ad
1781 2595 98 116 dimi

450 2651 196 121 nutionem
597 2651 163 121 poenae
711 2651 196 121 debitae.
858 2651 163 121 Quorum
972 2651 163 121 primum
1086 2651 131 121 est:
1168 2651 147 121 vtrum
1265 2651 228 121 religiosus
1445 2651 212 121 proponens
1608 2651 163 121 facere
1722 2651 147 121 maius
1804 2651 65 121 bo

131 2707 110 138 num
194 2707 174 138 deberet
321 2707 142 138 illud
415 2707 205 138 dimittere
573 2707 189 138 faciendo
715 2707 142 138 minus
810 2707 142 138 bonum
904 2707 174 138 propter
1031 2707 221 138 praeceptum
1204 2707 110 138 sui
1267 2707 237 138 superioris.
1457 2707 189 138 Secundum
1599 2707 142 138 erat:
1693 2707 126 138 quid
1757 2707 110 138 magis

137 2757 104 133 est
197 2757 208 133 prosicuum:
360 2757 104 133 aut
420 2757 178 133 prosequi
553 2757 178 133 negotium
687 2757 149 133 crucis
791 2757 178 133 secundum
925 2757 193 133 consilium
1073 2757 208 133 ecclesiae,
1237 2757 104 133 aut
1296 2757 163 133 ingredi
1415 2757 74 133 &
1445 2757 134 133 stare
1534 2757 223 133 proficiendo
1713 2757 89 133 in
1742 2757 134 133 religio

136 2809 110 136 ne.
199 2809 173 136 Tertium
325 2809 126 136 erat
404 2809 95 136 de
451 2809 142 136 opere
546 2809 221 136 voluntarie
719 2809 205 136 assumpto:
877 2809 142 136 vtrum
972 2809 142 136 opera
1066 2809 142 136 facta
1161 2809 95 136 in
1208 2809 205 136 charitate
1366 2809 173 136 minore,
1492 2809 158 136 tantum
1602 2809 205 136 diminuunt
1760 2809 95 136 de
1791 2809 79 136 poe

138 2871 98 134 na
187 2871 163 134 debita
301 2871 196 134 peccatis
447 2871 179 134 quantum
578 2871 147 134 eadem
675 2871 114 134 vel
741 2871 196 134 aequalia
887 2871 147 134 facta
985 2871 98 134 in
1034 2871 212 134 charitate
1197 2871 179 134 maiore.
1327 2871 179 134 Quartum
1457 2871 130 134 erat
1539 2871 98 134 de
1588 2871 147 134 opere
1669 2871 212 134 satisfacto-

128 2915 112 139 rio
192 2915 319 139 poenitentialiter
463 2915 208 139 iniuncto:
623 2915 144 139 vtrum
719 2915 144 139 poena
814 2915 271 139 satisfactoria
1038 2915 192 139 iniuncta
1182 2915 80 139 a
1214 2915 208 139 sacerdote
1373 2915 208 139 discreto,
1533 2915 112 139 vel
1597 2915 80 139 a
1629 2915 128 139 iure
1708 2915 160 139 taxata
1804 2915 80 139 sur

137 2983 153 142 ficit
239 2983 119 142 pro
307 2983 136 142 tota
392 2983 153 142 poena
494 2983 204 142 peccatis
647 2983 170 142 debita
766 2983 102 142 in
817 2983 238 142 purgatorio
1004 2983 102 142 de
1055 2983 170 142 quibus
1174 2983 221 142 confessus
1344 2983 136 142 est:
1429 2983 85 142 &
1463 2983 119 142 pro
1531 2983 170 142 quibus
1650 2983 204 142 iniuncta
1786 2983 102 142 est.

194 3037 260 137 ClRCAprimum
401 3037 225 137 arguitur:
575 3037 139 137 quod
661 3037 242 137 religiosus
852 3037 173 137 debeat
973 3037 173 137 facere
1094 3037 156 137 magis
1198 3037 156 137 bonum
1302 3037 173 137 contra
1423 3037 242 137 praeceptum
1614 3037 260 137 superioris.
1804 3037 104 137 quia
