2455 3714
516 226 133 97 xare
600 226 183 97 possit.
733 226 133 97 Vnde
816 226 100 97 vt
866 226 183 97 dicitur
999 226 100 97 in
1049 226 133 97 fine
1132 226 216 97 praedicti
1298 226 133 97 cap.
1381 226 150 97 sicut
1481 226 183 97 cardine
1614 226 166 97 ostium
1731 226 200 97 regitur:
1880 226 116 97 sic
1947 226 150 97 huius
2047 226 183 97 sanctae
2163 226 133 97 aposto

511 309 156 69 licae
615 309 156 69 sedis
719 309 261 69 auctoritate
928 309 156 69 omnes
1032 309 226 69 ecclesiae
1206 309 174 69 domino
1327 309 243 69 disponente
1518 309 226 69 reguntur.
1692 309 122 69 Sed
1761 309 208 69 quicquid
1918 309 122 69 est
1987 309 104 69 de
2039 309 174 69 aliis,
2144 309 156 69 vniuer-

521 364 155 69 salis
624 364 310 69 indulgentiarum
883 364 259 69 dispensatio
1090 364 103 69 de
1142 364 207 69 thesauro
1297 364 224 69 ecclesiae
1469 364 103 69 ex
1521 364 172 69 merito
1642 364 190 69 Christi
1780 364 155 69 eidem
1883 364 224 69 reseruata
2056 364 138 69 est.
2142 364 86 69 &
2176 364 121 69 hoc
2228 364 69 69 po

519 421 135 57 tius
603 421 135 57 quia
688 421 118 57 non
755 421 118 57 vsi
823 421 135 57 sunt
907 421 101 57 ea
958 421 186 57 caeteri
1093 421 169 57 epsei:
1211 421 135 57 quam
1295 421 135 57 quia
1379 421 169 57 summus
1497 421 202 57 pontifex
1649 421 253 57 executionem
1852 421 118 57 eis
1919 421 253 57 subtraxerit
2121 421 101 57 vt
2155 421 135 57 dicunt

523 470 189 65 aliqui.
660 470 137 65 Quas
746 470 172 65 quidem
866 470 275 65 indulgentias
1090 470 240 65 dispensare
1279 470 155 65 debet
1382 470 189 65 pensata
1519 470 189 65 vrgente
1656 470 275 65 necessitate,
1880 470 86 65 &
1914 470 189 65 communi
2052 470 240 65 vtilitate.
2223 470 69 65 Si

524 532 156 61 tamen
628 532 174 61 aliter
749 532 191 61 faciat,
888 532 208 61 periculo
1045 532 122 61 suo
1114 532 191 61 caueat.
1253 532 208 61 POtestas
1409 532 139 61 vero
1496 532 156 61 mixta
1600 532 122 61 est
1670 532 104 61 in
1722 532 174 61 poenae
1843 532 208 61 aeternae
2000 532 104 61 in
2052 532 243 61 temporalem
2226 532 69 61 mu

521 582 197 65 tatione:
668 582 82 65 &
701 582 164 65 illius
816 582 115 65 pro
882 582 148 65 parte
980 582 263 65 relaxatione:
1193 582 82 65 &
1226 582 279 65 vniuersaliter
1456 582 230 65 quaecumque
1637 582 164 65 habent
1751 582 148 65 fieri
1850 582 148 65 circa
1948 582 246 65 sacramentum
2129 582 164 65 poenitem

514 644 138 58 tiae:
606 644 123 58 quia
682 644 184 58 dependet
820 644 92 58 ab
866 644 169 58 ordine:
989 644 92 58 eo
1035 644 123 58 quod
1112 644 107 58 ibi
1173 644 138 58 nihil
1265 644 138 58 fieri
1357 644 153 58 potest
1464 644 123 58 nisi
1541 644 92 58 ab
1587 644 215 58 ordinatis:
1755 644 92 58 et
1801 644 199 58 similiter
1955 644 77 58 a
1985 644 276 58 iurisdictione:
2200 644 92 58 quia

506 698 105 75 si
559 698 210 75 ordinato
717 698 263 75 subtrahatur
927 698 263 75 iurisdictio
1137 698 105 75 in
1189 698 228 75 exequendo
1364 698 105 75 ea
1417 698 140 75 quae
1504 698 228 75 pertinent
1679 698 105 75 ad
1732 698 263 75 sacramentum
1942 698 298 75 poenitentiae,
2169 698 123 75 nihil

509 756 155 58 potest
618 756 155 58 agere.
727 756 109 58 lta
789 756 124 58 quod
866 756 140 58 circa
959 756 93 58 ea
1006 756 124 58 quae
1083 756 202 58 pertinent
1238 756 93 58 ad
1285 756 233 58 executionem
1471 756 217 58 sacramenti
1642 756 264 58 poenitentiae:
1859 756 217 58 dispositio
2029 756 186 58 pertinet
2169 756 93 58 ad
2200 756 93 58 dis-

516 813 235 63 positionem
701 813 151 63 summi
802 813 252 63 pontificis:
1003 813 101 63 in
1054 813 118 63 quo
1121 813 101 63 in
1171 813 168 63 aliquo
1289 813 151 63 habet
1390 813 185 63 maiorem
1524 813 235 63 potestatem
1709 813 218 63 caeteris:
1877 813 151 63 licet
1978 813 101 63 in
2028 813 168 63 aliquo
2146 813 118 63 non
2196 813 101 63 nisi

517 868 209 72 aequalem.
678 868 97 72 In
726 868 242 72 committendo
919 868 129 72 enim
1000 868 225 72 potestatem
1177 868 113 72 vel
1241 868 242 72 subtrahendo
1435 868 113 72 eam
1499 868 161 72 aliis,
1612 868 161 72 plenam
1724 868 145 72 habet
1821 868 225 72 potestatem
1998 868 145 72 solus
2095 868 145 72 super
2175 868 113 72 omnes

513 923 138 66 quam
599 923 173 66 nuilus
720 923 155 66 alius
824 923 173 66 habet.
945 923 104 66 In
996 923 294 66 administrando
1238 923 138 66 vero
1325 923 121 66 non
1394 923 155 66 habet
1497 923 190 66 maiorem
1636 923 242 66 potestatem
1826 923 173 66 aliis:
1947 923 138 66 quia
2033 923 104 66 in
2067 923 225 66 administran

515 981 99 65 do
564 981 115 65 non
630 981 148 65 agunt
728 981 230 65 sacramenta
909 981 131 65 nisi
991 981 312 65 sacramentaliter
1254 981 197 65 secundum
1401 981 197 65 virtutem
1549 981 82 65 a
1582 981 115 65 deo
1648 981 115 65 eis
1713 981 230 65 concessam:
1894 981 115 65 non
1960 981 148 65 autem
2058 981 197 65 secundum
2189 981 99 65 sta-

510 1027 122 67 tum
579 1027 122 67 aut
649 1027 297 67 dispositionem
894 1027 315 67 administrantis
1156 1027 280 67 sacramentum:
1383 1027 122 67 lta
1453 1027 140 67 quod
1541 1027 122 67 non
1610 1027 140 67 plus
1698 1027 157 67 valet
1803 1027 262 67 sacramentum
2012 1027 210 67 baptismi
2152 1027 140 67 admini

513 1075 193 74 stratum
654 1075 88 74 a
689 1075 158 74 summo
794 1075 246 74 pontifice:
987 1075 140 74 quam
1075 1075 298 74 administratum
1320 1075 88 74 a
1355 1075 175 74 minimo
1478 1075 246 74 sacerdote.
1671 1075 193 74 Propter
1811 1075 140 74 quod
1899 1075 246 74 contrarium
2075 1075 210 74 sentientes

518 1135 253 65 reprehendit
720 1135 168 65 Paulus
838 1135 152 65 illos
939 1135 118 65 qui
1007 1135 219 65 dixerunt.
1175 1135 101 65 i.
1226 1135 168 65 Corin.
1344 1135 101 65 i.
1394 1135 118 65 Ego
1462 1135 118 65 sum
1529 1135 168 65 Pauli:
1647 1135 118 65 ego
1714 1135 118 65 sum
1782 1135 185 65 Apollo.
1916 1135 185 65 Diuisus
2051 1135 118 65 est
2102 1135 185 65 Christus.

516 1189 149 86 super
616 1189 116 86 quo
682 1189 149 86 dicit
781 1189 149 86 Glos.
880 1189 149 86 Alius
980 1189 132 86 alio
1062 1189 182 86 doctior
1195 1189 132 86 est:
1277 1189 149 86 alius
1376 1189 132 86 alio
1459 1189 165 86 melius
1575 1189 198 86 operatur
1724 1189 99 86 in
1773 1189 165 86 eodem:
1889 1189 116 86 nec
1955 1189 132 86 sunt
2038 1189 149 86 omnes
2137 1189 182 86 aequali

517 1249 214 74 sapientia
681 1249 214 74 praediti.
846 1249 148 74 Alius
945 1249 132 74 vero
1027 1249 132 74 alio
1110 1249 148 74 magis
1208 1249 148 74 minus
1307 1249 99 74 ve
1357 1249 231 74 baptizatus
1538 1249 148 74 esse:
1637 1249 132 74 siue
1719 1249 99 74 ab
1768 1249 214 74 inferiore
1933 1249 132 74 siue
2015 1249 82 74 a
2048 1249 165 74 maiore
2147 1249 132 74 bapti-

518 1305 163 71 zante,
632 1305 130 71 dici
713 1305 114 71 non
778 1305 179 71 potest.
908 1305 81 71 &
940 1305 146 71 infra
1038 1305 146 71 dicit
1135 1305 179 71 quaedam
1265 1305 179 71 glossa.
1395 1305 114 71 Cum
1460 1305 163 71 tantum
1574 1305 146 71 valet
1672 1305 211 71 baptismus
1834 1305 114 71 per
1899 1305 179 71 hominem
2013 1305 260 71 contemptibilem

516 1359 187 63 quantum
652 1359 119 63 per
720 1359 221 63 Apostolum
889 1359 170 63 datus:
1008 1359 119 63 ita
1076 1359 119 63 nec
1144 1359 170 63 illius
1263 1359 119 63 sed
1331 1359 187 63 Christi
1466 1359 136 63 esse
1551 1359 272 63 cognoscitur.
1772 1359 85 63 &
1806 1359 119 63 sic
1874 1359 102 63 in
1925 1359 136 63 omni
2009 1359 136 63 alio
2077 1359 204 63 sacramento

513 1410 119 58 lta
581 1410 136 58 quod
666 1410 119 58 cum
733 1410 102 58 in
784 1410 237 58 sacramento
971 1410 271 58 poenitentiae
1191 1410 119 58 duo
1259 1410 119 58 est
1327 1410 254 58 considerare
1530 1410 136 58 quae
1615 1410 237 58 respiciunt
1801 1410 170 58 poenam
1920 1410 186 58 debitam
2056 1410 220 58 peccatis.
2208 1410 85 58 is.

504 1469 295 77 sacramentalem
747 1469 278 77 absolutionem
972 1469 139 77 quae
1059 1469 191 77 peccata
1198 1469 191 77 abluit:
1337 1469 87 77 &
1371 1469 174 77 poenam
1493 1469 208 77 aeternam
1649 1469 208 77 peccatis
1805 1469 191 77 debitam
1944 1469 156 77 mutat
2048 1469 104 77 in
2083 1469 208 77 temporalem

506 1532 86 55 &
540 1532 190 55 aliquid
679 1532 156 55 etiam
782 1532 104 55 de
834 1532 138 55 illa
921 1532 156 55 poena
1024 1532 225 55 temporali
1197 1532 207 55 relaxat:
1353 1532 86 55 &
1387 1532 294 55 sacramentalem
1629 1532 311 55 satisfactionis
1888 1532 294 55 iniunctionem:
2130 1532 190 55 quantum

509 1583 125 69 est
581 1583 107 69 ex
634 1583 161 69 parte
742 1583 287 69 absolutionis
975 1583 107 69 in
1028 1583 125 69 eis
1100 1583 143 69 quae
1190 1583 143 69 ambo
1279 1583 90 69 &
1315 1583 161 69 maior
1422 1583 90 69 &
1458 1583 161 69 minor
1566 1583 197 69 possunt
1709 1583 251 69 absoluere:
1906 1583 125 69 non
1978 1583 143 69 plus
2067 1583 215 69 remittit
2210 1583 72 69 de

517 1640 143 67 poena
613 1640 159 67 debita
724 1640 143 67 maior
819 1640 127 67 quam
899 1640 159 67 minor.
1010 1640 207 67 Inquantum
1169 1640 127 67 vero
1249 1640 95 67 ad
1297 1640 191 67 secundum
1440 1640 207 67 sciendum:
1599 1640 127 67 quod
1678 1640 127 67 illa
1758 1640 239 67 satisfactio
1949 1640 111 67 aut
2013 1640 223 67 iniungitur
2172 1640 111 67 sacra

512 1700 248 71 mentaliter
707 1700 177 71 solum:
831 1700 124 71 aut
902 1700 160 71 simul
1009 1700 89 71 &
1044 1700 337 71 sacramentaliter
1328 1700 89 71 &
1363 1700 355 71 indulgentialiter
1665 1700 106 71 ab
1718 1700 106 71 eo
1771 1700 124 71 qui
1842 1700 177 71 potest
1966 1700 213 71 conferre
2108 1700 177 71 indulgen

519 1750 144 75 tias.
615 1750 96 75 Si
663 1750 305 75 sacramentaliter
920 1750 161 75 solum:
1033 1750 112 75 sic
1097 1750 96 75 si
1145 1750 144 75 opere
1241 1750 225 75 expleatur,
1418 1750 225 75 dupliciter
1595 1750 193 75 relaxat:
1739 1750 161 75 partim
1852 1750 128 75 quia
1932 1750 305 75 sacramentaliter
2173 1750 112 75 inium

510 1806 129 65 cta:
591 1806 162 65 partim
704 1806 129 65 quia
785 1806 194 65 poenalis
930 1806 113 65 est
995 1806 81 65 &
1027 1806 146 65 facta
1124 1806 97 65 in
1173 1806 178 65 gratia.
1302 1806 97 65 Et
1351 1806 178 65 vtroque
1480 1806 129 65 modo
1561 1806 113 65 non
1626 1806 178 65 relaxat
1755 1806 129 65 nisi
1836 1806 194 65 secundum
1982 1806 259 65 determinatam
2192 1806 129 65 quam

513 1863 191 57 titatem,
656 1863 79 57 &
688 1863 111 57 non
751 1863 127 57 plus
831 1863 95 57 in
879 1863 111 57 vno
942 1863 127 57 quam
1022 1863 95 57 in
1069 1863 175 57 altero,
1196 1863 143 57 aliis
1292 1863 159 57 eisdem
1403 1863 95 57 se
1451 1863 222 57 habentibus
1625 1863 95 57 in
1673 1863 191 57 vtroque:
1816 1863 111 57 nec
1880 1863 127 57 plus
1959 1863 159 57 quando
2070 1863 111 57 est
2118 1863 159 57 iniuncta

507 1916 84 67 a
541 1916 185 67 maiore:
675 1916 134 67 quam
759 1916 168 67 quando
877 1916 84 67 a
911 1916 185 67 minore:
1045 1916 118 67 nec
1112 1916 134 67 plus
1196 1916 168 67 quando
1314 1916 84 67 a
1348 1916 151 67 iure,
1448 1916 134 67 quam
1532 1916 168 67 quando
1650 1916 101 67 ab
1701 1916 185 67 homine.
1835 1916 101 67 Si
1885 1916 134 67 vero
1969 1916 235 67 iniungatur
2138 1916 134 67 sacra-

505 1969 234 75 mentaliter
689 1969 84 75 &
723 1969 334 75 indulgentialiter
1007 1969 167 75 simul:
1124 1969 117 75 sic
1191 1969 251 75 differentia
1391 1969 167 75 potest
1508 1969 134 75 esse
1592 1969 134 75 sola
1675 1969 100 75 ex
1725 1969 100 75 ea
1776 1969 184 75 ratione
1909 1969 117 75 qua
1976 1969 134 75 opus
2060 1969 184 75 relaxat
2193 1969 117 75 in-

513 2021 314 80 dulgentialiter:
778 2021 116 80 non
844 2021 149 80 autem
943 2021 99 80 ex
992 2021 99 80 ea
1042 2021 182 80 ratione
1174 2021 116 80 qua
1240 2021 182 80 relaxat
1372 2021 330 80 sacramentaliter:
1653 2021 116 80 ita
1719 2021 132 80 quod
1801 2021 116 80 cum
1867 2021 132 80 opus
1950 2021 149 80 magis
2049 2021 182 80 poenale
2164 2021 116 80 inium

518 2075 129 62 ctum
599 2075 113 62 sit
663 2075 113 62 vni
728 2075 307 62 sacramentaliter
987 2075 178 62 tantum,
1116 2075 81 62 &
1148 2075 146 62 aliud
1245 2075 146 62 minus
1342 2075 178 62 poenale
1472 2075 210 62 iniunctum
1633 2075 113 62 sit
1698 2075 129 62 alii
1779 2075 307 62 sacramentaliter
2038 2075 81 62 &
2054 2075 226 62 indulgentia-

517 2134 152 58 liter
619 2134 152 58 simul
720 2134 101 58 ab
771 2134 135 58 illo
855 2134 118 58 qui
923 2134 169 58 potest
1041 2134 118 58 per
1109 2134 152 58 illud
1210 2134 270 58 indulgentiam
1430 2134 220 58 conferre:
1599 2134 135 58 bene
1683 2134 169 58 potest
1802 2134 152 58 minus
1903 2134 186 58 poenale
2038 2134 135 58 plus
2123 2134 101 58 de
2157 2134 118 58 poena

510 2191 197 72 relaxare
657 2191 131 72 quam
739 2191 148 72 magis
838 2191 197 72 poenale:
985 2191 82 72 &
1018 2191 148 72 tanto
1116 2191 131 72 plus
1198 2191 164 72 quanto
1313 2191 246 72 indulgentia
1510 2191 148 72 maior
1609 2191 230 72 confertur:
1789 2191 115 72 ita
1855 2191 131 72 quod
1937 2191 98 72 si
1986 2191 164 72 possit
2101 2191 82 72 &
2133 2191 148 72 velit
2215 2191 66 72 mi

509 2246 172 55 nister
629 2246 121 55 per
698 2246 138 55 tale
785 2246 138 55 opus
871 2246 155 55 totam
974 2246 172 55 poenam
1095 2246 190 55 debitam
1233 2246 224 55 relaxare:
1406 2246 138 55 vere
1492 2246 224 55 totaliter
1664 2246 138 55 tali
1750 2246 155 55 opere
1854 2246 207 55 completo
2009 2246 155 55 totum
2095 2246 190 55 relaxatum

507 2297 122 72 est.
583 2297 122 72 Vnde
660 2297 92 72 si
705 2297 183 72 intentio
843 2297 138 72 papae
935 2297 122 72 sit,
1011 2297 76 72 &
1042 2297 107 72 hoc
1103 2297 153 72 possit
1210 2297 168 72 facere,
1332 2297 122 72 quod
1409 2297 199 72 quicumque
1562 2297 138 72 facit
1653 2297 245 72 poenitentias
1852 2297 168 72 taxatas
1974 2297 76 72 a
2005 2297 153 72 canone
2112 2297 107 72 pro
2158 2297 122 72 certis

515 2356 217 64 generibus
682 2356 250 64 peccatorum:
882 2356 117 64 aut
949 2356 183 64 taxatas
1082 2356 83 64 a
1115 2356 200 64 discreto
1265 2356 233 64 sacerdote,
1449 2356 117 64 sit
1515 2356 150 64 liber
1615 2356 100 64 ab
1665 2356 133 64 omni
1749 2356 150 64 poena
1849 2356 200 64 peccatis
1999 2356 150 64 illis
2099 2356 183 64 debita:
2215 2356 67 64 ve

508 2419 94 70 re
555 2419 141 70 liber
649 2419 125 70 est.
727 2419 110 70 Sed
790 2419 110 70 non
853 2419 94 70 ex
899 2419 110 70 hoc
962 2419 125 70 quod
1040 2419 125 70 opus
1118 2419 203 70 huiusmodi
1275 2419 250 70 sacramentale
1478 2419 125 70 est:
1556 2419 110 70 sed
1619 2419 141 70 solum
1713 2419 94 70 ex
1760 2419 110 70 hoc
1822 2419 125 70 quod
1901 2419 110 70 est
1963 2419 282 70 indulgentiale.
2182 2419 94 70 Vnde

516 2465 200 61 contingit
669 2465 138 61 verum
762 2465 123 61 esse
839 2465 123 61 quod
916 2465 154 61 aliqui
1023 2465 215 61 canonistae
1193 2465 169 61 dicunt:
1316 2465 123 61 quod
1393 2465 154 61 poenae
1500 2465 77 61 a
1531 2465 123 61 iure
1608 2465 185 61 taxatae:
1746 2465 108 61 vel
1808 2465 77 61 a
1839 2465 200 61 sacerdote
1993 2465 185 61 discreto
2116 2465 169 61 iniunctae

504 2525 200 68 peractae
654 2525 266 68 satisfaciunt
870 2525 116 68 pro
937 2525 133 68 tota
1020 2525 166 68 poena,
1137 2525 133 68 quod
1220 2525 116 68 non
1287 2525 116 68 est
1353 2525 150 68 verum
1453 2525 133 68 nisi
1536 2525 200 68 secundum
1686 2525 116 68 iam
1752 2525 166 68 dictam
1869 2525 300 68 distinctionem.
2119 2525 100 68 AD
2152 2525 133 68 primum

508 2576 232 51 argumentum:
693 2576 124 51 quod
771 2576 108 51 qui
833 2576 201 51 peregerit
988 2576 248 51 poenitentiam
1189 2576 108 51 nec
1251 2576 232 51 purgatorium
1437 2576 170 51 sentiet
1561 2576 108 51 pro
1623 2576 139 51 illis
1716 2576 201 51 peccatis:
1871 2576 186 51 Dicendum
2010 2576 124 51 quod
2088 2576 139 51 verum
2181 2576 108 51 est
2227 2576 62 51 si

502 2627 352 67 indulgentialiter
801 2627 123 67 pro
872 2627 141 67 omni
960 2627 158 67 poena
1065 2627 176 67 debita
1188 2627 106 67 ab
1241 2627 106 67 eo
1294 2627 123 67 qui
1364 2627 176 67 potest
1487 2627 176 67 fuerit
1611 2627 246 67 iniunctum.
1804 2627 229 67 Sinautem:
1980 2627 123 67 sed
2033 2627 246 67 sacramentali

494 2686 113 57 ter
558 2686 161 57 solum:
671 2686 290 57 distinguendum.
913 2686 113 57 aut
977 2686 129 57 enim
1058 2686 258 57 sufficienter
1267 2686 113 57 est
1332 2686 193 57 iniuncta
1477 2686 97 57 vt
1525 2686 113 57 pro
1589 2686 226 57 conditione
1767 2686 129 57 fori
1847 2686 209 57 ecclesiae
2008 2686 226 57 militantis
2185 2686 97 57 in
2218 2686 64 57 vi

499 2743 97 68 ta
547 2743 146 68 ista,
645 2743 227 68 respondeat
823 2743 162 68 poenae
937 2743 178 68 debitae
1066 2743 114 68 pro
1131 2743 130 68 foro
1212 2743 211 68 ecclesiae
1375 2743 227 68 militantis
1553 2743 97 68 in
1602 2743 243 68 purgatorio:
1796 2743 114 68 aut
1861 2743 130 68 non.
1942 2743 97 68 Si
1991 2743 130 68 sic:
2072 2743 162 68 omnino
2169 2743 114 68 libe-

489 2800 134 55 rat.
573 2800 101 55 Si
624 2800 134 55 non:
708 2800 118 55 aut
775 2800 151 55 dolor
876 2800 84 55 &
909 2800 218 55 contritio
1077 2800 84 55 &
1111 2800 168 55 poenae
1228 2800 235 55 deuotionis
1413 2800 235 55 interioris
1598 2800 118 55 cum
1665 2800 151 55 poena
1766 2800 218 55 exteriori
1934 2800 235 55 sufficiunt
2119 2800 202 55 secundum

490 2851 115 72 iam
555 2851 165 72 dictum
671 2851 165 72 modum:
786 2851 115 72 aut
852 2851 115 72 non
918 2851 99 72 si
968 2851 132 72 sic:
1050 2851 165 72 omnino
1166 2851 198 72 liberat,
1314 2851 99 72 si
1364 2851 132 72 non:
1446 2851 231 72 nequaquam:
1627 2851 115 72 sed
1693 2851 148 72 solum
1792 2851 115 72 pro
1858 2851 165 72 tanto:
1974 2851 82 72 &
2007 2851 181 72 oportet
2122 2851 165 72 residuum

489 2906 198 66 soluere
633 2906 108 66 in
687 2906 270 66 purgatorio.
902 2906 108 66 De
956 2906 270 66 necessitate
1172 2906 144 66 enim
1262 2906 198 66 oportet
1405 2906 162 66 totam
1513 2906 180 66 poenam
1639 2906 252 66 persoluere
1837 2906 126 66 hic
1909 2906 126 66 aut
1981 2906 108 66 in
2034 2906 180 66 futuro
2160 2906 126 66 per
2214 2906 72 66 se

491 2962 116 57 vel
558 2962 116 57 per
624 2962 166 57 alium.
740 2962 132 57 Vnde
823 2962 116 57 pro
889 2962 149 57 illis
988 2962 116 57 qui
1055 2962 116 57 per
1121 2962 132 57 opus
1204 2962 282 57 indulgentiale
1435 2962 199 57 soluunt,
1584 2962 199 57 Christus
1733 2962 166 57 potius
1849 2962 116 57 pro
1916 2962 149 57 ipsis
2015 2962 182 57 soluit:
2131 2962 149 57 excuius

488 3018 175 71 merito
611 3018 211 71 habentur
769 3018 298 71 indulgentiae:
1015 3018 140 71 quam
1103 3018 140 71 ille
1190 3018 123 71 qui
1260 3018 158 71 facit
1366 3018 140 71 opus
1453 3018 316 71 indulgentiale.
1717 3018 140 71 Vnde
1804 3018 175 71 dictum
1927 3018 175 71 illius
2050 3018 193 71 decreti
2190 3018 123 71 non

486 3065 261 57 intelligitur
698 3065 131 57 nisi
780 3065 98 57 de
829 3065 131 57 illo
910 3065 114 57 qui
976 3065 261 57 sufficienter
1188 3065 114 57 hic
1254 3065 163 57 egerit
1368 3065 82 57 &
1401 3065 196 57 perfecte
1548 3065 278 57 poenitentiam:
1776 3065 131 57 quid
1858 3065 131 57 raro
1940 3065 98 57 de
1989 3065 163 57 aliquo
2087 3065 196 57 inuenitur.

494 3120 140 66 Vnde
581 3120 244 66 Augustinus
773 3120 105 66 in
825 3120 192 66 secundo
965 3120 105 66 de
1017 3120 262 66 poenitentia
1227 3120 157 66 (unde
1331 3120 209 66 decretum
1489 3120 157 66 illud
1593 3120 209 66 acceptum
1750 3120 140 66 est)
1838 3120 157 66 dicit
1942 3120 140 66 sic.
2030 3120 244 66 Baptizatus
2204 3120 70 66 de

483 3168 168 71 sertor
601 3168 84 71 &
635 3168 202 71 violator
786 3168 152 71 tanti
887 3168 253 71 sacramenti,
1089 3168 101 71 si
1140 3168 135 71 agat
1224 3168 269 71 poenitentiam
1443 3168 101 71 ex
1494 3168 135 71 toto
1578 3168 168 71 corde:
1696 3168 118 71 vbi
1763 3168 135 71 deus
1847 3168 168 71 videt:
1965 3168 118 71 qui
2032 3168 152 71 vidit
2133 3168 101 71 in
2167 3168 118 71 corde
