2396 3656
132 216 165 80 contra
248 216 132 80 quem
331 216 298 80 praescribitur,
579 216 116 80 ita
645 216 132 80 quod
727 216 231 80 conquerens
909 216 99 80 de
959 216 182 80 caetero
1091 216 116 80 non
1157 216 116 80 est
1223 216 231 80 audiendus.
1405 216 99 80 Et
1455 216 99 80 sm
1504 216 149 80 leges
1603 216 198 80 ciuiles,
1752 216 99 80 vt
1785 216 116 80 dicit

144 295 129 67 Glos.
230 295 129 67 extra
316 295 86 67 de
359 295 201 67 praescrip.
517 295 115 67 cap.
588 295 129 67 vlti.
674 295 129 67 etiam
761 295 230 67 praescribens
947 295 129 67 licet
1033 295 172 67 currente
1162 295 158 67 tempore
1277 295 273 67 praescriptionis
1507 295 115 67 fuit
1578 295 129 67 malae
1664 295 129 67 fidei
1736 295 158 67 possessor

140 344 77 55 &
170 344 169 55 iniuste
293 344 138 55 atque
386 344 92 55 in
432 344 169 55 peccato
555 344 169 55 mortali
678 344 184 55 scienter
816 344 184 55 detinuit
954 344 184 55 alienum:
1093 344 138 55 tamen
1185 344 154 55 elapso
1293 344 169 55 tempore
1415 344 292 55 praescriptionis
1661 344 108 55 iam
1723 344 154 55 factus
1815 344 77 55 est

137 394 140 72 bonae
231 394 140 72 fidei
324 394 218 72 possessor,
495 394 78 72 &
526 394 155 72 iuste,
635 394 78 72 &
666 394 124 72 fine
744 394 124 72 omni
821 394 171 72 peccato
946 394 171 72 incipit
1070 394 202 72 detinere,
1226 394 109 72 non
1288 394 187 72 alienum,
1428 394 109 72 sed
1490 394 124 72 quod
1568 394 124 72 suum
1645 394 109 72 ei:
1707 394 78 72 &
1739 394 109 72 hoc
1785 394 109 72 legis

133 454 198 50 latoris,
281 454 82 50 &
314 454 148 50 legis
412 454 247 50 auctoritate
610 454 115 50 qua
676 454 132 50 nemo
758 454 181 50 peccat.
890 454 115 50 Sed
956 454 99 50 an
1005 454 115 50 ita
1071 454 165 50 possit
1186 454 132 50 esse
1268 454 280 50 perscrutandum
1499 454 132 50 est.
1581 454 115 50 Est
1647 454 165 50 planum
1746 454 148 50 omnibus

146 510 115 59 quod
218 510 144 59 facere
318 510 129 59 illud
405 510 115 59 quod
476 510 101 59 est
534 510 187 59 alicuius,
678 510 101 59 non
735 510 115 59 esse
807 510 129 59 suum,
894 510 101 59 sed
951 510 173 59 alienum,
1081 510 72 59 &
1109 510 115 59 esse
1181 510 187 59 alterius,
1325 510 144 59 nuilus
1426 510 144 59 potest
1526 510 115 59 nisi
1598 510 101 59 vna
1656 510 86 59 de
1699 510 129 59 causa
1785 510 86 59 ex
1814 510 72 59 his

141 557 186 54 duabus.
276 557 118 54 Aut
344 557 135 54 quia
428 557 135 54 ille
512 557 118 54 qui
580 557 118 54 hoc
647 557 152 54 facit
749 557 152 54 maius
850 557 152 54 habet
951 557 202 54 dominium
1103 557 101 54 in
1154 557 101 54 re
1204 557 152 54 illa,
1305 557 118 54 ita
1373 557 135 54 quod
1457 557 202 54 inferior
1609 557 169 54 nuilum
1727 557 118 54 ius
1778 557 118 54 habet

143 611 92 68 in
189 611 92 68 ea
235 611 92 68 re
280 611 122 68 nisi
357 611 92 68 de
403 611 199 68 voluntate
556 611 168 68 illius:
679 611 77 68 &
709 611 168 68 quamdiu
832 611 122 68 ipse
908 611 199 68 voluerit.
1061 611 107 68 Sic
1123 611 122 68 deus
1199 611 138 68 fecit
1291 611 122 68 quod
1367 611 138 68 illud
1459 611 122 68 quod
1536 611 122 68 erat
1612 611 230 68 aegyptiorum
1781 611 107 68 esset

142 662 197 57 Hebraeorum
297 662 141 57 quando
396 662 183 57 praecepit
537 662 99 57 eis
593 662 85 57 vt
635 662 197 57 spoliarent
790 662 197 57 aegyptios.
945 662 127 57 Exod.
1030 662 113 57 xii.
1101 662 99 57 Sic
1157 662 127 57 etiam
1242 662 155 57 dominus
1354 662 141 57 potest
1453 662 141 57 facere
1552 662 113 57 quod
1622 662 113 57 bona
1693 662 113 57 quae
1763 662 113 57 sunt
1820 662 70 57 ser

139 716 104 67 ui,
199 716 119 67 sint
273 716 104 67 non
333 716 119 67 sua,
407 716 104 67 sed
466 716 193 67 alterius.
615 716 104 67 Aut
675 716 119 67 quia
749 716 104 67 est
809 716 164 67 aliquid
928 716 104 67 ius
987 716 134 67 legis
1077 716 164 67 naturae
1196 716 74 67 &
1225 716 164 67 diuinae
1344 716 104 67 aut
1404 716 179 67 humanae,
1538 716 164 67 propter
1657 716 119 67 quid
1731 716 119 67 quid
1806 716 119 67 suum

140 766 111 63 est
204 766 143 63 debet
299 766 127 63 esse
378 766 111 63 non
441 766 143 63 suum,
536 766 111 63 sed
600 766 190 63 alienum:
742 766 79 63 &
774 766 111 63 hoc
837 766 111 63 non
901 766 127 63 nisi
980 766 174 63 propter
1107 766 190 63 delictum
1249 766 158 63 illius
1360 766 143 63 cuius
1455 766 127 63 est:
1535 766 127 63 quod
1614 766 158 63 vergit
1725 766 95 63 in
1772 766 158 63 detri-

133 817 166 69 mentum
250 817 83 69 &
283 817 299 69 disturbationem
532 817 266 69 reipublicae,
748 817 83 69 &
782 817 116 69 quo
848 817 199 69 laeditur
998 817 249 69 innocentia,
1197 817 83 69 &
1230 817 100 69 de
1280 817 183 69 fouetur
1413 817 199 69 malitia.
1563 817 116 69 Hoc
1629 817 133 69 modo
1696 817 199 69 auctorita-

138 870 96 57 te
186 870 144 57 legis
282 870 176 57 naturae
410 870 144 57 iudex
505 870 192 57 minister
649 870 144 57 legis
745 870 144 57 facit
841 870 128 57 quod
921 870 144 57 illud
1017 870 128 57 quod
1096 870 112 57 est
1160 870 160 57 illius
1272 870 112 57 qui
1336 870 112 57 non
1400 870 128 57 vult
1480 870 176 57 reddere
1607 870 176 57 mutuum,
1735 870 128 57 fiat
1815 870 112 57 non

135 918 153 74 suum,
237 918 119 74 sed
305 918 170 74 illius
424 918 119 74 cui
492 918 153 74 mutuo
595 918 204 74 tenetur.
748 918 119 74 Hoc
816 918 153 74 etiam
918 918 136 74 modo
1003 918 119 74 per
1071 918 170 74 edicta
1190 918 289 74 ecclesiastica
1428 918 102 74 in
1480 918 170 74 certis
1599 918 238 74 criminibus
1769 918 136 74 commis

142 979 110 61 sis
205 979 157 61 contra
315 979 219 61 ecclesiam,
487 979 157 61 feudum
596 979 125 61 quod
675 979 110 61 est
737 979 188 61 alicuius
878 979 125 61 quod
957 979 141 61 tenet
1050 979 94 61 de
1097 979 204 61 ecclesia,
1254 979 125 61 fiat
1332 979 110 61 non
1395 979 141 61 suum,
1489 979 110 61 sed
1552 979 204 61 ecclesiae
1708 979 78 61 a
1739 979 110 61 qua
1786 979 110 61 tenet

140 1030 162 55 illud.
253 1030 129 55 Vnde
334 1030 97 55 in
382 1030 129 55 casu
463 1030 97 55 in
511 1030 113 55 quo
576 1030 194 55 laeditur
722 1030 242 55 innocentia,
915 1030 81 55 &
948 1030 97 55 de
996 1030 178 55 fouetur
1125 1030 194 55 malitia,
1271 1030 162 55 absque
1384 1030 129 55 omni
1465 1030 129 55 bono
1546 1030 129 55 quod
1626 1030 129 55 inde
1707 1030 162 55 possit
1820 1030 113 55 pro

145 1078 153 70 uenire
252 1078 245 70 reipublicae,
451 1078 107 70 nec
512 1078 122 70 est,
588 1078 107 70 nec
649 1078 138 70 debet
741 1078 122 70 esse
817 1078 229 70 intentionis
1001 1078 153 70 legis,
1108 1078 107 70 aut
1169 1078 260 70 legislatoris,
1383 1078 107 70 aut
1444 1078 183 70 ministri
1582 1078 153 70 legis,
1689 1078 122 70 quod
1765 1078 92 70 id
1811 1078 122 70 quid

139 1144 114 58 est
204 1144 195 58 alicuius
350 1144 130 58 fiat
431 1144 114 58 non
496 1144 146 58 suum,
593 1144 114 58 sed
658 1144 195 58 alienum,
804 1144 114 58 nec
868 1144 146 58 debet
966 1144 227 58 legislator
1144 1144 114 58 hoc
1209 1144 195 58 statuere
1355 1144 162 58 fieri,
1468 1144 114 58 aut
1533 1144 130 58 dare
1614 1144 227 58 occasionem
1793 1144 130 58 quod

135 1189 148 63 fiat,
233 1189 132 63 immo
315 1189 164 63 potius
431 1189 115 63 non
496 1189 230 63 permittere
677 1189 82 63 &
710 1189 197 63 statuere
858 1189 99 63 ne
907 1189 164 63 possit
1023 1189 164 63 fieri.
1138 1189 99 63 In
1187 1189 214 63 proposito
1351 1189 148 63 autem
1450 1189 132 63 casu
1532 1189 312 63 praescriptionis
1795 1189 132 63 quid

144 1242 106 61 est
205 1242 122 61 suum
281 1242 106 61 non
342 1242 106 61 sit
402 1242 106 61 non
463 1242 137 61 suum,
554 1242 106 61 sed
615 1242 183 61 alienum,
752 1242 122 61 nisi
828 1242 91 61 ex
874 1242 152 61 vltima
980 1242 152 61 cause.
1087 1242 183 61 scilicet
1224 1242 91 61 ex
1269 1242 137 61 legis
1361 1242 183 61 statuto,
1498 1242 91 61 vt
1543 1242 137 61 ponit
1634 1242 198 61 praedicta
1771 1242 122 61 opinio

136 1293 105 64 Sed
196 1293 120 64 quod
271 1293 105 64 non
331 1293 105 64 sic
391 1293 135 64 debet
481 1293 195 64 intelligi
631 1293 105 64 lex
691 1293 90 64 de
736 1293 285 64 praescriptione,
976 1293 135 64 sicut
1067 1293 165 64 exponit
1187 1293 105 64 eam
1247 1293 135 64 dicta
1337 1293 165 64 opinio,
1457 1293 105 64 hic
1517 1293 90 64 ex
1562 1293 105 64 iam
1622 1293 150 64 dictis
1727 1293 165 64 videtur
1832 1293 60 64 de

144 1345 181 58 clarari
275 1345 132 58 sic.
358 1345 99 58 Vt
407 1345 132 58 enim
490 1345 148 58 patet
588 1345 99 58 ex
638 1345 115 58 iam
704 1345 181 58 dictis,
836 1345 198 58 statutum
984 1345 181 58 poenale
1116 1345 181 58 faciens
1247 1345 99 58 de
1297 1345 115 58 suo
1363 1345 115 58 non
1429 1345 148 58 suum,
1528 1345 115 58 hoc
1593 1345 148 58 debet
1692 1345 165 58 facere
1808 1345 115 58 pro

136 1399 137 65 pter
222 1399 172 65 culpam
342 1399 172 65 veram,
462 1399 120 65 vel
531 1399 258 65 praesumptam
737 1399 137 65 tali
823 1399 309 65 praesumptione,
1080 1399 172 65 contra
1200 1399 137 65 quam
1286 1399 120 65 non
1355 1399 240 65 admittitur
1544 1399 206 65 exceptio
1698 1399 137 65 eius
1767 1399 120 65 cuius

144 1459 115 57 res
209 1459 147 57 primo
307 1459 131 57 est,
389 1459 213 57 vergentem
553 1459 98 57 in
602 1459 246 57 detrimentum
799 1459 246 57 reipublicae
995 1459 131 57 vere
1077 1459 115 57 vel
1143 1459 278 57 praesumptiue:
1372 1459 115 57 ita
1437 1459 131 57 quod
1519 1459 180 57 idcirco
1650 1459 98 57 ex
1699 1459 115 57 hoc
1765 1459 115 57 non
1814 1459 82 57 lae

149 1502 144 63 datur
245 1502 240 63 innocentia,
437 1502 144 63 neque
533 1502 192 63 foueatur
677 1502 192 63 malitia,
821 1502 144 63 neque
917 1502 144 63 detur
1013 1502 176 63 occasio
1142 1502 208 63 huiusmodi
1302 1502 160 63 absque
1414 1502 272 63 euidentissima
1638 1502 208 63 vtilitate
1782 1502 112 63 reip.

145 1556 128 67 quae
225 1556 144 67 alias
321 1556 192 67 obtineri
466 1556 112 67 non
530 1556 176 67 posset.
658 1556 128 67 Vnde
738 1556 192 67 statutum
883 1556 96 67 de
931 1556 289 67 praescriptione
1171 1556 112 67 sic
1235 1556 144 67 debet
1332 1556 225 67 intelligi:
1508 1556 96 67 vt
1556 1556 112 67 per
1620 1556 144 67 ipsum
1701 1556 192 67 procuretur

142 1608 245 55 reipublicae
338 1608 213 55 vtilitas:
502 1608 82 55 &
534 1608 115 55 non
600 1608 196 55 laedatur
747 1608 245 55 innocentia,
943 1608 115 55 nec
1009 1608 196 55 foueatur
1156 1608 180 55 malitia
1287 1608 147 55 prout
1385 1608 115 55 est
1450 1608 213 55 possibile
1614 1608 164 55 fieri.
1728 1608 115 55 lta
1794 1608 131 55 quod

145 1660 131 69 ille
227 1660 115 69 non
292 1660 115 69 sit
358 1660 164 69 rectus
473 1660 246 69 intellectus
669 1660 180 69 statuti
800 1660 115 69 per
866 1660 131 69 quem
948 1660 98 69 ex
997 1660 180 69 statuto
1128 1660 98 69 in
1178 1660 164 69 aliquo
1292 1660 131 69 casu
1374 1660 98 69 si
1424 1660 164 69 possit
1538 1660 230 69 contingere
1702 1660 197 69 laederetur

138 1708 247 74 innocentia,
335 1708 82 74 &
368 1708 99 74 de
417 1708 214 74 foueretur
581 1708 181 74 malitia
713 1708 164 74 absque
828 1708 279 74 euidentissima
1058 1708 214 74 vtilitate
1222 1708 263 74 reipublicae:
1436 1708 131 74 quae
1518 1708 148 74 alias
1617 1708 197 74 obtineri
1765 1708 115 74 non
1814 1708 82 74 pos

137 1768 139 55 set.
223 1768 139 55 Nunc
310 1768 156 55 autem
414 1768 122 55 ita
484 1768 122 55 est
553 1768 104 55 in
605 1768 139 55 casu
692 1768 174 55 nostro
814 1768 243 55 proposito.
1005 1768 174 55 Posset
1126 1768 139 55 enim
1213 1768 243 55 contingere
1404 1768 139 55 quod
1491 1768 191 55 aliquis
1630 1768 226 55 intendens
1786 1768 104 55 pere

146 1819 198 69 grinari
290 1819 108 69 in
344 1819 198 69 remotis
488 1819 234 69 partibus,
669 1819 180 69 fundum
795 1819 198 69 aliquem
939 1819 162 69 locet
1047 1819 180 69 vicino
1173 1819 126 69 suo
1245 1819 162 69 vsque
1353 1819 108 69 ad
1407 1819 162 69 annum
1516 1819 126 69 sub
1588 1819 144 69 tali
1678 1819 252 69 conditione

143 1874 143 67 quod
232 1874 178 67 extunc
357 1874 232 67 restituat
536 1874 125 67 eum
607 1874 250 67 haeredibus
803 1874 143 67 quos
892 1874 250 67 relinquit,
1088 1874 89 67 &
1124 1874 178 67 statim
1249 1874 232 67 recedere.
1427 1874 143 67 Ille
1516 1874 161 67 autem
1623 1874 125 67 non
1695 1874 178 67 seruat
1802 1874 89 67 pa-

135 1930 159 62 ctum:
241 1930 88 62 &
276 1930 141 62 anno
365 1930 176 62 elapso
488 1930 123 62 non
558 1930 229 62 restituit
735 1930 194 62 fundum:
876 1930 123 62 sed
946 1930 141 62 mala
1034 1930 141 62 fide
1122 1930 212 62 poslidet
1281 1930 194 62 tanquam
1422 1930 159 62 suum,
1528 1930 247 62 haeredibus
1722 1930 159 62 forte
1810 1930 88 62 par

143 1978 183 69 uulis,
271 1978 128 69 aut
344 1978 329 69 negligentibus,
618 1978 311 69 restitutionem
874 1978 165 69 fundi
984 1978 128 69 non
1057 1978 256 69 petentibus
1258 1978 128 69 nec
1331 1978 329 69 reclamantibus:
1605 1978 91 69 &
1642 1978 128 69 sic
1697 1978 201 69 praescri-

140 2029 135 59 bit:
224 2029 185 59 tempore
359 2029 135 59 vero
443 2029 320 59 praescriptionis
713 2029 168 59 elapso
830 2029 236 59 reuertitur
1016 2029 253 59 peregrinus,
1218 2029 84 59 &
1251 2029 152 59 petit
1352 2029 185 59 fundum:
1487 2029 135 59 ille
1571 2029 152 59 autem
1672 2029 118 59 qui
1739 2029 152 59 tenet
1824 2029 67 59 di

141 2085 116 54 cit
208 2085 132 54 quod
290 2085 116 54 non
356 2085 182 54 reddet:
488 2085 132 54 quia
571 2085 132 54 suus
653 2085 165 54 factus
769 2085 116 54 est
835 2085 132 54 iure
918 2085 330 54 praescriptionis.
1198 2085 132 54 Ecce
1281 2085 99 54 si
1331 2085 132 54 ille
1413 2085 149 54 iuste
1512 2085 182 54 detinet
1644 2085 182 54 quomodo
1776 2085 149 54 inno-

144 2136 170 69 centia
263 2136 221 69 laeditur,
433 2136 85 69 &
467 2136 187 69 malitia
603 2136 187 69 fouetur
739 2136 119 69 per
807 2136 238 69 praedictum
994 2136 255 69 intellectum
1198 2136 204 69 statuti.
1351 2136 119 69 Sed
1419 2136 153 69 dices
1521 2136 136 69 quod
1606 2136 136 69 etsi
1691 2136 204 69 laedatur
1827 2136 68 69 si

139 2197 105 58 ne
191 2197 157 58 culpa
295 2197 139 58 sua:
383 2197 122 58 non
452 2197 157 58 tamen
557 2197 139 58 sine
644 2197 157 58 culpa
749 2197 192 58 suorum.
888 2197 122 58 Sed
958 2197 139 58 esto
1045 2197 139 58 quod
1132 2197 122 58 non
1202 2197 209 58 dixisset
1359 2197 244 58 haeredibus
1550 2197 139 58 suis
1638 2197 105 58 in
1690 2197 122 58 suo
1742 2197 157 58 recessu

142 2244 132 64 quod
225 2244 165 64 fundus
341 2244 132 64 ille
424 2244 132 64 suus
506 2244 165 64 esset:
622 2244 83 64 &
655 2244 132 64 quod
738 2244 116 64 eis
804 2244 132 64 post
887 2244 149 64 annum
986 2244 265 64 restituendus
1201 2244 165 64 esset:
1317 2244 116 64 sed
1383 2244 149 64 totum
1482 2244 116 64 hoc
1549 2244 149 64 bonae
1648 2244 149 64 fidei
1731 2244 165 64 alterius

144 2297 289 61 commisisset,
379 2297 144 61 tunc
469 2297 144 61 sine
559 2297 162 61 culpa
667 2297 126 61 sua
739 2297 90 61 &
775 2297 198 61 suorum,
920 2297 253 61 innocentia
1118 2297 271 61 laederetur.
1335 2297 126 61 Sed
1407 2297 180 61 dices,
1533 2297 235 61 debuisset
1696 2297 198 61 dimisisse

143 2353 280 61 procuratorem
370 2353 262 61 diligentem.
580 2353 122 61 Sed
650 2353 192 61 ponatur
790 2353 140 61 quod
877 2353 122 61 non
947 2353 280 61 proposuisset
1175 2353 175 61 morari
1297 2353 140 61 nisi
1385 2353 122 61 per
1455 2353 122 61 tam
1525 2353 192 61 modicum
1665 2353 210 61 temporis
1822 2353 105 61 in

140 2405 135 61 tra
217 2405 154 61 quod
313 2405 154 61 iura
410 2405 135 61 non
487 2405 270 61 iudicarent
699 2405 135 61 eum
777 2405 193 61 debere
912 2405 251 61 dimisisse
1105 2405 328 61 procuratorem,
1375 2405 97 61 &
1414 2405 212 61 interim
1568 2405 193 61 captus
1684 2405 212 61 violenter

146 2455 136 61 vel
223 2455 175 61 etiam
340 2455 116 61 in
398 2455 155 61 domo
495 2455 136 61 sua
573 2455 233 61 occulte,
747 2455 97 61 &
786 2455 155 61 inde
883 2455 155 61 clam
980 2455 116 61 ad
1039 2455 155 61 loca
1136 2455 291 61 remotissima
1369 2455 136 61 per
1446 2455 175 61 totum
1563 2455 194 61 tempus
1679 2455 214 61 praescri-

136 2517 189 62 ptionis
273 2517 172 62 absens
393 2517 103 62 vt
445 2517 86 62 a
479 2517 155 62 nullo
582 2517 172 62 possit
703 2517 155 62 sciri
806 2517 120 62 quo
874 2517 137 62 ipse
960 2517 206 62 deuenit:
1115 2517 120 62 sic
1184 2517 155 62 adhuc
1287 2517 155 62 nullo
1390 2517 137 62 modo
1476 2517 120 62 est
1544 2517 103 62 in
1596 2517 172 62 culpa.
1716 2517 120 62 Sed
1768 2517 120 62 dices

147 2569 160 57 adhuc:
259 2569 128 57 quod
339 2569 128 57 etsi
419 2569 96 57 in
466 2569 128 57 isto
546 2569 128 57 casu
626 2569 192 57 laeditur
770 2569 224 57 innocentia
946 2569 128 57 sine
1026 2569 160 57 culpa:
1137 2569 112 57 non
1201 2569 144 57 tamen
1297 2569 128 57 sine
1377 2569 160 57 causa:
1489 2569 128 57 quae
1569 2569 112 57 est
1632 2569 208 57 praedicta
1792 2569 128 57 pro-

143 2613 137 68 pter
229 2613 137 68 quam
314 2613 206 68 statutum
469 2613 171 68 editum
589 2613 137 68 est:
674 2613 137 68 quod
760 2613 189 68 propter
897 2613 137 68 vnum
983 2613 154 68 casum
1086 2613 120 68 non
1155 2613 154 68 debet
1258 2613 223 68 infringi.
1429 2613 120 68 qui
1498 2613 154 68 etiam
1600 2613 171 68 excipi
1721 2613 86 68 a
1738 2613 154 68 statuto

142 2677 129 49 non
215 2677 184 49 debet,
344 2677 147 49 quia
436 2677 257 49 praedictam
638 2677 184 49 causam
767 2677 239 49 absentiae
950 2677 147 49 suae
1042 2677 165 49 forte
1153 2677 202 49 probare
1300 2677 129 49 non
1373 2677 202 49 posset:
1520 2677 92 49 &
1557 2677 147 49 ideo
1649 2677 129 49 non
1704 2677 184 49 credere-

138 2717 119 59 tur
206 2717 119 59 ei.
274 2717 119 59 Sed
342 2717 136 59 esto
427 2717 136 59 quod
512 2717 187 59 probare
648 2717 187 59 posset:
784 2717 85 59 &
818 2717 119 59 hoc
886 2717 102 59 in
937 2717 136 59 iure
1022 2717 221 59 proponit:
1193 2717 170 59 reuera
1312 2717 187 59 videtur
1448 2717 136 59 quod
1533 2717 170 59 audiri
1652 2717 204 59 deberet.
1788 2717 102 59 Vnde

134 2770 106 58 de
187 2770 281 58 praescripti.
416 2770 211 58 capitulo
574 2770 176 58 vltimo
697 2770 158 58 super
803 2770 176 58 illud.
926 2770 158 58 Nulla
1031 2770 176 58 valeat
1154 2770 281 58 praescriptio
1383 2770 176 58 absque
1506 2770 141 58 bona
1594 2770 158 58 fide.
1700 2770 158 58 dicit
1787 2770 106 58 Glos

136 2824 132 67 sa.
211 2824 151 67 Bene
306 2824 169 67 debet
419 2824 188 67 audiri
550 2824 132 67 qui
626 2824 151 67 vult
720 2824 207 67 probare
870 2824 169 67 malam
983 2824 169 67 fidem
1096 2824 113 67 ab
1153 2824 188 67 initio
1285 2824 245 67 habuisse,
1473 2824 151 67 quia
1567 2824 188 67 postea
1680 2824 207 67 praescri-

132 2878 138 53 bere
218 2878 121 53 non
287 2878 190 53 potuit.
425 2878 138 53 Vnde
511 2878 155 53 talis
615 2878 155 53 casus
718 2878 104 53 si
770 2878 293 53 praecogitatus
1012 2878 190 53 fuisset
1150 2878 86 53 a
1184 2878 276 53 legislatore,
1409 2878 173 53 excipi
1530 2878 242 53 debuisset,
1719 2878 121 53 aut
1771 2878 121 53 opor-

128 2928 128 63 tet
201 2928 239 63 assignare
385 2928 239 63 euidentem
568 2928 257 63 vtilitatem
770 2928 275 63 reipublicae
990 2928 147 63 inde
1082 2928 294 63 prouenientem
1320 2928 147 63 quam
1412 2928 165 63 alias
1522 2928 128 63 non
1595 2928 257 63 obtineret.
1797 2928 128 63 Sed

138 2992 147 56 dices
236 2992 131 56 quod
318 2992 131 56 illa
400 2992 115 56 est
465 2992 98 56 ne
514 2992 147 56 lites
613 2992 147 56 fiant
711 2992 246 56 immortales.
907 2992 131 56 ergo
989 2992 164 56 saltem
1104 2992 147 56 salua
1202 2992 131 56 ista
1284 2992 213 56 vtilitate
1448 2992 115 56 sic
1513 2992 147 56 debet
1612 2992 213 56 temperari
1759 2992 131 56 intel-

132 3035 171 80 lectus
252 3035 189 80 edicti:
389 3035 103 80 vt
440 3035 223 80 obseruata
612 3035 137 80 ista
697 3035 240 80 vtilitate,
886 3035 120 80 vel
954 3035 223 80 quacunque
1126 3035 154 80 alia,
1229 3035 120 80 sic
1297 3035 154 80 debet
1400 3035 223 80 intelligi
1571 3035 189 80 edictum
1708 3035 120 80 quo
1760 3035 137 80 potius
