2489 3713
196 267 149 99 netur
296 267 133 99 sibi
379 267 166 99 facere
495 267 266 99 conscientiam
711 267 100 99 de
761 267 100 99 re
811 267 133 99 quod
894 267 116 99 sit
960 267 183 99 aliena,
1093 267 133 99 siue
1176 267 133 99 quod
1259 267 116 99 sit
1326 267 100 99 ab
1376 267 166 99 aliquo
1492 267 299 99 praedecessorum
1741 267 166 99 suorum
1857 267 100 99 ab
1907 267 116 99 ini

190 350 131 63 tio
265 350 150 63 male
359 350 225 63 detenta:
527 350 131 63 aut
602 350 112 63 in
658 350 150 63 mala
752 350 150 63 fide
846 350 300 63 praescripta:
1089 350 150 63 immo
1183 350 169 63 debet
1295 350 131 63 eam
1370 350 225 63 deponere
1539 350 112 63 si
1595 350 187 63 potest
1726 350 206 63 tanquam
1857 350 131 63 erro-

195 405 166 56 neam.
305 405 129 56 Sed
379 405 111 56 si
434 405 184 56 omnino
563 405 129 56 non
637 405 203 56 potest:
785 405 111 56 vt
840 405 184 56 euitet
969 405 203 56 mortale
1116 405 148 56 quod
1209 405 258 56 incurreret
1411 405 240 56 detinendo
1596 405 129 56 rem
1670 405 184 56 contra
1780 405 203 56 conscien-

197 465 161 59 tiam,
304 465 161 59 debet
412 465 125 59 eam
483 465 268 59 restituere:
698 465 215 59 secundum
859 465 161 59 illud
966 465 143 59 cap.
1056 465 107 59 de
1109 465 394 59 praescriptionibus.
1449 465 233 59 Vigilanti
1628 465 179 59 studio
1753 465 215 59 cauendum
1897 465 89 59 est

197 510 112 56 ne
253 510 167 56 malae
365 510 167 56 fidei
476 510 279 56 possessores
699 510 167 56 simus
811 510 112 56 in
867 510 223 56 praediis
1034 510 223 56 alienis.
1201 510 204 56 quoniam
1350 510 167 56 nulla
1461 510 260 56 antiquorum
1666 510 186 56 dierum
1778 510 204 56 possessio

197 561 153 71 iuuat
299 561 187 71 aliquem
435 561 153 71 malae
537 561 153 71 fidei
639 561 255 71 possessorem
844 561 136 71 nisi
929 561 238 71 resipuerit
1116 561 204 71 postquam
1269 561 102 71 se
1320 561 187 71 nouerit
1456 561 170 71 aliena
1576 561 238 71 possidere,
1763 561 119 71 cum
1831 561 153 71 bonae
1916 561 68 71 fi

203 618 125 64 dei
274 618 232 64 possessor
453 618 143 64 dici
542 618 125 64 non
613 618 196 64 possit.
756 618 125 64 Vbi
827 618 160 64 tamen
934 618 178 64 glossa
1058 618 178 64 tangit
1183 618 143 64 duas
1272 618 232 64 opiniones
1450 618 249 64 praedictas
1646 618 160 64 super
1753 618 178 64 illud.
1878 618 107 64 Se
1914 618 71 64 no

199 674 177 64 uerit.
323 674 177 64 dicens
447 674 141 64 sic.
535 674 141 64 Quod
624 674 301 64 intelligendum
871 674 124 64 est
942 674 106 64 si
995 674 141 64 ante
1083 674 230 64 completam
1260 674 336 64 praescriptionem
1543 674 177 64 habuit
1667 674 159 64 malam
1773 674 177 64 fidem,
1897 674 124 64 quo

198 723 137 66 niam
284 723 120 66 qui
352 723 137 66 mala
438 723 137 66 fide
524 723 257 66 praescribit
729 723 120 66 non
798 723 223 66 possidet.
969 723 120 66 Sed
1038 723 137 66 pone
1124 723 137 66 quod
1209 723 137 66 post
1295 723 223 66 completam
1467 723 326 66 praescriptionem
1741 723 206 66 incipiat
1878 723 103 66 habe

198 784 106 60 re
251 784 159 60 malam
357 784 177 60 fidem:
481 784 194 60 nunquid
623 784 194 60 tenetur
764 784 159 60 ipsam
870 784 124 60 rem
941 784 194 60 reddere
1082 784 141 60 vero
1171 784 194 60 domino:
1312 784 194 60 Videtur
1454 784 141 60 quod
1542 784 141 60 sic.
1630 784 141 60 quia
1719 784 124 60 iam
1790 784 141 60 scit
1878 784 141 60 quod

201 836 114 62 res
266 836 114 62 sua
331 836 114 62 non
397 836 131 62 est.
479 836 131 62 quia
560 836 114 62 non
626 836 229 62 dimittitur
806 836 213 62 peccatum.
969 836 164 62 xiiii.
1084 836 213 62 quaestio.
1247 836 180 62 tertia.
1378 836 98 62 Si
1427 836 131 62 res.
1509 836 114 62 Sed
1574 836 164 62 contra
1689 836 196 62 videtur.
1836 836 131 62 quia
1901 836 82 62 con

199 890 160 62 pleta
306 890 321 62 praescriptione
573 890 125 62 iam
645 890 160 62 tutus
752 890 125 62 est
823 890 214 62 secundum
983 890 214 62 vtrunque
1144 890 143 62 ius:
1233 890 143 62 ergo
1322 890 143 62 iure
1411 890 232 62 possidet.
1589 890 107 62 Si
1642 890 160 62 iure:
1749 890 143 62 ergo
1838 890 89 62 &
1856 890 125 62 iuste

189 942 93 60 &
227 942 167 60 bene.
338 942 149 60 ltem
431 942 223 60 conditor
598 942 204 60 canonis
747 942 130 60 vel
821 942 167 60 legis
933 942 186 60 potest
1063 942 149 60 mihi
1156 942 149 60 dare
1249 942 130 60 rem
1323 942 223 60 alienam,
1491 942 93 60 &
1528 942 167 60 tutus
1639 942 149 60 ero.
1732 942 112 60 fr
1788 942 112 60 de
1825 942 149 60 euict.

203 989 189 64 Lucius.
340 989 103 64 &.
391 989 103 64 De
443 989 274 64 quadriennali
666 989 326 64 praescriptione.
940 989 137 64 bene
1026 989 86 64 a
1060 989 189 64 Xenone.
1197 989 86 64 &
1232 989 120 64 per
1300 989 171 64 totum:
1420 989 86 64 &
1454 989 120 64 sic
1523 989 154 64 multo
1626 989 189 64 fortius
1763 989 171 64 potuit
1883 989 137 64 indu

202 1049 141 60 cere
290 1049 141 60 hanc
378 1049 334 60 praescriptionem
660 1049 106 60 in
713 1049 158 60 odium
818 1049 299 60 negligentium.
1064 1049 176 60 Quidam
1187 1049 176 60 dicunt
1311 1049 141 60 quod
1399 1049 281 60 quandocumque
1627 1049 176 60 habeat
1733 1049 246 60 conscientiam

196 1097 113 64 rei
260 1097 177 64 alienae
389 1097 177 64 tenetur
517 1097 113 64 eam
582 1097 193 64 reddere,
726 1097 145 64 alias
823 1097 177 64 peccat.
951 1097 129 64 Alii
1032 1097 161 64 dicunt
1144 1097 145 64 (quod
1241 1097 177 64 videtur
1369 1097 177 64 verius)
1498 1097 129 64 quod
1578 1097 113 64 non
1642 1097 177 64 tenetur
1771 1097 113 64 eam
1819 1097 161 64 amplius.

197 1159 206 62 reddere:
351 1159 189 62 quoniam
489 1159 120 62 iam
558 1159 120 62 non
626 1159 120 62 est
695 1159 189 62 aliena,
833 1159 137 62 immo
919 1159 137 62 sua:
1004 1159 86 62 &
1039 1159 155 62 iuste
1142 1159 120 62 eam
1211 1159 223 62 possidet,
1383 1159 137 62 quia
1468 1159 155 62 iure.
1572 1159 120 62 Sed
1640 1159 137 62 mihi
1726 1159 189 62 videtur
1847 1159 137 62 verius

190 1206 225 66 secundum
359 1206 244 66 praedicta
547 1206 169 66 illud
660 1206 150 66 quod
754 1206 169 66 dicit
867 1206 169 66 prima
979 1206 207 66 opinio.
1130 1206 150 66 Vnde
1224 1206 188 66 potius
1355 1206 263 66 exponendum
1562 1206 188 66 illud.
1693 1206 225 66 Nouerit.
1843 1206 132 66 quan-

196 1258 240 64 docunque
376 1258 200 64 habuit
515 1258 180 64 malam
635 1258 200 64 fidem,
775 1258 100 64 &
815 1258 200 64 maxime
955 1258 120 64 si
1015 1258 160 64 ante
1114 1258 260 64 completam
1314 1258 399 64 praescriptionem.
1654 1258 120 64 Et
1713 1258 160 64 quod
1793 1258 180 64 dicitur

202 1321 134 59 quod
286 1321 150 59 tutus
386 1321 117 59 est
453 1321 201 59 secundum
603 1321 201 59 vtrunque
754 1321 134 59 ius:
837 1321 201 59 Dicendum
988 1321 134 59 quod
1071 1321 150 59 verum
1172 1321 117 59 est
1239 1321 201 59 secundum
1389 1321 117 59 ius
1456 1321 184 59 ciuile,
1590 1321 117 59 non
1656 1321 150 59 autem
1757 1321 201 59 secundum
1890 1321 84 59 ca-

185 1376 183 65 nonicum,
322 1376 91 65 vt
367 1376 137 65 patet
459 1376 91 65 ex
504 1376 167 65 dictis.
626 1376 122 65 Quia
702 1376 122 65 ergo
779 1376 183 65 arguitur
916 1376 152 65 primo:
1022 1376 122 65 quod
1098 1376 183 65 conditor
1235 1376 137 65 legis
1327 1376 152 65 potest
1433 1376 122 65 dare
1509 1376 137 65 legen
1601 1376 183 65 alienam:
1738 1376 183 65 Dicendum
1875 1376 122 65 quod

196 1427 116 56 non
263 1427 132 56 puto
345 1427 132 56 ita.
428 1427 215 56 Principes
594 1427 132 56 enim
677 1427 132 56 sunt
759 1427 116 56 non
826 1427 166 56 domini
941 1427 149 56 rerum
1041 1427 232 56 subditorum
1223 1427 132 56 nisi
1306 1427 166 56 essent
1422 1427 166 56 serui:
1538 1427 116 56 sed
1604 1427 182 56 tutores
1736 1427 99 56 ac
1769 1427 199 56 defensores

192 1468 216 73 habentes,
359 1468 183 73 propria
492 1468 216 73 stipendia
658 1468 133 73 sibi
741 1468 199 73 deputata
891 1468 100 73 in
940 1468 150 73 prima
1040 1468 283 73 institutione,
1273 1468 116 73 non
1339 1468 183 73 natura,
1472 1468 116 73 sed
1539 1468 100 73 de
1589 1468 166 73 populi
1705 1468 233 73 voluntate:
1888 1468 116 73 qui

189 1518 150 76 regem
290 1518 134 76 sibi
373 1518 251 76 instituendo
574 1518 117 76 non
641 1518 201 76 subiecit
791 1518 100 76 se
841 1518 217 76 seruituti
1008 1518 150 76 eius,
1109 1518 150 76 neque
1209 1518 117 76 quo
1276 1518 100 76 ad
1326 1518 217 76 personas,
1493 1518 150 76 neque
1594 1518 117 76 quo
1660 1518 100 76 ad
1711 1518 117 76 res
1777 1518 150 76 suas.
1878 1518 134 76 Vnde

191 1585 191 60 propriis
334 1585 223 60 stipendiis
510 1585 143 60 debet
605 1585 127 60 esse
685 1585 223 60 contentus,
860 1585 111 60 nec
924 1585 111 60 pro
987 1585 207 60 voluntate
1147 1585 111 60 sua
1210 1585 159 60 facere
1322 1585 159 60 potest
1433 1585 96 60 de
1481 1585 143 60 iure,
1577 1585 127 60 quod
1656 1585 111 60 est
1720 1585 175 60 alienum
1848 1585 96 60 vt
1879 1585 96 60 fiat

188 1633 153 67 suum.
290 1633 187 67 dicente
426 1633 255 67 Augustinusm
631 1633 102 67 de
682 1633 170 67 verbis
801 1633 170 67 domini
920 1633 153 67 serm.
1022 1633 136 67 xix.
1108 1633 136 67 ldeo
1193 1633 153 67 agere
1295 1633 170 67 rempu.
1414 1633 102 67 vt
1465 1633 204 67 diuitias
1618 1633 187 67 augeas,
1755 1633 187 67 videtur
1874 1633 102 67 esse

185 1683 234 69 damnabile.
369 1683 218 69 Propterea
537 1683 134 69 enim
621 1683 167 69 quadam
738 1683 251 69 prouidentia
939 1683 218 69 militibus
1106 1683 134 69 sunt
1190 1683 218 69 stipendia
1357 1683 251 69 constituta,
1558 1683 100 69 ne
1609 1683 117 69 dum
1676 1683 184 69 sumptus
1793 1683 184 69 quaeritur

189 1750 157 57 praedo
299 1750 220 57 grassetur.
472 1750 94 57 &.
519 1750 157 57 xxiii.
629 1750 126 57 quid
707 1750 94 57 i.
754 1750 78 57 .
786 1750 188 57 Reddite.
927 1750 188 57 dicitur.
1068 1750 126 57 Quod
1146 1750 157 57 Caesar
1256 1750 204 57 praecipit
1413 1750 188 57 ferendum
1554 1750 126 57 est,
1633 1750 126 57 quod
1711 1750 173 57 imperat
1821 1750 157 57 toleran-

195 1792 121 68 dum
264 1792 138 68 est.
350 1792 121 68 Sed
419 1792 121 68 sit
488 1792 276 68 intolerabile
712 1792 121 68 dum
781 1792 190 68 praedam
919 1792 224 68 exactores
1092 1792 259 68 accumulant.
1299 1792 224 68 quicunque
1472 1792 138 68 sibi
1558 1792 224 68 stipendia
1730 1792 190 68 decreta
1851 1792 121 68 conse

193 1853 180 62 quitur
319 1853 108 62 si
373 1853 198 62 amplius
517 1853 216 62 quaerit,
679 1853 198 62 tanquam
823 1853 270 62 calumniator
1039 1853 90 62 &
1075 1853 252 62 concussor,
1273 1853 198 62 loannis
1417 1853 234 62 sententia
1597 1853 288 62 condemnatur.
1831 1853 108 62 In
1867 1853 108 62 vsum

192 1906 171 60 tamen
306 1906 285 60 reipublicae
533 1906 228 60 princeps
704 1906 190 60 posset
837 1906 114 60 si
894 1906 152 60 opus
989 1906 171 60 esset
1102 1906 152 60 bona
1197 1906 266 60 subditorum
1406 1906 266 60 conuertere
1615 1906 171 60 cuius
1728 1906 152 60 sunt
1823 1906 171 60 pars:
1918 1906 57 60 &

195 1957 143 64 ideo
284 1957 196 64 debitum
427 1957 125 64 est
498 1957 143 64 quod
588 1957 214 64 singuli.
748 1957 107 64 de
802 1957 178 64 populo
927 1957 268 64 contribuant
1141 1957 107 64 in
1194 1957 143 64 vsum
1283 1957 232 64 publicum.
1462 1957 214 64 Conditor
1622 1957 143 64 vero
1711 1957 196 64 canonum
1854 1957 107 64 vt
1890 1957 89 64 sum

194 2011 125 67 mus
265 2011 231 67 pontifex,
443 2011 142 67 quia
532 2011 160 67 aliam
639 2011 249 67 potestatem
835 2011 160 67 habet
942 2011 160 67 super
1049 2011 142 67 bona
1137 2011 303 67 ecclesiastica
1387 2011 142 67 quae
1476 2011 178 67 tenent
1600 2011 214 67 singuli,
1760 2011 142 67 quam
1832 2011 142 67 princi

189 2070 122 61 pes
258 2070 157 61 super
363 2070 157 61 bona,
468 2070 280 61 proprietaria
696 2070 262 61 singulorum,
905 2070 210 61 fortasse
1063 2070 175 61 posset
1185 2070 175 61 facere
1308 2070 140 61 quod
1395 2070 140 61 meum
1482 2070 175 61 fieret
1605 2070 157 61 tuum,
1710 2070 87 61 &
1745 2070 140 61 sine
1815 2070 157 61 statuto

196 2117 95 65 &
234 2117 133 65 per
310 2117 228 65 statutum
481 2117 379 65 praescriptionis.
803 2117 133 65 Sed
879 2117 133 65 non
955 2117 209 65 videtur
1106 2117 228 65 statutum
1277 2117 152 65 fore
1372 2117 190 65 multum
1505 2117 303 65 rationabile,
1751 2117 114 65 vt
1808 2117 171 65 patet
1903 2117 76 65 ex

170 2168 255 86 praedictis.

532 2271 226 75 Equuntur
702 2271 226 75 quaesita
871 2271 169 75 circa
984 2271 207 75 hominem
1135 2271 282 75 pertinentia
1361 2271 113 75 ad
1417 2271 188 75 statum
1549 2271 188 75 culpae
1681 2271 245 75 instantis
1869 2271 113 75 ex
1907 2271 75 75 fa

536 2344 126 58 cto
608 2344 252 58 praesenti.
806 2344 108 58 Et
860 2344 162 58 erant
968 2344 162 58 tria.
1076 2344 180 58 Quorum
1202 2344 144 58 vnum
1292 2344 144 58 erat
1382 2344 108 58 de
1436 2344 162 58 culpa
1544 2344 252 58 procedente
1742 2344 108 58 ex
1778 2344 198 58 lubricita

535 2392 134 62 te.
612 2392 230 62 Secundum
784 2392 153 62 vero
880 2392 211 62 deculpa
1033 2392 268 62 procedente
1244 2392 115 62 ex
1302 2392 288 62 cupiditate.
1532 2392 211 62 Tertium
1685 2392 173 62 autem
1800 2392 115 62 de
1839 2392 134 62 culpa

535 2439 271 71 procedente
747 2439 116 71 ex
805 2439 232 71 malitia.
979 2439 193 71 Quorum
1115 2439 193 71 primum
1250 2439 174 71 erat,
1366 2439 174 71 vtrum
1482 2439 135 71 non
1559 2439 193 71 potens
1694 2439 271 71 continere,
1888 2439 77 71 ni

538 2495 136 69 tens
623 2495 153 69 tamen
725 2495 238 69 continere,
913 2495 102 69 si
964 2495 102 69 vt
1015 2495 187 69 fortius
1151 2495 255 69 astringatur
1355 2495 102 69 ad
1406 2495 255 69 continendum
1610 2495 170 69 voueat
1730 2495 102 69 se
1764 2495 204 69 intraturum

520 2546 261 77 religionem
725 2546 149 77 quam
819 2546 168 77 summe
930 2546 261 77 detestatur
1135 2546 112 77 si
1191 2546 205 77 amplius
1340 2546 261 77 recidiuet:
1545 2546 93 77 &
1583 2546 242 77 contingat
1769 2546 149 77 quod
1844 2546 130 77 reci-

515 2598 180 67 diuet,
641 2598 216 67 teneatur
803 2598 216 67 intrare.
965 2598 162 67 illam
1073 2598 270 67 religionem.
1288 2598 234 67 Secundum,
1468 2598 162 67 vtrum
1576 2598 180 67 liceat
1702 2598 162 67 emere
1792 2598 180 67 redditus

190 2655 225 71 perpetuos.
366 2655 192 71 Tertium,
511 2655 144 71 vtrum
607 2655 160 71 peccet
719 2655 112 71 non
783 2655 176 71 gaudens
912 2655 96 71 de
960 2655 128 71 bono
1040 2655 144 71 opere
1136 2655 208 71 alterius.
1296 2655 144 71 ClRca
1393 2655 160 71 primum
1505 2655 192 71 arguitur
1649 2655 128 71 quod
1729 2655 128 71 sic.
1810 2655 128 71 quia
1874 2655 96 71 voti

190 2708 180 71 impletio
325 2708 239 71 necessitatis
519 2708 105 71 est
579 2708 195 71 absolute,
729 2708 135 71 sicut
819 2708 180 71 absolute
953 2708 239 71 promittitur:
1148 2708 120 71 ergo
1223 2708 120 71 etsi
1298 2708 224 71 promittitur
1477 2708 105 71 sub
1537 2708 224 71 conditione,
1717 2708 239 71 necessitatis
1896 2708 75 71 est

188 2764 175 70 extante
315 2764 238 70 conditione,
506 2764 143 70 quare
601 2764 111 70 cum
665 2764 111 70 hic
728 2764 175 70 existat
856 2764 207 70 conditio.
1014 2764 127 70 ergo
1094 2764 111 70 &c.
1158 2764 175 70 Contra,
1285 2764 238 70 matrimonium
1475 2764 207 70 spiritale
1634 2764 111 70 non
1698 2764 143 70 debet
1793 2764 143 70 fieri
1873 2764 95 70 sine

196 2822 181 63 consensu,
336 2822 126 63 sicut
419 2822 98 63 nec
475 2822 167 63 carnale,
600 2822 139 63 quaere
698 2822 98 63 cum
754 2822 112 63 iste
824 2822 98 63 non
879 2822 181 63 consentit
1019 2822 84 63 in
1061 2822 181 63 ingressum
1200 2822 126 63 talis
1284 2822 209 63 religionis,
1451 2822 112 63 quia
1521 2822 98 63 eam
1577 2822 126 63 summe
1660 2822 209 63 detestatur,
1828 2822 70 63 &
1855 2822 98 63 per
1911 2822 84 63 in

183 2879 168 65 gressum
305 2879 183 65 quodammo
442 2879 153 65 fieret
549 2879 198 65 mrimonium
702 2879 214 65 spiritale.
869 2879 122 65 ergo
946 2879 107 65 &c.
1007 2879 229 65 Difficultas
1190 2879 137 65 huius
1281 2879 229 65 quaestionis
1464 2879 107 65 est
1526 2879 92 65 in
1571 2879 107 65 hoc
1632 2879 122 65 quod
1709 2879 92 65 in
1754 2879 107 65 hoc
1815 2879 122 65 voto
1876 2879 92 65 sunt

186 2934 101 61 duo
243 2934 187 61 inuoluta,
387 2934 101 61 sed
445 2934 115 61 vnum
517 2934 130 61 magis
603 2934 173 61 scilicet
732 2934 201 61 recidiuare
891 2934 86 61 in
934 2934 259 61 fornicationem:
1150 2934 72 61 &
1179 2934 158 61 alterum
1294 2934 101 61 min
1351 2934 173 61 scilicet
1481 2934 130 61 illam
1567 2934 201 61 religionem
1725 2934 173 61 intrare.
1840 2934 130 61 propter

179 2980 117 68 quid
253 2980 103 68 cum
311 2980 132 68 omnis
399 2980 190 68 obligatio
546 2980 205 68 voluntaria
707 2980 117 68 sit:
780 2980 73 68 &
809 2980 103 68 ita
868 2980 132 68 circa
956 2980 176 68 volitum:
1088 2980 147 68 appeet
1190 2980 117 68 quod
1264 2980 103 68 hic
1322 2980 132 68 nulla
1410 2980 103 68 sit
1469 2980 205 68 obligatio.
1630 2980 103 68 Sed
1689 2980 103 68 non
1747 2980 103 68 est
1806 2980 117 68 ita.
1864 2980 103 68 Sicut

183 3040 128 61 enim
263 3040 176 61 aliquid
391 3040 112 61 non
454 3040 208 61 eligibile
614 3040 112 61 est
678 3040 176 61 alicui,
806 3040 112 61 vel
869 3040 128 61 quia
949 3040 160 61 malum,
1061 3040 80 61 &
1093 3040 112 61 ita
1157 3040 239 61 simpliciter
1348 3040 112 61 non
1412 3040 223 61 eligibile:
1588 3040 112 61 vel
1652 3040 160 61 appens
1763 3040 160 61 malum:
1875 3040 80 61 &
1891 3040 80 61 ita

178 3087 126 68 non
250 3087 235 68 eligibile
431 3087 144 68 illi
521 3087 126 68 cui
593 3087 198 68 apparet
737 3087 180 68 malum:
863 3087 90 68 &
900 3087 126 68 hoc
972 3087 126 68 vel
1044 3087 235 68 absolute,
1224 3087 126 68 vel
1296 3087 108 68 in
1351 3087 307 68 comparatione,
1603 3087 126 68 non
1675 3087 235 68 eligibile
1838 3087 144 68 alicui

178 3143 231 73 absolute,
356 3143 142 73 quia
445 3143 267 73 simpliciter
659 3143 178 73 malum:
783 3143 125 73 sic
854 3143 142 73 isti
943 3143 107 73 in
997 3143 231 73 proposito
1174 3143 231 73 eligibile
1352 3143 125 73 est
1424 3143 125 73 non
1495 3143 231 73 fornicari
1673 3143 89 73 &
1708 3143 125 73 non
1779 3143 196 73 intrare
1904 3143 71 73 re
