2427 3744
112 208 104 95 do
164 208 139 95 sibi
251 208 122 95 pro
320 208 122 95 vsu
390 208 157 95 illos
494 208 226 95 redditus.
668 208 104 95 Si
721 208 139 95 enim
808 208 157 95 velit
912 208 209 95 redditus
1068 208 157 95 istos
1173 208 209 95 vendere:
1329 208 87 95 &
1364 208 139 95 omne
1451 208 122 95 ius
1521 208 139 95 quod
1608 208 157 95 habet
1712 208 104 95 in
1764 208 139 95 eis:
1834 208 87 95 li-

129 284 163 63 citum
238 284 127 63 est
310 284 181 63 alteri
437 284 145 63 quod
528 284 145 63 emat
618 284 145 63 eos,
709 284 145 63 nec.
799 284 272 63 reputabitur
1017 284 145 63 dare
1107 284 217 63 pecuniam
1271 284 127 63 pro
1343 284 272 63 redditibus:
1561 284 127 63 sed
1633 284 127 63 pro
1706 284 145 63 iure
1778 284 145 63 tempo-

116 319 142 64 rali
205 319 142 64 quod
293 319 142 64 ille
382 319 195 64 habuit,
523 319 106 64 in
576 319 248 64 recipiendo
771 319 212 64 scilicet
930 319 212 64 redditus
1089 319 159 64 illos
1196 319 124 64 pro
1266 319 159 64 fundo
1373 319 142 64 suo,
1461 319 124 64 vel
1532 319 124 64 pro
1603 319 212 64 perpetuo
1762 319 124 64 vsu
1815 319 106 64 eius

120 374 134 73 ita
197 374 154 73 quod
293 374 154 73 ambo
389 374 154 73 isti
485 374 115 73 in
542 374 269 73 recipiendo
754 374 173 73 illos
869 374 230 73 redditus
1042 374 269 73 reputentur
1253 374 173 73 eadem
1368 374 230 73 persona:
1541 374 96 73 &
1579 374 288 73 venditionem
1810 374 154 73 quam

121 441 163 68 fecit
230 441 200 68 primus,
375 441 236 68 reputetur
557 441 200 68 fecisse
702 441 91 68 &
738 441 236 68 secundus.
920 441 145 68 Vnde
1011 441 163 68 istis
1120 441 182 68 duobus
1247 441 163 68 modis
1356 441 163 68 licet
1465 441 163 68 emere
1574 441 236 68 redditus,
1756 441 145 68 siue
1828 441 91 68 per

121 484 204 78 petuos,
270 484 149 78 siue
363 484 111 78 ad
418 484 167 78 vitam
530 484 186 78 absque
660 484 223 78 peccato.
827 484 130 78 Nec
901 484 204 78 emuntur
1050 484 223 78 redditus
1217 484 149 78 nisi
1309 484 111 78 in
1365 484 371 78 recompensationem
1681 484 223 78 alterius
1829 484 93 78 rei

113 549 122 68 in
174 549 162 68 quam
275 549 142 68 per
356 549 304 68 venditionem
600 549 101 68 &
640 549 264 68 emptionem
843 549 142 68 res
924 549 162 68 data
1026 549 122 68 ab
1086 549 203 68 emente
1228 549 142 68 eos
1309 549 264 68 commutari
1512 549 223 68 potuit:
1675 549 122 68 vt
1735 549 142 68 non
1796 549 122 68 pro-

125 588 146 75 prie
216 588 201 75 emantur
362 588 219 75 redditus
527 588 128 75 vel
600 588 201 75 pecunia
747 588 128 75 pro
820 588 219 75 pecunia:
984 588 128 75 sed
1057 588 128 75 pro
1131 588 110 75 re
1185 588 165 75 alia.
1295 588 146 75 Vnde
1387 588 347 75 incconsimilibus
1679 588 183 75 factis
1807 588 110 75 ex
1844 588 73 75 so

129 654 116 71 lo
187 654 155 71 modo
284 654 271 71 contractus
497 654 155 71 vnum
593 654 174 71 licet
710 654 194 71 fieri,
845 654 213 71 alterum
1000 654 136 71 non
1077 654 194 71 licet.
1213 654 155 71 Puta
1310 654 116 71 si
1368 654 155 71 vnus
1465 654 194 71 vendit
1600 654 194 71 fundum
1736 654 155 71 suum
1813 654 97 71 pro

123 709 183 60 aliqua
251 709 164 60 quota
360 709 219 60 pecuniae
524 709 110 60 in
579 709 237 60 perpetuum
762 709 256 60 soluendae,
963 709 128 60 vel
1036 709 219 60 concedit
1200 709 310 60 proprietatem,
1456 709 91 60 &
1492 709 201 60 retinet
1638 709 237 60 tantundem
1821 709 128 60 pro

130 751 153 69 vsu:
226 751 96 69 &
264 751 172 69 velit
379 751 191 69 alteri
513 751 249 69 concedere
704 751 134 69 pro
781 751 172 69 certa
896 751 172 69 summa
1010 751 230 69 pecuniae
1183 751 134 69 ius
1259 751 153 69 omne
1355 751 153 69 quod
1451 751 172 69 habet
1565 751 115 69 in
1623 751 268 69 recipiendo
1814 751 96 69 il-

117 809 134 76 lam
193 809 191 76 quotam
327 809 114 76 in
384 809 248 76 perpetuo,
575 809 153 76 bene
670 809 191 76 ilicet
804 809 191 76 emere.
937 809 114 76 Si
994 809 153 76 vero
1090 809 172 76 alius
1204 809 191 76 habens
1338 809 191 76 fundum
1471 809 286 76 consimilem:
1700 809 95 76 &
1738 809 153 76 vult
1815 809 95 76 pro

114 871 180 60 tanta
234 871 180 60 summa
354 871 240 60 pecuniae
534 871 180 60 eidem
654 871 240 60 obligare
834 871 200 60 fundum
974 871 160 60 suum
1074 871 120 60 ad
1134 871 260 60 soluendum
1334 871 120 60 in
1394 871 260 60 perpetuos
1594 871 240 60 redditus
1774 871 180 60 aequa

125 920 125 62 lem
196 920 196 62 quotam:
339 920 125 62 non
410 920 178 62 licet:
535 920 142 62 quia
624 920 125 62 hic
695 920 196 62 nullius
837 920 125 62 rei
908 920 214 62 venditio
1069 920 142 62 est,
1158 920 125 62 sed
1229 920 142 62 sola
1318 920 231 62 obligatio
1496 920 160 62 fundi
1603 920 107 62 in
1656 920 196 62 pignus.
1798 920 125 62 Sed
1852 920 71 62 si

125 966 139 80 iste
212 966 157 80 primo
316 966 174 80 emeret
438 966 191 80 fundum,
577 966 122 80 ita
646 966 139 80 quod
733 966 139 80 suus
820 966 174 80 esset,
942 966 174 80 posset
1064 966 174 80 licite
1186 966 243 80 concedere,
1377 966 122 80 vel
1446 966 226 80 reuendere
1620 966 174 80 eundem
1742 966 157 80 eidem
1829 966 87 80 pro

122 1019 252 79 praedicta
315 1019 174 79 quota
431 1019 116 79 in
489 1019 252 79 perpetuum
683 1019 232 79 annuatim
857 1019 290 79 recipienda.
1089 1019 213 79 Caetera
1244 1019 174 79 autem
1360 1019 232 79 materiam
1534 1019 174 79 istam
1650 1019 252 79 tangentia
1824 1019 97 79 dit

117 1080 179 66 fusius
242 1080 303 66 declarauimus.
492 1080 107 66 Ex
546 1080 232 66 argumento
724 1080 143 66 quod
813 1080 179 66 plures
938 1080 161 66 tales
1045 1080 214 66 redditus
1206 1080 179 66 emunt,
1331 1080 125 66 aut
1402 1080 232 66 consulunt
1581 1080 161 66 aliis
1688 1080 107 66 vt
1742 1080 125 66 eos
1795 1080 125 66 emant

117 1136 319 75 respondendum
376 1136 179 75 sicut
496 1136 139 75 ibi
575 1136 259 75 responsum
754 1136 120 75 est.

463 1168 144 87 lrca
553 1168 197 87 tertium
696 1168 215 87 arguitur
858 1168 144 87 quod
947 1168 126 87 non
1019 1168 197 87 gaudens
1163 1168 108 87 de
1216 1168 144 87 bono
1306 1168 215 87 alterius
1468 1168 197 87 peccat.
1611 1168 144 87 quia
1701 1168 126 87 hoc
1773 1168 126 87 est
1826 1168 90 87 con

456 1239 193 54 trarium
597 1239 246 54 charitati.
790 1239 228 54 Apostolus
965 1239 140 54 enim
1053 1239 175 54 dicit.
1176 1239 105 54 i.
1229 1239 228 54 Corinthi.
1404 1239 158 54 xiii.
1509 1239 105 54 de
1562 1239 246 54 charitate.
1755 1239 140 54 Quia
1825 1239 88 54 con

454 1289 183 74 gaudet
582 1289 238 74 veritati.
765 1289 165 74 Glos.
874 1289 110 74 i.
929 1289 219 74 operibus
1094 1289 256 74 iustitiae.
1295 1289 201 74 Contra,
1441 1289 165 74 bonum
1551 1289 146 74 opus
1642 1289 165 74 vnius
1733 1289 165 74 impedi-

448 1346 177 71 tiuum
567 1346 138 71 est
645 1346 158 71 boni
744 1346 197 71 operis
882 1346 237 71 alterius
1059 1346 197 71 quando
1197 1346 158 71 ambo
1296 1346 177 71 simul
1414 1346 177 71 illud
1532 1346 177 71 agere
1651 1346 138 71 non
1710 1346 197 71 possunt.

455 1415 194 61 nuilus
590 1415 175 61 autem
707 1415 213 61 gaudere
862 1415 175 61 debet
978 1415 116 61 de
1036 1415 291 61 impedimento
1269 1415 155 61 boni
1366 1415 194 61 operis
1502 1415 155 61 sui.
1599 1415 155 61 ergo
1696 1415 136 61 &c.
1754 1415 155 61 DIcen-

457 1450 125 73 dum
529 1450 143 73 quod
618 1450 125 73 non
690 1450 197 73 gaudere
832 1450 107 73 de
886 1450 143 73 bono
976 1450 161 73 opere
1083 1450 215 73 alterius
1244 1450 179 73 potest
1369 1450 197 73 aliquis
1512 1450 197 73 duplici
1655 1450 107 73 de
1708 1450 179 73 causa,
1816 1450 89 73 aut

451 1508 213 59 negatiue
611 1508 213 59 scilicet
771 1508 142 59 quia
859 1508 124 59 non
930 1508 231 59 aduertit,
1108 1508 124 59 aut
1179 1508 231 59 contrarie
1356 1508 89 59 &
1392 1508 248 59 priuatiue,
1587 1508 142 59 quia
1675 1508 177 59 dolet,
1800 1508 89 59 &
1817 1508 89 59 hoc

129 1554 120 73 vel
197 1554 137 73 odio
283 1554 223 73 personae,
454 1554 86 73 &
489 1554 120 73 est
557 1554 206 73 peccatum
711 1554 103 73 in
763 1554 206 73 spiritum
917 1554 188 73 sanctum
1054 1554 206 73 scilicet
1208 1554 154 73 odium
1311 1554 223 73 fraternae
1482 1554 206 73 gratiae,
1636 1554 120 73 vel
1704 1554 137 73 odio
1773 1554 137 73 ipsius

125 1612 145 66 boni
216 1612 200 66 operis,
361 1612 91 66 &
397 1612 127 66 est
470 1612 218 66 peccatum
633 1612 109 66 in
687 1612 218 66 spiritum
851 1612 218 66 sanctuem
1014 1612 218 66 scilicet
1177 1612 254 66 impugnatio
1377 1612 236 66 veritatis
1558 1612 218 66 agnitae.
1722 1612 109 66 AD
1758 1612 145 66 primum

122 1677 147 65 quod
213 1677 128 65 non
287 1677 201 65 gaudere
433 1677 128 65 est
506 1677 256 65 contrarium
708 1677 256 65 charitati,
909 1677 165 65 verum
1019 1677 128 65 est
1092 1677 128 65 non
1166 1677 201 65 gaudere
1312 1677 256 65 priuatiue.
1513 1677 110 65 Ad
1568 1677 220 65 secundum
1715 1677 183 65 dicendum

120 1736 139 59 quod
206 1736 104 59 de
258 1736 260 59 impedimento
466 1736 139 59 boni
553 1736 121 59 sui
622 1736 121 59 per
691 1736 104 59 se
743 1736 208 59 faciendi
899 1736 173 59 nullus
1020 1736 156 59 debet
1124 1736 121 59 per
1193 1736 104 59 se
1245 1736 190 59 gaudere
1384 1736 139 59 nisi
1470 1736 139 59 fiat
1557 1736 312 59 recompensatio.
1799 1736 104 59 Nunc

124 1780 167 71 autem
236 1780 130 71 per
310 1780 167 71 bonum
422 1780 149 71 opus
515 1780 223 71 alterius
682 1780 130 71 non
757 1780 242 71 impeditur
943 1780 167 71 bonum
1054 1780 149 71 opus
1147 1780 149 71 tuum
1240 1780 149 71 quin
1333 1780 149 71 tibi
1426 1780 149 71 fiat
1519 1780 316 71 recompensatio
1780 1780 112 71 si
1817 1780 93 71 non

118 1831 155 62 stet
215 1831 136 62 per
292 1831 136 62 te.
370 1831 155 62 Opus
467 1831 155 62 enim
564 1831 233 62 alterius
739 1831 116 62 in
797 1831 272 62 impediendo
1010 1831 175 62 bonum
1127 1831 155 62 opus
1224 1831 175 62 tuum,
1340 1831 136 62 non
1418 1831 136 62 est
1495 1831 175 62 bonum
1612 1831 175 62 fieri
1728 1831 155 62 nisi
1806 1831 97 62 me-

119 1887 122 68 lius
195 1887 122 68 fiat
271 1887 106 68 per
332 1887 137 68 alium
423 1887 122 68 quam
499 1887 106 68 per
560 1887 106 68 te:
620 1887 76 68 &
651 1887 122 68 tunc
727 1887 137 68 debes
818 1887 167 68 gaudere
940 1887 137 68 fieri
1031 1887 152 68 potius
1137 1887 106 68 per
1198 1887 137 68 alium
1289 1887 122 68 quam
1365 1887 106 68 par
1426 1887 106 68 te:
1487 1887 76 68 &
1517 1887 106 68 hoc
1578 1887 137 68 circa
1669 1887 182 68 publicum
1806 1887 122 68 vsum

122 1938 192 82 quando
256 1938 173 82 simul
371 1938 134 82 per
448 1938 115 82 te
506 1938 96 82 &
544 1938 173 82 alium
659 1938 173 82 fieri
774 1938 134 82 non
851 1938 211 82 potest.
1005 1938 134 82 Sed
1082 1938 154 82 tunc
1178 1938 288 82 congaudendo
1408 1938 154 82 quia
1504 1938 192 82 melius
1638 1938 134 82 sit
1715 1938 134 82 per
1773 1938 134 82 alium

121 1994 104 68 tu
173 1994 155 68 illud
276 1994 138 68 opus
362 1994 155 68 fatis
466 1994 155 68 tuum:
570 1994 86 68 &
604 1994 121 68 sit
673 1994 138 68 tibi
760 1994 294 68 recompensatio
1001 1994 190 68 maioris
1139 1994 173 68 meriti
1260 1994 138 68 quam
1347 1994 104 68 si
1398 1994 104 68 tu
1450 1994 121 68 per
1519 1994 104 68 te
1571 1994 155 68 illud
1657 1994 173 68 faceres.

468 2045 227 62 Equuntur
638 2045 284 62 specialiter
865 2045 284 62 pertinentia
1092 2045 114 62 ad
1149 2045 265 62 praelatos.
1357 2045 132 62 Vbi
1433 2045 303 62 proponebatur
1679 2045 151 62 vnum
1755 2045 151 62 perti-

463 2099 135 60 nens
548 2099 102 60 ad
598 2099 220 60 praelatos
768 2099 254 60 saeculares,
971 2099 203 60 scilicet
1123 2099 102 60 ad
1174 2099 237 60 principes.
1360 2099 102 60 Et
1410 2099 186 60 quaedam
1546 2099 135 60 alia
1630 2099 254 60 pertinentia
1833 2099 102 60 ad

470 2158 224 67 praelatos
642 2158 327 67 ecclesiasticos.
917 2158 155 67 Illud
1020 2158 138 67 vnum
1106 2158 155 67 erat,
1209 2158 155 67 vtrum
1312 2158 120 67 pro
1381 2158 189 67 delicto
1519 2158 224 67 principis
1691 2158 189 67 possint
1811 2158 86 67 sub

463 2199 162 75 diti.
571 2199 162 75 iuste
679 2199 198 75 puniri,
823 2199 252 75 occisione,
1021 2199 252 75 captionem,
1218 2199 90 75 &
1254 2199 198 75 Ponorum
1398 2199 216 75 sumorumm
1560 2199 270 75 temporalium
1758 2199 144 75 vasta-

459 2270 155 66 tione
562 2270 86 66 &
596 2270 310 66 depraedatione.
855 2270 103 66 Ex
906 2270 206 66 arguitur
1061 2270 138 66 quod
1147 2270 138 66 sic.
1233 2270 138 66 quia
1319 2270 120 66 qui
1388 2270 120 66 pro
1457 2270 172 66 aliquo
1577 2270 189 66 delicto
1715 2270 189 66 possunt
1835 2270 69 66 pu

461 2319 138 67 niri
547 2319 172 67 maiore
668 2319 172 67 poena,
788 2319 86 67 &
823 2319 190 67 minore,
960 2319 155 67 maior
1064 2319 121 67 est
1133 2319 258 67 spiritualis
1339 2319 138 67 quam
1426 2319 258 67 corporalis.
1632 2319 121 67 Sed
1701 2319 138 67 bene
1770 2319 138 67 punium

456 2359 125 86 tur
527 2359 125 86 pro
599 2359 196 86 delicto
741 2359 232 86 principum
920 2359 160 86 poena
1027 2359 267 86 spirituali,
1240 2359 107 86 vt
1294 2359 267 86 interdicto.
1508 2359 143 86 ergo
1597 2359 125 86 &c.
1668 2359 160 86 ltem.
1775 2359 125 86 ii.
1829 2359 71 86 Re

134 2411 126 83 gum
206 2411 163 83 vlti.
315 2411 199 83 punitus
459 2411 144 83 fuit
549 2411 199 83 populus
694 2411 126 83 pro
766 2411 199 83 delicto
911 2411 181 83 Dauid.
1037 2411 144 83 ltem
1127 2411 289 83 philosophous
1362 2411 163 83 dicit
1471 2411 108 83 in
1525 2411 253 83 Politicis,
1723 2411 144 83 quod
1814 2411 126 83 in-

130 2475 225 69 tellectus
302 2475 138 69 siue
389 2475 207 69 voluntas
544 2475 225 69 dominatur
717 2475 190 69 membris
855 2475 242 69 principatu
1045 2475 242 69 despotico:
1235 2475 190 69 viribus
1373 2475 155 69 autem
1477 2475 276 69 inferioribus
1702 2475 242 69 principatu

127 2532 219 73 politico:
296 2532 84 73 &
330 2532 135 73 quod
414 2532 202 73 princeps
566 2532 219 73 dominatur
734 2532 169 73 seruis
852 2532 236 73 principatu
1038 2532 219 73 despotico
1207 2532 84 73 &
1240 2532 186 73 liberis
1375 2532 236 73 principatu
1561 2532 219 73 Politico.
1729 2532 135 73 ergo
1797 2532 118 73 sicut

139 2587 223 61 voluntas
306 2587 111 61 se
362 2587 167 61 habet
473 2587 111 61 ad
529 2587 186 61 membra
659 2587 93 61 &
696 2587 111 61 ad
752 2587 167 61 vires
863 2587 204 61 animae:
1011 2587 130 61 sic
1086 2587 223 61 princeps
1253 2587 111 61 ad
1308 2587 186 61 seruos
1438 2587 93 61 &
1475 2587 204 61 liberos
1624 2587 186 61 quibus
1735 2587 167 61 princi-

135 2637 170 70 patur.
254 2637 119 70 Sed
322 2637 119 70 pro
390 2637 187 70 peccato
526 2637 238 70 voluntatis
714 2637 153 70 iuste
816 2637 221 70 puniuntur
986 2637 85 70 &
1020 2637 170 70 membra
1139 2637 85 70 &
1173 2637 153 70 vires
1275 2637 255 70 inferiores.
1480 2637 136 70 ergo
1565 2637 85 70 &
1599 2637 119 70 pro
1667 2637 187 70 peccato
1786 2637 119 70 prin-

132 2695 160 62 cipis
239 2695 160 62 iuste
346 2695 232 62 puniuntur
524 2695 89 62 &
560 2695 160 62 serui
667 2695 89 62 &
702 2695 196 62 liberi:
845 2695 89 62 &
881 2695 125 62 ita
952 2695 160 62 omnes
1059 2695 214 62 subditi.
1219 2695 196 62 Contra.
1362 2695 160 62 sicut
1469 2695 178 62 nuilum
1593 2695 160 62 malum
1700 2695 160 62 debet
1789 2695 125 62 essei

131 2744 226 61 impunitum,
308 2744 113 61 sic
373 2744 145 61 nulla
470 2744 226 61 innocentia
648 2744 145 61 debet
744 2744 178 61 puniri.
874 2744 113 61 Cum
938 2744 129 61 ergo
1019 2744 178 61 subditi
1148 2744 129 61 sint
1229 2744 226 61 innocentes
1406 2744 97 61 in
1455 2744 145 61 facto
1552 2744 226 61 principis:
1729 2744 145 61 nullo
1810 2744 97 61 modo

132 2802 105 71 pro
192 2802 120 71 eius
267 2802 135 71 facto
357 2802 150 71 debent
463 2802 165 71 puniri.
583 2802 180 71 DIcendum
718 2802 90 71 ad
763 2802 120 71 hoc:
838 2802 120 71 quod
913 2802 180 71 princeps
1049 2802 105 71 qui
1109 2802 195 71 deliquit,
1259 2802 105 71 aut
1319 2802 195 71 delinquit
1469 2802 90 71 in
1514 2802 135 71 parem
1604 2802 135 71 sibi,
1695 2802 105 71 aut
1740 2802 165 71 fubiectum

126 2865 109 55 aut
189 2865 233 55 superiorem.
375 2865 93 55 Si
422 2865 140 55 primo
515 2865 140 55 modo,
608 2865 109 55 sic
671 2865 218 55 sentiendum
842 2865 109 55 est
904 2865 124 55 quod
982 2865 264 55 ecclesiastica
1199 2865 218 55 hierarchia
1370 2865 124 55 tota
1448 2865 140 55 debet
1541 2865 124 55 esse
1619 2865 202 55 ordinata,
1775 2865 109 55 ram
1821 2865 78 55 ec-

127 2910 294 67 clesiasticorum
372 2910 131 67 quam
453 2910 245 67 saecularium
649 2910 245 67 praelatorum
845 2910 98 67 sm
894 2910 163 67 gradus
1009 2910 131 67 suos
1090 2910 114 67 sub
1156 2910 114 67 vno
1221 2910 147 67 summo
1319 2910 229 67 pontifice,
1499 2910 98 67 vt
1548 2910 147 67 alias
1646 2910 278 67 declarauimus:
1858 2910 49 67 &

123 2961 188 59 semper
255 2961 225 59 superior
423 2961 113 59 de
480 2961 244 59 inferiori
667 2961 131 59 suo
743 2961 281 59 delinquente
968 2961 113 59 in
1024 2961 169 59 parem
1137 2961 131 59 vel
1212 2961 225 59 subditum
1381 2961 150 59 suum
1474 2961 169 59 debet
1587 2961 188 59 facere
1700 2961 206 59 iustitiam

126 3017 124 62 Par
197 3017 141 62 vero
285 3017 124 62 vel
356 3017 212 62 inferior
515 3017 177 62 laesus
638 3017 124 62 non
709 3017 141 62 sese
797 3017 159 62 debet
903 3017 247 62 iustitiare
1097 3017 177 62 depari
1221 3017 124 62 vel
1291 3017 247 62 superiori.
1485 3017 124 62 Sed
1556 3017 177 62 debent
1680 3017 177 62 semper
1785 3017 124 62 recur

130 3069 144 88 tere
220 3069 108 88 ad
274 3069 252 88 superiorem
471 3069 305 88 conquestionem
723 3069 234 88 faciendo,
903 3069 126 88 non
975 3069 198 88 propria
1118 3069 270 88 auctoritate
1334 3069 108 88 in
1388 3069 216 88 vidictam
1550 3069 270 88 iniuriantem
1747 3069 180 88 inuadere
