2455 3726
557 160 96 112 &
595 160 230 112 personas
768 160 96 112 &
806 160 134 112 res
883 160 269 112 subditorum
1094 160 192 112 suorum
1228 160 230 112 occidere
1401 160 134 112 vel
1478 160 269 112 deuastare.
1689 160 115 112 in
1746 160 134 112 hoc
1823 160 153 112 enim
1919 160 211 112 possunt
2072 160 192 112 habere
2188 160 153 112 causam

556 239 152 91 iusti
658 239 169 91 belli.
776 239 135 91 Quia
861 239 101 91 si
911 239 203 91 faciant:
1063 239 85 91 &
1097 239 135 91 ipsi
1182 239 169 91 domini
1300 239 254 91 principales
1503 239 237 91 inuasores,
1689 239 85 91 &
1723 239 186 91 subditi
1858 239 152 91 eorum
1960 239 118 91 qui
2028 239 101 91 de
2078 239 186 91 mandato
2214 239 152 91 eorum

560 292 212 90 subditos
719 292 194 90 prioris
861 292 265 90 iniuriantis
1073 292 265 90 occiderunt,
1285 292 336 90 depraedauerunt,
1567 292 124 90 vel
1638 292 265 90 incenderunt
1850 292 124 90 aut
1921 292 300 90 deuastauerunt
2168 292 141 90 bona
2239 292 88 90 eo-

564 348 143 74 rum:
653 348 89 74 &
689 348 232 74 quicunque
868 348 107 74 ad
921 348 125 74 hoc
993 348 232 74 consilium
1172 348 232 74 dederunt,
1350 348 304 74 incitauerunt,
1600 348 89 74 &
1636 348 304 74 adiuuauerunt,
1886 348 232 74 fouerunt,
2065 348 125 74 aut
2136 348 197 74 aliquid
2262 348 71 74 hu

567 399 211 104 iusmodi,
726 399 123 104 rei
796 399 141 104 sunt
884 399 176 104 omnium
1007 399 193 104 malorum
1147 399 299 104 perpetratorum
1393 399 105 104 in
1446 399 228 104 praedicto
1621 399 176 104 bello,
1744 399 88 104 &
1779 399 105 104 ad
1832 399 158 104 omnia
1938 399 158 104 damna
2043 399 141 104 quae
2131 399 123 104 per
2183 399 141 104 singu-

558 458 129 96 los
631 458 184 96 illata
760 458 147 96 sunt
852 458 276 96 restituenda
1073 458 147 96 sunt
1165 458 239 96 obligati:
1349 458 129 96 nec
1423 458 110 96 si
1478 458 184 96 fuerit
1607 458 221 96 publicum
1773 458 184 96 sactum
1902 458 184 96 eorum,
2030 458 258 96 absoluendi
2215 458 110 96 sunt

557 510 124 105 aut
628 510 106 105 ad
681 510 194 105 caetera
822 510 247 105 sacramenta
1017 510 230 105 ecclesiae
1194 510 265 105 recipiendi,
1406 510 212 105 quousque
1565 510 301 105 satisfecerint
1812 510 194 105 singuli
1954 510 106 105 de
2007 510 247 105 malefactis
2201 510 124 105 per
2254 510 71 105 se

559 571 279 94 perpetratis
782 571 130 94 pro
857 571 186 94 posse.
987 571 149 94 Vnde
1080 571 167 94 omnia
1191 571 149 94 bona
1284 571 130 94 sua
1359 571 186 94 debent
1489 571 112 94 in
1544 571 316 94 restitutionem
1805 571 242 94 exponere,
1990 571 130 94 nec
2065 571 112 94 in
2121 571 167 94 alios
2213 571 112 94 vsue

556 630 230 77 conuertere
737 630 115 77 per
802 630 99 77 se
852 630 115 77 vel
918 630 115 77 per
983 630 148 77 alios
1082 630 115 77 per
1148 630 132 77 quos
1230 630 214 77 inhabiles
1395 630 148 77 fiant
1493 630 99 77 ad
1543 630 313 77 satisfaciendum:
1806 630 132 77 nisi
1888 630 148 77 forte
1987 630 181 77 fuerint
2119 630 99 77 ex
2168 630 148 77 illis
2250 630 66 77 ta

556 675 132 95 les
632 675 151 95 quod
726 675 302 95 probabiliter
971 675 226 95 dubitare
1140 675 245 95 potuerunt
1329 675 113 95 an
1385 675 207 95 dominus
1536 675 170 95 eorum
1649 675 188 95 iustum
1781 675 188 95 bellum
1913 675 188 95 habuit
2045 675 94 95 &
2083 675 188 95 iustam
2196 675 113 95 cau-

553 742 136 72 sam
630 742 273 72 impugnandi
845 742 156 72 suum
942 742 312 72 aduersarium.
1196 742 117 72 In
1254 742 136 72 hoc
1332 742 156 72 enim
1430 742 156 72 casu
1527 742 195 72 domino
1664 742 136 72 suo
1742 742 253 72 assistere
1937 742 214 72 debent,
2093 742 97 72 &
2112 742 195 72 excusan-

559 790 110 91 tur
622 790 79 91 a
654 790 189 91 delicto.
796 790 158 91 xxiii.
906 790 126 91 quid
985 790 95 91 i.
1032 790 126 91 Quid
1111 790 205 91 culpatur.
1269 790 110 91 vbi
1332 790 95 91 in
1379 790 126 91 fine
1458 790 189 91 dicitur.
1600 790 110 91 Vir
1663 790 158 91 iustus
1773 790 95 91 si
1820 790 142 91 forte
1915 790 110 91 sub
1978 790 158 91 iniquo
2088 790 126 91 rege
2151 790 158 91 homines-

555 845 179 93 crilego
685 845 195 93 militet,
831 845 146 93 recte
928 845 162 93 potest
1042 845 130 93 illo
1123 845 179 93 iubente
1253 845 179 93 bellare
1383 845 97 93 si
1432 845 146 93 vicem
1529 845 146 93 pacis
1627 845 162 93 ordine
1740 845 179 93 seruans
1870 845 130 93 quod
1952 845 130 93 sibi
2033 845 179 93 iubetur
2163 845 114 93 vel
2228 845 114 93 non

560 911 143 85 esse
649 911 179 85 contra
775 911 125 85 dei
846 911 268 85 praeceptum,
1060 911 125 85 vel
1132 911 161 85 vtrum
1239 911 125 85 sit
1311 911 179 85 certum
1436 911 125 85 non
1507 911 143 85 est:
1596 911 125 85 ita
1668 911 107 85 vt
1721 911 214 85 fortasse
1882 911 143 85 reum
1972 911 161 85 facit
2061 911 250 85 regeminiqui-

564 961 135 91 tas
641 961 269 91 imperandi:
852 961 269 91 innocentem
1064 961 173 91 autem
1179 961 211 91 militem
1333 961 173 91 dicit
1448 961 154 91 ordo
1544 961 269 91 seruiendi.
1756 961 115 91 Si
1813 961 154 91 vero
1909 961 231 91 superior
2082 961 135 91 pro
2140 961 173 91 iniuria

562 1011 162 99 eius,
670 1011 126 99 vel
742 1011 252 99 rebellione
940 1011 198 99 inuadat
1085 1011 270 99 inferiorem,
1301 1011 180 99 iustum
1427 1011 126 99 pro
1499 1011 108 99 se
1553 1011 90 99 &
1589 1011 126 99 pro
1661 1011 144 99 suis
1751 1011 162 99 debet
1859 1011 180 99 habere
1986 1011 180 99 bellum
2112 1011 108 99 in
2148 1011 162 99 opponem

557 1066 120 95 tes
625 1066 103 95 se
677 1066 120 95 pro
745 1066 205 95 iustitia
899 1066 222 95 facienda:
1070 1066 154 95 alias
1172 1066 137 95 vero
1258 1066 137 95 non.
1343 1066 137 95 vnde
1428 1066 137 95 cap.
1514 1066 154 95 eodem
1616 1066 103 95 in
1668 1066 222 95 principio
1839 1066 188 95 Nocendi
1975 1066 239 95 cupiditas,
2146 1066 171 95 vlciscem

558 1126 105 93 di
611 1126 263 93 crudelitas,
821 1126 245 93 implacatus
1014 1126 158 93 atque
1119 1126 280 93 implacabilis
1347 1126 158 93 animi
1452 1126 245 93 ferocitas,
1645 1126 175 93 libido
1768 1126 228 93 dominandi
1943 1126 88 93 &
1978 1126 210 93 similia:
2136 1126 140 93 haec
2206 1126 105 93 sunt

560 1174 139 100 quae
646 1174 104 100 in
699 1174 174 100 bellis
820 1174 139 100 iure
907 1174 243 100 culpantur,
1098 1174 139 100 quae
1185 1174 243 100 plaerumque
1376 1174 104 100 vt
1428 1174 156 100 etiam
1532 1174 139 100 iure
1619 1174 243 100 puniantur,
1810 1174 208 100 aduersus
1966 1174 243 100 violentias
2139 1174 174 100 resisten

558 1233 160 76 tium,
665 1233 142 76 siue
754 1233 89 76 a
789 1233 142 76 deo,
878 1233 142 76 siue
967 1233 107 76 ab
1020 1233 178 76 aliquo
1145 1233 213 76 legitimo
1305 1233 196 76 imperio
1447 1233 196 76 gerenda
1589 1233 142 76 ipsa
1678 1233 160 76 bella
1785 1233 302 76 suscipiuntur.
2034 1233 142 76 Bene
2122 1233 142 76 enim
2194 1233 124 76 dicit

547 1296 267 82 Augustinus
757 1296 115 82 de
814 1296 191 82 verbis
948 1296 210 82 domini.
1101 1296 229 82 Militare
1273 1296 134 82 non
1349 1296 134 82 est
1425 1296 248 82 delictum:
1616 1296 134 82 sed
1693 1296 210 82 propter
1846 1296 210 82 praedam
1998 1296 229 82 militare
2151 1296 153 82 pecca-

551 1338 122 92 tum
620 1338 140 92 est.
708 1338 140 92 ltem
795 1338 122 92 vbi
865 1338 175 92 supra.
987 1338 140 92 Apud
1074 1338 157 92 veros
1179 1338 122 92 dei
1249 1338 210 92 cultores
1406 1338 157 92 etiam
1511 1338 140 92 ipsa
1598 1338 157 92 bella
1703 1338 175 92 pacata
1825 1338 157 92 sunt:
1930 1338 140 92 quae
2018 1338 122 92 non
2087 1338 245 92 cupiditate

549 1394 133 101 aut
625 1394 303 101 crudelitate,
871 1394 133 101 sed
947 1394 171 101 pacis
1061 1394 189 101 studio
1193 1394 246 101 geruntur:
1383 1394 114 101 vt
1440 1394 152 101 mali
1534 1394 284 101 coerceantur
1762 1394 95 101 &
1799 1394 152 101 boni
1894 1394 303 101 subleuentur.
2140 1394 133 101 AAD
2197 1394 114 101 pri-

546 1447 101 104 mum
603 1447 87 104 in
647 1447 188 104 oppositum
791 1447 188 104 dicendum:
935 1447 116 104 quod
1008 1447 101 104 non
1065 1447 101 104 est
1123 1447 144 104 simile
1224 1447 87 104 de
1267 1447 130 104 poena
1354 1447 202 104 spirituali
1513 1447 72 104 &
1542 1447 202 104 corporali,
1701 1447 116 104 quia
1773 1447 116 104 quid
1845 1447 87 104 in
1888 1447 130 104 poena
1975 1447 188 104 spiritali
2119 1447 87 104 ex
2163 1447 101 104 vna
2206 1447 101 104 parte

535 1505 243 100 amittitur,
725 1505 104 100 ex
777 1505 139 100 bono
864 1505 260 100 obedientiae
1072 1505 312 100 recompensatur:
1332 1505 121 100 non
1401 1505 121 100 sic
1471 1505 156 100 autem
1575 1505 295 100 recompensatur
1818 1505 104 100 in
1870 1505 156 100 poena
1974 1505 243 100 corporali.
2147 1505 156 100 Propter

543 1564 157 97 quod,
647 1564 192 97 licitum
787 1564 122 97 est
856 1564 122 97 pro
926 1564 157 97 reatu
1031 1564 227 97 principis
1205 1564 174 97 punire
1327 1564 244 97 innocentes
1519 1564 209 97 subditos
1676 1564 157 97 poena
1780 1564 261 97 spirituali,
1989 1564 105 97 vt
2042 1564 122 97 per
2111 1564 157 97 illam
2198 1564 105 97 prin

537 1621 166 92 cipes
647 1621 185 92 citius
776 1621 295 92 corrigantur:
1016 1621 129 92 non
1090 1621 166 92 autem
1201 1621 166 92 poena
1312 1621 258 92 corporali.
1515 1621 111 92 AD
1570 1621 221 92 secundum
1736 1621 148 92 quod
1828 1621 129 92 pro
1902 1621 203 92 peccato
2050 1621 166 92 Dauid
2142 1621 166 92 punitus

536 1677 153 85 fuit
632 1677 230 85 populus:
804 1677 230 85 Dicendum
977 1677 153 85 quod
1073 1677 173 85 ratio
1188 1677 173 85 huius
1303 1677 173 85 erat,
1418 1677 153 85 quia
1514 1677 230 85 nocentes
1687 1677 134 85 non
1764 1677 269 85 innocentes
1975 1677 192 85 erant:
2109 1677 96 85 &
2148 1677 134 85 hoc
2205 1677 96 85 fa-

530 1733 126 98 cto
602 1733 162 98 Dauid
710 1733 108 98 in
765 1733 126 98 quo
837 1733 217 98 peccauit
999 1733 307 98 consentiendo,
1252 1733 126 98 vel
1324 1733 126 98 non
1396 1733 271 98 resistendo,
1613 1733 108 98 vt
1667 1733 162 98 dicit
1776 1733 199 98 glossa,
1920 1733 126 98 vel
1992 1733 108 98 in
2046 1733 162 98 aliis
2137 1733 162 98 peccan-

531 1783 119 90 do
591 1783 179 90 Dauid
710 1783 219 90 peccata
869 1783 179 90 eorum
989 1783 139 90 non
1068 1783 298 90 corrigente:
1307 1783 219 90 propter
1466 1783 159 90 quod
1566 1783 179 90 iuste
1685 1783 119 90 in
1745 1783 239 90 peccatum
1924 1783 239 90 incidere
2083 1783 219 90 permissus

532 1844 92 85 &
568 1844 203 85 propter
716 1844 166 85 illud
827 1844 240 85 peccatum,
1011 1844 148 85 quia
1103 1844 166 85 eorum
1214 1844 240 85 occasione
1398 1844 240 85 commissum
1583 1844 148 85 est,
1675 1844 166 85 iuste
1786 1844 203 85 punitus
1933 1844 148 85 est.
2025 1844 203 85 dicente
2154 1844 148 85 ibidem

532 1895 216 96 Gregorio
694 1895 108 96 in
748 1895 198 96 glossa.
892 1895 126 96 Pro
964 1895 288 96 qualitatibus
1198 1895 252 96 subditorum
1396 1895 270 96 disponuntur
1611 1895 144 96 acta
1701 1895 252 96 regentium,
1899 1895 108 96 vt
1953 1895 162 96 saepe
2061 1895 126 96 pro
2133 1895 144 96 malo
2205 1895 90 96 gre

530 1959 126 68 gis
602 1959 126 68 ent
674 1959 144 68 vere
764 1959 144 68 boni
854 1959 234 68 delinquat
1034 1959 144 68 vita
1124 1959 234 68 pastoris.
1304 1959 162 68 Dauid
1412 1959 126 68 deo
1485 1959 162 68 teste
1593 1959 216 68 laudatus
1755 1959 180 68 tumore
1881 1959 234 68 repentino
2061 1959 234 68 elationis
2223 1959 72 68 po

535 2016 182 71 pulum
656 2016 263 71 numerando
859 2016 263 71 peccauit:
1061 2016 101 71 &
1102 2016 223 71 populus
1264 2016 203 71 poenam
1406 2016 263 71 suscepit:
1608 2016 162 71 quia
1710 2016 243 71 secundum
1892 2016 203 71 melita
2034 2016 223 71 plebium
2175 2016 122 71 dis-

534 2068 231 84 ponuntur
707 2068 173 84 corda
822 2068 250 84 rectorum.
1014 2068 173 84 ludex
1129 2068 154 84 vero
1225 2068 192 84 iustus
1360 2068 250 84 peccantis
1552 2068 192 84 vitium
1686 2068 115 84 ex
1744 2068 211 84 ipsorum
1898 2068 346 84 animaduersione
2167 2068 134 84 corri

530 2125 152 85 puit
625 2125 190 85 quorum
758 2125 171 85 causa
871 2125 247 85 peccauit.
1061 2125 247 85 Quandoque
1251 2125 171 85 etiam
1365 2125 171 85 iusti
1478 2125 95 85 &
1516 2125 266 85 innocentes
1725 2125 303 85 permittuntur
1972 2125 171 85 simul
2085 2125 190 85 puniri
2199 2125 95 85 cum

518 2179 201 90 impiis
659 2179 101 90 a
699 2179 222 90 domino,
860 2179 121 90 vt
921 2179 181 90 eorum
1041 2179 242 90 probetur
1223 2179 282 90 patientia:
1444 2179 101 90 &
1484 2179 302 90 augmentetur
1726 2179 222 90 gloria.
1887 2179 302 90 quemadmodum
2129 2179 141 90 lob
2189 2179 101 90 per

522 2227 156 89 misit
626 2227 87 89 a
660 2227 190 89 diabolo
799 2227 260 89 flagellari.
1006 2227 121 89 Sed
1076 2227 156 89 talia
1179 2227 156 89 facta
1283 2227 156 89 nihil
1387 2227 104 89 ad
1439 2227 242 89 propositum
1629 2227 190 89 valent.
1768 2227 121 89 Sic
1837 2227 138 89 enim
1924 2227 242 89 innocentes
2114 2227 87 89 a
2131 2227 156 89 crimine

521 2279 177 97 solum
639 2279 197 97 punire
777 2279 197 97 potest
915 2279 138 97 qui
994 2279 197 97 potest
1132 2279 217 97 occulta
1289 2279 256 97 meritorum
1486 2279 98 97 &
1526 2279 295 97 demeritorum
1762 2279 295 97 discernere.
1999 2279 158 97 Vnde
2077 2279 217 97 iudicibus

523 2331 94 91 &
561 2331 282 91 principibus
787 2331 169 91 mundi
900 2331 207 91 proponi
1050 2331 132 91 non
1126 2331 207 91 possunt
1276 2331 113 91 in
1333 2331 245 91 exemplum,
1521 2331 113 91 vt
1578 2331 188 91 iustos
1709 2331 188 91 punire
1841 2331 207 91 possint
1992 2331 132 91 cum
2067 2331 207 91 impiis,
2199 2331 94 91 vel

531 2397 122 88 pro
600 2397 175 88 ipsis.
723 2397 105 88 AD
775 2397 210 88 tertium:
933 2397 140 88 quod
1020 2397 122 88 pro
1090 2397 192 88 peccato
1230 2397 245 88 voluntatis
1423 2397 157 88 iuste
1528 2397 227 88 puniuntur
1703 2397 157 88 vires
1808 2397 245 88 inferiores
2000 2397 87 88 &
2035 2397 175 88 membra
2158 2397 122 88 &c.
2210 2397 70 88 Di

517 2453 180 74 cendum
643 2453 144 74 quod
733 2453 126 74 non
805 2453 126 74 est
877 2453 198 74 simile:
1021 2453 144 74 quia
1111 2453 108 74 in
1165 2453 162 74 eadem
1273 2453 252 74 substantia
1472 2453 252 74 radicantur
1670 2453 162 74 omnes
1778 2453 162 74 vires
1886 2453 270 74 animaecuius
2102 2453 126 74 est
2156 2453 126 74 agere

510 2501 94 88 &
548 2501 151 88 pati
642 2501 132 88 per
717 2501 226 88 singulas
887 2501 188 88 vires.
1019 2501 207 88 propter
1169 2501 151 88 quod
1263 2501 207 88 peccans
1414 2501 226 88 secundum
1583 2501 151 88 vnam
1678 2501 151 88 vim,
1772 2501 169 88 iuste
1885 2501 188 88 puniri
2016 2501 188 88 potest
2129 2501 151 88 secun-

513 2556 123 89 dum
584 2556 175 89 omnes,
706 2556 140 89 quia
794 2556 140 89 ipsa
882 2556 158 89 eadem
987 2556 123 89 est
1057 2556 105 89 in
1110 2556 193 89 omnibus
1250 2556 140 89 quae
1338 2556 210 89 patitur:
1496 2556 123 89 non
1566 2556 123 89 sic
1636 2556 158 89 autem
1741 2556 158 89 esset
1847 2556 105 89 si
1899 2556 158 89 vires
2004 2556 175 89 essent
2110 2556 175 89 connerae

509 2605 110 99 in
564 2605 274 99 substantia:
783 2605 274 99 quemadmodum
1002 2605 146 99 sunt
1093 2605 219 99 princeps
1257 2605 91 99 &
1294 2605 219 99 subditi.
1458 2605 110 99 De
1513 2605 201 99 membris
1659 2605 164 99 etiam
1768 2605 219 99 sciendum
1932 2605 128 99 est
2005 2605 146 99 quod
2097 2605 110 99 in
2151 2605 128 99 eis
2206 2605 73 99 ni

503 2669 114 110 hil
568 2669 180 110 punitur
699 2669 131 110 nisi
780 2669 131 110 quod
862 2669 180 110 sentit,
992 2669 82 110 &
1025 2669 131 110 quod
1107 2669 163 110 sentit
1221 2669 114 110 non
1286 2669 114 110 est
1352 2669 131 110 nisi
1433 2669 163 110 anima.
1547 2669 180 110 propter
1678 2669 131 110 quod
1760 2669 98 110 in
1809 2669 114 110 eis
1874 2669 147 110 adhuc
1972 2669 147 110 nihil
2070 2669 180 110 punitur
2184 2669 98 110 nisi

505 2719 180 61 anima
625 2719 160 61 quae
705 2719 219 61 peccauit.

833 2771 199 104 Equitur
978 2771 108 104 de
1032 2771 235 104 quaesitis
1213 2771 163 104 circa
1321 2771 235 104 praelatos
1502 2771 343 104 ecclesiasticos.
1791 2771 127 104 Vbi
1863 2771 271 104 quaerebatur
2080 2771 145 104 vnum
2152 2771 127 104 perti

825 2828 151 86 nens
920 2828 114 86 ad
977 2828 341 86 dispensationem
1261 2828 303 86 temporalium.
1507 2828 95 86 &
1545 2828 189 86 deinde
1677 2828 208 86 quaedam
1829 2828 151 86 alia
1923 2828 284 86 pertinentia
2150 2828 114 86 ad
2188 2828 95 86 dis

825 2891 277 89 pensationem
1046 2891 314 89 spiritualium.
1304 2891 166 89 Illud
1415 2891 148 89 vnum
1507 2891 166 89 erat,
1618 2891 166 89 vtrum
1729 2891 184 89 liceat
1858 2891 129 89 eos
1931 2891 240 89 superflua
2098 2891 184 89 retinere

825 2943 110 83 Ex
880 2943 220 83 arguitur
1045 2943 147 83 quod
1136 2943 147 83 non.
1228 2943 202 83 Bernar.
1375 2943 110 83 ad
1430 2943 220 83 Henricum
1595 2943 202 83 Senonem
1741 2943 348 83 archiepiscopum.
2035 2943 202 83 Clamant
2163 2943 110 83 nudi

825 2998 196 76 clamant
967 2998 231 76 famelici,
1145 2998 284 76 conqueruntur
1376 2998 89 76 &
1412 2998 196 76 dicunt.
1554 2998 196 76 Dicitce
1696 2998 249 76 pontifices
1892 2998 107 76 in
1945 2998 178 76 fraeno
2069 2998 142 76 quid
2141 2998 124 76 facit

819 3043 169 96 aurum
932 3043 169 96 nobis
1045 3043 150 96 fame
1138 3043 94 96 &
1176 3043 207 96 frigore
1326 3043 319 96 miserabiliter
1589 3043 319 96 laborantibus:
1852 3043 150 96 Quid
1946 3043 244 96 conferunt
2134 3043 131 96 tot
2190 3043 75 96 mu

494 3098 178 98 tatoria
623 3098 113 98 vel
688 3098 178 98 extensa
817 3098 97 98 in
866 3098 194 98 perticis
1011 3098 113 98 vel
1076 3098 178 98 plicata
1205 3098 97 98 in
1254 3098 210 98 manticis:
1415 3098 178 98 Nostrum
1545 3098 113 98 est
1609 3098 129 98 quod
1690 3098 242 98 effunditis:
1884 3098 145 98 nobis
1981 3098 226 98 crudeliter
2143 3098 129 98 subtra
