2444 3746
453 229 160 79 simul
560 229 195 79 aliquid
702 229 267 79 naturaliter
915 229 231 79 generari:
1093 229 89 79 &
1129 229 124 79 qua
1200 229 195 79 ratione
1342 229 195 79 aliquid
1484 229 178 79 aliud,
1608 229 160 79 eadem
1715 229 195 79 ratione
1857 229 89 79 &
1893 229 195 79 vermis:
2035 229 142 79 quia
2124 229 178 79 aequa-

462 307 114 64 lis
527 307 245 64 difficultas
723 307 114 64 est
788 307 228 64 vtrobique.
967 307 196 64 DIcendum
1114 307 196 64 secundum
1261 307 130 64 quod
1342 307 147 64 alias
1440 307 196 64 diximus:
1587 307 130 64 quod
1668 307 179 64 species
1799 307 147 64 illae
1896 307 98 64 in
1945 307 179 64 omnibus
2076 307 163 64 eandem
2173 307 82 64 vim

452 361 173 74 habent
573 361 104 74 in
625 361 173 74 agendo
746 361 87 74 &
780 361 208 74 patiendo
936 361 173 74 absque
1057 361 156 74 forma
1161 361 277 74 substantiali
1386 361 87 74 &
1421 361 190 74 materia
1559 361 138 74 quae
1645 361 242 74 praecessit
1836 361 121 74 sub
1905 361 138 74 eis,
1991 361 138 74 quam
2078 361 173 74 habuit
2182 361 69 74 ip

447 414 122 60 sum
516 414 243 60 compositum
707 414 104 60 ex
760 414 139 60 eis.
847 414 191 60 Propter
986 414 139 60 quod
1073 414 122 60 per
1142 414 156 60 agens
1246 414 209 60 naturale
1403 414 296 60 appropinquans
1646 414 174 60 potest
1768 414 209 60 generari
1925 414 104 60 ex
1977 414 156 60 illis
2064 414 191 60 speciebus

459 471 79 64 &
491 471 175 64 produci
618 471 191 64 quicquid
761 471 191 64 generari
904 471 159 64 posset
1015 471 95 64 ex
1063 471 127 64 illo
1143 471 223 64 composito:
1317 471 79 64 &
1349 471 175 64 produci
1476 471 95 64 ex
1524 471 191 64 materia:
1667 471 111 64 ita
1731 471 127 64 quod
1810 471 223 64 quaecumque
1985 471 143 64 forma
2080 471 79 64 a
2096 471 159 64 naturali

456 522 165 64 agente
571 522 165 64 posset
686 522 181 64 produci
818 522 99 64 ex
868 522 181 64 materia
999 522 132 64 quae
1082 522 231 64 praecessit
1263 522 82 64 &
1296 522 99 64 ex
1346 522 148 64 illis
1444 522 231 64 speciebus,
1626 522 115 64 non
1692 522 165 64 refert
1807 522 99 64 in
1856 522 181 64 aliquo:
1988 522 132 64 nisi
2071 522 132 64 quod
2137 522 115 64 forma

453 573 220 68 producta
617 573 110 68 de
672 573 201 68 materia
819 573 128 68 cum
892 573 146 68 ipsa
983 573 201 68 materia
1130 573 293 68 constitueret
1368 573 146 68 vnum
1459 573 293 68 substantiale
1697 573 91 68 &
1734 573 220 68 secundum
1898 573 293 68 substantiam:
2118 573 128 68 forma

453 629 157 67 autem
557 629 175 67 educta
680 629 105 67 de
732 629 210 67 potentia
889 629 227 67 specierum
1064 629 140 67 quae
1151 629 192 67 fuerunt
1291 629 280 67 sacramentum,
1518 629 122 67 non
1588 629 245 67 constituit
1780 629 122 67 cum
1850 629 157 67 ipsis
1955 629 227 67 speciebus
2130 629 122 67 iam
2182 629 70 67 fa

461 681 139 69 ctis
548 681 122 69 per
617 681 331 69 transmutationem
896 681 227 69 speciebus
1071 681 174 69 vermis
1193 681 105 69 ex
1245 681 227 69 speciebus
1419 681 261 69 sacramenti,
1628 681 139 69 nisi
1716 681 139 69 vnum
1803 681 261 69 accidentale
2012 681 139 69 siue
2099 681 139 69 vnum
2169 681 87 69 per

456 745 210 64 accidens:
617 745 81 64 &
650 745 145 64 esset
746 745 97 64 in
795 745 129 64 illo
875 745 113 64 vno
940 745 113 64 per
1004 745 194 64 accidens
1150 745 145 64 forma
1247 745 274 64 substantialis
1472 745 129 64 sine
1553 745 178 64 materia
1682 745 145 64 sicut
1779 745 81 64 &
1811 745 145 64 ipsae
1908 745 194 64 species:
2053 745 81 64 &
2086 745 145 64 esset
2166 745 81 64 ver

462 799 111 56 mis
525 799 95 56 in
573 799 142 56 forma
668 799 253 56 substantiali
873 799 126 56 fine
952 799 190 56 materia.
1094 799 95 56 Et
1141 799 142 56 licet
1236 799 174 56 species
1363 799 142 56 illae
1457 799 190 56 postquam
1599 799 158 56 factae
1710 799 126 56 sunt
1789 799 158 56 vermis
1900 799 79 56 &
1931 799 253 56 configuratae
2136 799 95 56 ei
2168 799 79 56 non

455 843 131 56 sunt
536 843 98 56 de
586 843 180 56 caetero
717 843 180 56 species
847 843 246 56 sacramenti:
1044 843 196 56 virtutem
1191 843 147 56 tamen
1289 843 147 56 adhuc
1388 843 164 56 habent
1502 843 196 56 materiae
1649 843 131 56 quae
1731 843 147 56 fuit:
1829 843 115 56 ita
1895 843 131 56 quod
1977 843 147 56 istud
2059 843 196 56 compositum

459 899 139 68 sine
545 899 191 68 materia
684 899 173 68 eandem
805 899 121 68 vim
875 899 156 68 habet
979 899 104 68 in
1031 899 173 68 agendo
1152 899 87 68 &
1187 899 208 68 patiendo
1343 899 139 68 quam
1429 899 191 68 haberet
1568 899 121 68 cum
1637 899 191 68 materia
1776 899 139 68 quae
1863 899 260 68 praecessit:
2071 899 104 68 vt
2105 899 139 68 videli

459 954 121 53 cet
528 954 258 53 nutrimentum
734 954 155 53 verum
838 954 207 53 attrahat
993 954 207 53 postquam
1148 954 224 53 generatum
1320 954 138 53 est:
1407 954 86 53 &
1441 954 224 53 praeparet
1613 954 155 53 ipsum
1717 954 224 53 alterando
1889 954 103 53 vi
1941 954 241 53 nutritiua:
2130 954 103 53 vt
2165 954 86 53 pro

456 1009 143 60 pria
546 1009 161 60 forma
653 1009 215 60 corrupta
815 1009 287 60 substernatur
1048 1009 179 60 formae
1173 1009 143 60 illi
1263 1009 305 60 substantiali:
1514 1009 90 60 &
1550 1009 143 60 ipsa
1639 1009 269 60 informetur:
1855 1009 269 60 quemadmodum
2052 1009 197 60 informata

459 1063 187 58 fuisset
595 1063 102 58 si
646 1063 289 58 praecessisset
884 1063 187 58 materia
1019 1063 119 58 cui
1087 1063 153 58 vnita
1189 1063 204 58 fuisset.
1342 1063 85 58 &
1376 1063 221 58 consimili
1546 1063 136 58 modo
1631 1063 289 58 dimensionibus
1868 1063 204 58 inuentis
2004 1063 238 58 substernetur

454 1116 112 61 vt
510 1116 243 61 informent
698 1116 131 61 iam
772 1116 262 61 compositum
978 1116 112 61 ex
1034 1116 206 61 materia
1184 1116 94 61 &
1222 1116 168 61 forma
1334 1116 168 61 sicut
1446 1116 225 61 fecerunt
1615 1116 168 61 prius
1727 1116 168 61 illud
1839 1116 262 61 compositum
2045 1116 150 61 quod
2120 1116 131 61 tran-

459 1161 309 68 substantiatum
713 1161 145 68 est:
804 1161 91 68 &
841 1161 127 68 sua
913 1161 200 68 virtute
1059 1161 273 68 dimensiones
1277 1161 218 68 inuentas
1441 1161 255 68 augmentet:
1641 1161 273 68 quemadmodum
1859 1161 291 68 augmentasset
2096 1161 109 68 si
2132 1161 109 68 ali-

459 1219 120 62 cui
527 1219 206 62 materiae
682 1219 257 62 praecedenti
887 1219 103 62 in
938 1219 223 62 composito
1110 1219 274 62 substantiali
1332 1219 154 62 vnita
1435 1219 206 62 fuisset.
1589 1219 86 62 &
1623 1219 120 62 per
1692 1219 120 62 hoc
1760 1219 171 62 vermis
1880 1219 120 62 qui
1949 1219 154 62 prius
2052 1219 137 62 erat
2137 1219 137 62 vnum

466 1273 231 67 compositum
647 1273 115 67 per
713 1273 198 67 accidens
861 1273 82 67 &
894 1273 115 67 non
960 1273 313 67 substantialiter
1223 1273 132 67 nisi
1305 1273 148 67 forma
1404 1273 165 67 absque
1519 1273 198 67 materia:
1668 1273 165 67 habens
1783 1273 148 67 tamen
1882 1273 99 67 ab
1931 1273 148 67 illis
2013 1273 231 67 accidentibus

463 1328 155 64 omnem
566 1328 120 64 vim
635 1328 86 64 &
669 1328 293 64 dispositionem
910 1328 138 64 quam
996 1328 189 64 haberet
1134 1328 103 64 ex
1185 1328 206 64 materia,
1340 1328 120 64 per
1409 1328 258 64 nutritionem
1616 1328 120 64 sit
1684 1328 138 64 vnum
1770 1328 241 64 compositum
1960 1328 275 64 substantiale
2166 1328 69 64 ex

458 1378 188 63 materia
595 1378 85 63 &
629 1378 171 63 forma:
748 1378 103 63 vt
800 1378 120 63 sic
868 1378 171 63 absque
988 1378 137 63 nouo
1073 1378 205 63 miraculo
1227 1378 290 63 superueniente
1466 1378 222 63 supposita
1637 1378 103 63 vi
1688 1378 222 63 derelicta
1859 1378 103 63 in
1910 1378 222 63 speciebus
2081 1378 103 63 ex
2115 1378 120 63 primo

462 1434 202 67 miraculo
614 1434 152 67 opere
715 1434 185 67 naturae
850 1434 185 67 ponamus
985 1434 152 67 omnia
1086 1434 135 67 haec
1170 1434 169 67 fieri.
1288 1434 169 67 Semper
1406 1434 135 67 enim
1490 1434 135 67 quid
1575 1434 169 67 potest
1693 1434 135 67 poni
1777 1434 169 67 absque
1895 1434 202 67 miraculo
2047 1434 101 67 in
2080 1434 152 67 talibus

463 1491 167 54 melius
580 1491 117 54 est
647 1491 217 54 ascribere
813 1491 183 54 naturae
946 1491 167 54 omnino
1063 1491 133 54 quam
1146 1491 200 54 miraculo
1296 1491 183 54 omnino:
1430 1491 117 54 aut
1496 1491 167 54 partim
1613 1491 183 54 naturae
1746 1491 167 54 partim
1863 1491 217 54 miraculo.
2029 1491 133 54 Deus
2113 1491 133 54 enim
2179 1491 67 54 pm

465 1541 211 60 Augustinus
630 1541 105 60 sic
691 1541 105 60 res
751 1541 226 60 administrat
931 1541 90 60 vt
976 1541 120 60 eas,
1052 1541 181 60 proprios
1187 1541 135 60 motus
1277 1541 135 60 agere
1368 1541 150 60 sinat:
1473 1541 105 60 nec
1533 1541 150 60 vnquam
1638 1541 135 60 facit
1729 1541 135 60 nouum
1819 1541 211 60 miraculum:
1984 1541 120 60 nisi
2059 1541 135 60 finis
2135 1541 105 60 alius

463 1594 199 73 specialis
616 1594 107 73 sit
677 1594 123 73 quam
754 1594 169 73 naturae
876 1594 215 73 adiutorium
1045 1594 92 73 in
1091 1594 107 73 sua
1152 1594 230 73 operatione.
1336 1594 92 73 vt
1382 1594 107 73 non
1443 1594 107 73 sit
1505 1594 107 73 hic
1566 1594 169 73 necesse
1688 1594 153 73 ponere
1796 1594 123 73 quod
1872 1594 92 73 in
1918 1594 230 73 corruptione
2087 1594 153 73 naturali

462 1649 219 64 specierum
631 1649 185 64 materia
765 1649 337 64 transubstantiata
1052 1649 152 64 eadem
1153 1649 168 64 numero
1271 1649 118 64 per
1338 1649 236 64 creationem
1524 1649 118 64 aut
1591 1649 253 64 reuersionem
1793 1649 270 64 qualencumque
2012 1649 118 64 sub
2063 1649 185 64 speciebus

462 1704 152 66 illis
564 1704 220 66 habeatur:
733 1704 118 66 aut
801 1704 135 66 quod
885 1704 169 66 aliqua
1004 1704 135 66 alia
1088 1704 102 66 de
1139 1704 135 66 nouo
1224 1704 118 66 sub
1291 1704 152 66 ipsis
1393 1704 203 66 creetur:
1545 1704 118 66 aut
1613 1704 102 66 ab
1664 1704 152 66 extra
1765 1704 203 66 addatur:
1917 1704 102 66 in
1968 1704 152 66 cuius
2053 1704 186 66 potentiam

451 1763 177 58 cedunt
575 1763 248 58 accidentia
770 1763 124 58 cum
841 1763 301 58 corrumpuntur:
1089 1763 89 58 &
1124 1763 159 58 forma
1231 1763 142 58 alia
1319 1763 124 58 cum
1390 1763 142 58 suis
1478 1763 213 58 propriis
1638 1763 283 58 accidentibus
1868 1763 248 58 generetur:
2063 1763 106 58 vt
2116 1763 106 58 in
2151 1763 89 58 eo-

460 1814 109 64 dem
523 1814 186 64 instanti
662 1814 140 64 fiant
756 1814 124 64 haec
833 1814 140 64 tria.
927 1814 186 64 scilicet
1067 1814 233 64 accidentium
1253 1814 124 64 post
1331 1814 249 64 praecedentem
1533 1814 249 64 alterationem
1735 1814 218 64 corruptio:
1906 1814 78 64 &
1937 1814 186 64 materiae
2061 1814 171 64 adiunctio

461 1868 78 55 &
493 1868 156 55 formae
602 1868 94 55 de
649 1868 125 55 ipsa
727 1868 219 55 productio.
898 1868 219 55 Quaecumque
1070 1868 140 55 autem
1164 1868 140 55 harum
1258 1868 203 55 opinionum
1414 1868 187 55 teneatur
1554 1868 109 55 non
1617 1868 187 55 reprobo:
1757 1868 109 55 nec
1820 1868 219 55 praedictam
1991 1868 203 55 opinionem
2132 1868 109 55 omni-

456 1910 91 80 no
501 1910 167 80 assero.
623 1910 106 80 Est
683 1910 137 80 autem
774 1910 137 80 alius
865 1910 137 80 modus
957 1910 167 80 ponendi
1078 1910 137 80 magis
1169 1910 167 80 congruu
1290 1910 182 80 scilicet
1427 1910 121 80 quod
1503 1910 167 80 species
1624 1910 137 80 illae
1715 1910 106 80 non
1776 1910 137 80 solum
1867 1910 121 80 sunt
1943 1910 91 80 in
1988 1910 182 80 potentia
2125 1910 91 80 ad
2155 1910 76 80 for

461 1976 123 55 mam:
538 1976 108 55 sed
599 1976 108 55 per
661 1976 93 55 se
707 1976 93 55 ad
754 1976 216 55 compositum
923 1976 93 55 ex
969 1976 170 55 materia
1093 1976 77 55 &
1124 1976 154 55 forma:
1232 1976 77 55 &
1262 1976 93 55 in
1309 1976 185 55 potentia
1448 1976 93 55 ad
1494 1976 231 55 substantiam
1679 1976 185 55 materiae
1818 1976 231 55 producendam
2003 1976 93 55 in
2049 1976 139 55 esse:
2126 1976 108 55 sicut

458 2022 82 77 &
490 2022 99 77 ad
540 2022 247 77 substantiam
738 2022 181 77 formae:
870 2022 82 77 &
903 2022 115 77 sic
969 2022 247 77 naturaliter
1167 2022 165 77 absque
1282 2022 132 77 omni
1365 2022 198 77 miraculo
1513 2022 82 77 &
1546 2022 132 77 noua
1629 2022 214 77 creatione
1794 2022 165 77 vermis
1909 2022 132 77 iste
1992 2022 231 77 generatur.
2157 2022 82 77 Nec

457 2074 110 64 est
520 2074 110 64 hic
583 2074 235 64 difficultas
771 2074 94 64 in
818 2074 157 64 aliquo
928 2074 126 64 nisi
1007 2074 110 64 quo
1069 2074 94 64 ad
1117 2074 126 64 hoc:
1195 2074 126 64 quod
1274 2074 220 64 substantia
1446 2074 188 64 materiae
1587 2074 126 64 esse
1666 2074 204 64 reciperet
1823 2074 141 64 nouum
1917 2074 94 64 in
1964 2074 220 64 composito:
2121 2074 110 64 sicut

460 2132 79 65 &
492 2132 220 65 substantia
665 2132 173 65 formae,
790 2132 126 65 quod
869 2132 110 65 non
932 2132 204 65 contingit
1089 2132 94 65 in
1136 2132 141 65 aliis
1230 2132 283 65 generationibus
1466 2132 251 65 naturalibus.
1670 2132 94 65 AD
1717 2132 157 65 primum
1827 2132 94 65 in
1875 2132 220 65 oppositum:
2047 2132 126 65 quod
2126 2132 94 65 ex
2157 2132 79 65 non

459 2185 224 79 substantia
635 2185 112 79 non
699 2185 112 79 sit
763 2185 240 79 substantia:
954 2185 192 79 dicendum
1098 2185 128 79 quod
1178 2185 144 79 verum
1274 2185 112 79 est
1338 2185 144 79 nullo
1434 2185 272 79 praesupposito
1658 2185 208 79 miraculo.
1817 2185 272 79 Praesupposito
2041 2185 144 79 tamen
2137 2185 128 79 quod

457 2240 119 58 per
525 2240 222 58 miraculum
696 2240 119 58 non
764 2240 239 58 substantia
952 2240 102 58 vt
1003 2240 136 58 sola
1088 2240 239 58 accidentia
1276 2240 188 58 habeant
1412 2240 154 58 omnem
1515 2240 119 58 vim
1583 2240 85 58 &
1617 2240 239 58 efficaciam
1805 2240 273 58 substantiae,
2026 2240 136 58 bene
2095 2240 136 58 possi-

458 2298 126 56 bile
537 2298 111 56 est
600 2298 95 56 ex
648 2298 111 56 non
711 2298 221 56 substantia
885 2298 190 56 generari
1027 2298 253 56 substantiam.
1232 2298 158 56 Aliter
1343 2298 126 56 enim
1422 2298 111 56 nec
1485 2298 142 56 ipsae
1579 2298 174 56 species
1706 2298 190 56 alterari
1848 2298 174 56 possent
1974 2298 111 56 nec
2037 2298 158 56 omnino
2132 2298 95 56 cor-

452 2353 154 62 rumpi
554 2353 137 62 nisi
640 2353 222 62 desitione
810 2353 102 62 in
862 2353 119 62 non
930 2353 154 62 esse:
1032 2353 119 62 cum
1101 2353 102 62 in
1152 2353 102 62 eo
1203 2353 137 62 quod
1288 2353 137 62 sunt
1374 2353 222 62 quantitas
1544 2353 205 62 separata
1698 2353 119 62 non
1766 2353 188 62 habeant
1903 2353 171 62 omnino
2005 2353 222 62 contrarium.

487 2398 100 77 AD
537 2398 201 77 secundum
688 2398 134 77 quod
772 2398 151 77 nihil
872 2398 218 77 generatur
1040 2398 134 77 nisi
1124 2398 100 77 de
1174 2398 201 77 potentia
1325 2398 218 77 materiae:
1492 2398 268 77 respondendum
1710 2398 117 77 est
1777 2398 151 77 eodem
1877 2398 151 77 modo,
1978 2398 151 77 null.
2062 2398 167 77 scilicet

459 2451 305 70 praesupposito
710 2451 215 70 miraculo
871 2451 126 70 quo
943 2451 126 70 non
1015 2451 197 70 materia
1158 2451 161 70 habet
1266 2451 161 70 omnem
1373 2451 126 70 vim
1445 2451 233 70 materiae:
1624 2451 126 70 quo
1696 2451 305 70 praesupposito
1947 2451 108 70 ex
2001 2451 126 70 non
2055 2451 179 70 potentia

452 2514 217 54 materiae,
619 2514 117 54 sed
686 2514 100 54 ex
736 2514 100 54 eo
786 2514 133 54 quod
869 2514 150 54 habet
969 2514 150 54 omnem
1069 2514 117 54 vim
1136 2514 217 54 potentiae
1302 2514 217 54 materiae,
1469 2514 100 54 vt
1519 2514 100 54 in
1569 2514 233 54 proposito,
1753 2514 133 54 bene
1836 2514 167 54 potest
1953 2514 150 54 fieri
2053 2514 133 54 pure
2136 2514 133 54 natu

454 2566 140 74 ralis
548 2566 218 74 generatio.
719 2566 124 74 Dico
797 2566 171 74 quantum
921 2566 93 74 ad
968 2566 249 74 productionem
1170 2566 156 74 formae
1279 2566 93 74 in
1326 2566 124 74 esse
1403 2566 124 74 actu
1481 2566 93 74 de
1528 2566 109 74 non
1590 2566 124 74 esse
1668 2566 124 74 actu
1746 2566 109 74 sed
1808 2566 93 74 in
1855 2566 187 74 potentia
1995 2566 156 74 tantum
2104 2566 156 74 absque

448 2619 148 52 omni
541 2619 260 52 creatione:
745 2619 93 52 &
782 2619 167 52 etiam
894 2619 204 52 quantum
1042 2619 111 52 ad
1098 2619 334 52 constitutionem
1376 2619 167 52 vnius
1487 2619 130 52 per
1561 2619 241 52 accidens:
1747 2619 167 52 licet
1858 2619 130 52 non
1932 2619 204 52 quantum
2081 2619 111 52 ad
2118 2619 111 52 con-

452 2668 264 74 stitutionem
663 2668 158 74 vnius
769 2668 228 74 compositi
944 2668 211 74 secundum
1103 2668 264 74 substantiam
1313 2668 141 74 quod
1401 2668 123 74 est
1471 2668 123 74 per
1542 2668 105 74 se
1594 2668 228 74 generatum
1770 2668 105 74 in
1823 2668 281 74 naturalibus:
2051 2668 123 74 aut
2104 2668 123 74 secun

450 2723 138 61 dum
529 2723 177 61 aliam
647 2723 276 61 positionem
864 2723 217 61 quantum
1022 2723 118 61 ad
1081 2723 315 61 generationem
1337 2723 256 61 compositi
1534 2723 118 61 ex
1593 2723 217 61 materia
1751 2723 99 61 &
1770 2723 158 61 forma.

789 2769 133 67 Irca
873 2769 183 67 quartum
1006 2769 200 67 arguitur
1155 2769 133 67 quod
1238 2769 150 67 ignis
1338 2769 166 67 possit
1454 2769 266 67 infrigidari:
1671 2769 83 67 &
1704 2769 116 67 hoc
1770 2769 100 67 ab
1820 2769 166 67 agente
1937 2769 216 67 naturali:
2103 2769 100 67 vt
2136 2769 100 67 quan

787 2834 101 71 do
838 2834 101 71 ex
888 2834 135 71 igne
972 2834 219 71 generatur
1141 2834 135 71 aqua
1225 2834 118 71 per
1293 2834 202 71 actionem
1444 2834 219 71 naturalem
1613 2834 152 71 aquae
1714 2834 101 71 in
1764 2834 152 71 ignem
1865 2834 135 71 quam
1949 2834 236 71 necessario
2118 2834 101 71 prae

788 2886 154 58 cedit
891 2886 223 58 alteratio
1062 2886 120 58 qua
1130 2886 137 58 aqua
1216 2886 154 58 ignem
1319 2886 188 58 alterat
1456 2886 274 58 infrigidando
1678 2886 86 58 &
1712 2886 257 58 humectando.
1918 2886 86 58 &
1952 2886 103 58 si
2003 2886 154 58 agens
2106 2886 154 58 natu-

794 2941 123 54 rale
870 2941 107 54 hoc
932 2941 153 54 potest
1039 2941 153 54 facere
1147 2941 246 54 aliqualiter:
1346 2941 92 54 vt
1392 2941 184 54 scilicet
1530 2941 215 54 remittatur
1699 2941 92 54 in
1745 2941 153 54 calore
1853 2941 77 54 &
1883 2941 230 54 aliqualiter
2068 2941 123 54 fiat
2129 2941 92 54 fri-

788 2996 177 71 gidus.
912 2996 142 71 ergo
1001 2996 159 71 agens
1107 2996 301 71 supernaturale
1355 2996 124 71 hoc
1426 2996 177 71 potest
1549 2996 283 71 simpliciter:
1780 2996 89 71 &
1815 2996 177 71 facere
1939 2996 106 71 vt
1992 2996 159 71 ignis
2080 2996 142 71 simpli

759 3047 156 66 citer
863 3047 122 66 sit
932 3047 226 66 frigidus.
1106 3047 191 66 CONtra.
1245 3047 156 66 ignis
1350 3047 139 66 quia
1437 3047 122 66 est
1506 3047 174 66 primum
1628 3047 191 66 calidum
1767 3047 261 66 formaliter:
1976 3047 191 66 oportet
2115 3047 139 66 quod

447 3101 231 74 caliditas
625 3101 142 74 eius
714 3101 124 74 sit
785 3101 107 74 in
838 3101 178 74 summo:
962 3101 160 74 quare
1069 3101 124 74 nec
1140 3101 178 74 potest
1264 3101 195 74 remitti
1406 3101 142 74 igne
1495 3101 213 74 manente:
1655 3101 89 74 &
1690 3101 124 74 sic
1761 3101 124 74 nec
1832 3101 266 74 infrigidari
2045 3101 178 74 quoquo
2152 3101 71 74 mo
