2476 3741
192 295 147 74 quod
284 295 166 74 alibi
394 295 294 74 tractauimus.
633 295 129 74 Sed
707 295 258 74 positionem
909 295 202 74 idearum
1056 295 184 74 contra
1185 295 221 74 Platonem
1351 295 184 74 multum
1480 295 202 74 nititur
1627 295 239 74 improbare
1793 295 202 74 Aristote.

192 369 158 60 quasi
298 369 229 60 posuisset
474 369 158 60 ipsas
579 369 141 60 esse
667 369 229 60 separatas
843 369 88 60 a
878 369 158 60 rebus
984 369 299 60 existentibus,
1230 369 88 60 &
1265 369 158 60 extra
1371 369 264 60 intellectum
1582 369 211 60 diuinum:
1740 369 88 60 &
1775 369 158 60 forte
1863 369 123 60 etiam

197 426 241 64 intendebat
386 426 223 64 ostendere
558 426 137 64 quod
644 426 120 64 nec
712 426 206 64 ponendum
867 426 155 64 esset
970 426 120 64 eas
1039 426 172 64 inesse
1159 426 103 64 in
1211 426 172 64 diuino
1331 426 258 64 intellectum
1537 426 137 64 sine
1623 426 206 64 notitia:
1778 426 137 64 quia
1847 426 137 64 essen-

198 476 146 58 tias
289 476 164 58 rerum
398 476 255 58 specificas
599 476 128 58 non
672 476 182 58 posuit
800 476 146 58 nisi
891 476 201 58 quasdam
1037 476 274 58 existentias
1256 476 91 58 &
1293 476 201 58 quaedam
1439 476 201 58 necesse
1585 476 146 58 esse
1676 476 109 58 ex
1731 476 128 58 se:
1804 476 128 58 nec
1858 476 128 58 effe-

194 528 160 73 ctiue
301 528 124 73 nec
372 528 249 73 formaliter
568 528 89 73 a
603 528 142 73 deo,
692 528 107 73 vt
745 528 124 73 iam
817 528 178 73 dictum
941 528 142 73 est.
1030 528 124 73 Sed
1101 528 142 73 quod
1190 528 231 73 catholici
1368 528 107 73 in
1421 528 124 73 hoc
1492 528 213 73 nituntur
1652 528 124 73 eum
1723 528 160 73 sequi
1830 528 196 73 negando

198 584 162 59 ideas
306 584 90 59 &
342 584 162 59 rerum
450 584 234 59 essentias
629 584 108 59 in
683 584 180 59 diuina
809 584 198 59 notitia
953 584 180 59 fuisse
1079 584 108 59 vt
1132 584 198 59 quaedam
1276 584 198 59 cognita
1420 584 108 59 ab
1474 584 216 59 aeterno:
1636 584 126 59 hoc
1707 584 162 59 satis
1797 584 180 59 mirabile

202 638 113 72 est
266 638 129 72 illi
347 638 113 72 cui
411 638 161 72 patent
524 638 226 72 praedicta:
702 638 161 72 maxime
814 638 113 72 cum
879 638 113 72 hoc
943 638 113 72 sit
1008 638 129 72 vnum
1088 638 145 72 eorum
1185 638 97 72 in
1234 638 161 72 quibus
1346 638 242 72 Augustinus.
1540 638 145 72 docet
1636 638 145 72 dicta
1733 638 193 72 Platonis
1862 638 113 72 magis

204 692 243 53 concordare
395 692 122 53 cum
464 692 156 53 sacra
569 692 226 53 doctrina,
743 692 139 53 quam
830 692 156 53 dicta
934 692 191 53 Aristo.
1073 692 174 53 TERtio
1195 692 139 53 vero
1282 692 191 53 necesse
1421 692 122 53 est
1490 692 174 53 ponere
1612 692 156 53 ideas
1716 692 156 53 licet
1821 692 122 53 non
1890 692 122 53 sub

198 746 198 62 ratione
342 746 216 62 idearum:
504 746 144 62 quia
594 746 198 62 necesse
738 746 126 62 est
810 746 180 62 ponere
936 746 108 62 in
990 746 108 62 eo
1044 746 162 62 rerum
1153 746 288 62 persectiones
1387 746 180 62 quibus
1513 746 126 62 est
1585 746 162 62 rerum
1693 746 252 62 singularum
1891 746 126 62 pro

199 806 138 55 pria
285 806 208 55 mensura.
441 806 225 55 Differunt
614 806 138 55 enim
700 806 138 55 sola
787 806 208 55 ratione,
942 806 121 55 rei
1012 806 138 55 idea
1098 806 86 55 &
1133 806 225 55 perfectio
1306 806 104 55 in
1357 806 138 55 deo.
1444 806 104 55 Ad
1496 806 156 55 cuius
1600 806 259 55 intellectum
1807 806 208 55 sciendum

199 850 155 65 circa
302 850 207 65 rationem
457 850 207 65 mensurae
613 850 103 65 in
664 850 121 65 qua
733 850 224 65 consistit
906 850 172 65 tertia
1027 850 190 65 species
1164 850 259 65 relationis:
1371 850 138 65 quod
1458 850 207 65 secundum
1613 850 259 65 philosophum
1820 850 121 65 in.
1889 850 103 65 x.
1923 850 52 65 &

197 910 89 57 v
233 910 266 57 metaphysica
445 910 195 57 Mensura
587 910 124 57 est
658 910 159 57 illud
764 910 124 57 per
835 910 142 57 quod
924 910 266 57 cognoscitur
1136 910 230 57 quantitas
1314 910 142 57 rei.
1402 910 106 57 Et
1455 910 124 57 est
1526 910 266 57 transumptum
1739 910 124 57 hoc
1810 910 159 57 nomen
1898 910 89 57 men

201 959 148 62 sura
293 959 111 62 ab
348 959 129 62 vno
422 959 222 62 numerali
588 959 148 62 quid
681 959 129 62 est
754 959 203 62 mensura
902 959 258 62 numerorum,
1105 959 111 62 ad
1161 959 240 62 quodlibet
1345 959 166 62 eorum
1456 959 148 62 quae
1548 959 222 62 dicuntur
1715 959 258 62 mensurare:
1899 959 74 62 si

196 1011 139 60 cut
276 1011 139 60 est
355 1011 299 60 transumptum
594 1011 139 60 hoc
674 1011 179 60 nomen
793 1011 259 60 quantitas
992 1011 100 60 a
1032 1011 279 60 quantitate
1251 1011 259 60 numerali.
1450 1011 159 60 Vnde
1550 1011 259 60 quantitas
1749 1011 139 60 hic
1809 1011 179 60 numeran

194 1068 100 69 da
244 1068 234 69 appellatur
429 1068 167 69 gradus
546 1068 117 69 rei
613 1068 100 69 in
663 1068 218 69 dignitate
830 1068 184 69 naturae
964 1068 84 69 &
998 1068 234 69 essentiae:
1182 1068 84 69 &
1215 1068 184 69 mensura
1349 1068 234 69 appellatur
1533 1068 100 69 in
1583 1068 218 69 vnoquoque
1751 1068 167 69 genere
1868 1068 151 69 illud

204 1120 120 63 quod
279 1120 105 63 est
339 1120 105 63 per
398 1120 90 63 se
443 1120 179 63 cognitum
578 1120 90 63 in
622 1120 209 63 quantitate
787 1120 164 63 naturae
906 1120 75 63 &
936 1120 194 63 essentiae
1086 1120 134 63 suae:
1175 1120 75 63 &
1205 1120 134 63 ratio
1295 1120 224 63 cognoscendi
1474 1120 224 63 quantitatem
1653 1120 179 63 aliorum:
1788 1120 224 63 quemadmodum

196 1172 92 65 in
242 1172 184 65 mensuris
380 1172 123 65 quae
456 1172 123 65 sunt
533 1172 92 65 ab
579 1172 261 65 institutione,
794 1172 153 65 vnciae
901 1172 199 65 quantitas
1054 1172 123 65 nota
1131 1172 107 65 est
1192 1172 92 65 ex
1238 1172 107 65 se:
1299 1172 77 65 &
1330 1172 123 65 ideo
1407 1172 107 65 est
1468 1172 169 65 mensura
1591 1172 153 65 omnium
1698 1172 199 65 ponderum:
1851 1172 77 65 &
1867 1172 107 65 inter

196 1227 200 65 mensuras
346 1227 133 65 quae
430 1227 133 65 sunt
513 1227 83 65 a
546 1227 167 65 natura
663 1227 117 65 rei
730 1227 167 65 vnitas
846 1227 150 65 cuius
946 1227 217 65 quantitas
1113 1227 217 65 notissima
1280 1227 117 65 est
1347 1227 100 65 in
1397 1227 217 65 discretis
1563 1227 183 65 mensura
1697 1227 117 65 est
1763 1227 167 65 omnium
1863 1227 117 65 nume-

193 1271 181 77 rorum.
320 1271 145 77 Vnde
410 1271 109 77 si
464 1271 199 77 aliquid
609 1271 199 77 ponatur
754 1271 199 77 mensura
899 1271 145 77 quod
989 1271 163 77 habet
1098 1271 163 77 aliud
1207 1271 181 77 notius
1333 1271 109 77 eo
1388 1271 127 77 quo
1460 1271 163 77 habet
1569 1271 253 77 mensurari,
1768 1271 181 77 semper
1876 1271 109 77 redu

199 1330 174 54 cendum
321 1330 122 54 est
390 1330 105 54 ad
443 1330 192 54 aliquod
582 1330 174 54 primum
704 1330 139 54 quod
791 1330 122 54 est
861 1330 314 54 simplicissimum
1123 1330 87 54 &
1158 1330 244 54 notissimum
1349 1330 105 54 in
1402 1330 122 54 suo
1471 1330 192 54 quanto:
1611 1330 139 54 quod
1698 1330 192 54 aliorum
1838 1330 139 54 poni
1907 1330 70 54 de

191 1384 118 62 bet
258 1384 202 62 mensura.
410 1384 185 62 dicente
544 1384 252 62 philosopho.
746 1384 84 62 v
780 1384 269 62 metaphysicae
998 1384 151 62 caiua
1099 1384 101 62 de
1149 1384 134 62 vno.
1233 1384 151 62 Prima
1334 1384 185 62 mensura
1469 1384 118 62 est
1536 1384 252 62 principium.
1738 1384 84 62 &
1771 1384 151 62 illud
1872 1384 134 62 quod

187 1438 169 72 primo
300 1438 188 72 scimus
432 1438 151 72 apud
526 1438 132 72 nos
601 1438 132 72 est
677 1438 169 72 prima
790 1438 207 72 mensura
940 1438 113 72 in
997 1438 226 72 quolibet
1166 1438 207 72 genere:
1317 1438 113 72 vt
1373 1438 169 72 dicit
1486 1438 207 72 Commen.
1637 1438 94 72 &
1675 1438 207 72 oportet
1825 1438 113 72 vt
1863 1438 113 72 omne

192 1492 255 60 mensurans
389 1492 196 60 primum
526 1492 118 60 in
585 1492 157 60 omni
683 1492 196 60 genere
820 1492 137 60 sit
898 1492 196 60 primum
1036 1492 118 60 in
1095 1492 157 60 esse
1193 1492 98 60 &
1232 1492 294 60 cognitione:
1467 1492 137 60 cum
1546 1492 137 60 per
1624 1492 177 60 illud
1722 1492 255 60 cognoscimus

198 1549 262 61 mensuratum:
407 1549 122 61 ita
477 1549 140 61 quod
564 1549 157 61 licet
669 1549 105 61 in
721 1549 209 61 singulis
878 1549 227 61 generibus
1053 1549 140 61 sint
1140 1549 209 61 singulae
1297 1549 209 61 mensurae
1454 1549 175 61 tales:
1577 1549 157 61 tamen
1681 1549 105 61 in
1734 1549 175 61 genere
1838 1549 140 61 entium

200 1598 305 57 vniuersaliter
451 1598 125 57 sit
523 1598 197 57 mensura
666 1598 197 57 aliorum
809 1598 143 57 vnum
899 1598 125 57 ens
971 1598 179 57 primum
1096 1598 90 57 &
1132 1598 161 57 prima
1239 1598 269 57 substantia.
1454 1598 143 57 Quam
1544 1598 108 57 vt
1598 1598 161 57 dicit
1705 1598 197 57 Commen.
1831 1598 143 57 inten-

194 1651 169 62 debat
307 1651 206 62 Aristo.
457 1651 150 62 esse
550 1651 187 62 primum
681 1651 225 62 motorem:
850 1651 131 62 qui
925 1651 131 62 non
1000 1651 169 62 solum
1112 1651 131 62 est
1187 1651 262 62 principium
1393 1651 169 62 sicut
1506 1651 187 62 motor:
1637 1651 131 62 sed
1712 1651 169 62 sicut
1824 1651 169 62 forma
1918 1651 56 62 &

188 1707 182 56 finis.
315 1707 109 56 ET
370 1707 127 56 est
442 1707 273 56 aduertendum
660 1707 145 56 quod
751 1707 164 56 talis
860 1707 218 56 mensurae
1024 1707 200 56 triplex
1169 1707 127 56 est
1242 1707 182 56 genus:
1369 1707 91 56 &
1406 1707 218 56 secundum
1569 1707 127 56 hoc
1642 1707 200 56 triplex
1787 1707 127 56 est
1842 1707 127 56 ratio

191 1765 260 57 mensurandi
396 1765 148 57 tali
488 1765 223 57 mensura.
655 1765 130 57 Est
730 1765 148 57 enim
822 1765 204 57 quaedam
971 1765 204 57 mensura
1119 1765 148 57 quae
1212 1765 93 57 a
1249 1765 241 57 mensurato
1435 1765 241 57 exceditur
1620 1765 204 57 semper:
1769 1765 93 57 &
1806 1765 148 57 ideo
1880 1765 93 57 non

196 1810 205 68 mensurat
350 1810 137 68 nisi
435 1810 290 68 replicatione.
674 1810 120 68 Est
742 1810 137 68 vero
828 1810 137 68 alia
913 1810 137 68 quae
999 1810 222 68 quandoque
1169 1810 205 68 excedit:
1323 1810 222 68 quandoque
1494 1810 239 68 exceditur:
1682 1810 222 68 quandoque
1852 1810 154 68 aequa

198 1869 142 60 tur:
287 1869 89 60 &
322 1869 142 60 ideo
411 1869 231 60 quandoque
588 1869 248 60 mensuratur
784 1869 302 60 replicatione:
1032 1869 231 60 quandoque
1209 1869 302 60 explicatione:
1458 1869 231 60 quandoque
1635 1869 231 60 absolute.
1812 1869 124 60 Est
1866 1869 106 60 vero

196 1920 189 71 tertia
328 1920 151 71 quae
423 1920 264 71 mensuratum
630 1920 189 71 semper
762 1920 226 71 excedit:
932 1920 94 71 &
970 1920 151 71 ideo
1064 1920 226 71 mensurat
1234 1920 151 71 sola
1328 1920 321 71 explicatione.
1593 1920 170 71 Verbi
1706 1920 208 71 gratia.
1838 1920 132 71 Primo

197 1977 153 57 enim
293 1977 153 57 modo
388 1977 268 57 mensurandi
599 1977 191 57 vnitas
733 1977 153 57 quae
829 1977 191 57 primum
963 1977 134 57 est
1039 1977 96 57 &
1077 1977 345 57 simplicissimum
1364 1977 115 57 in
1422 1977 230 57 numeris,
1594 1977 96 57 &
1632 1977 115 57 ex
1690 1977 115 57 se
1747 1977 153 57 nota
1843 1977 115 57 in
1881 1977 96 57 sua

198 2027 274 64 quantitate,
417 2027 128 64 non
490 2027 219 64 mensurat
655 2027 201 64 numeros
801 2027 146 64 nisi
892 2027 128 64 sua
966 2027 311 64 replicatione.
1221 2027 201 64 Vnitate
1368 2027 146 64 enim
1459 2027 183 64 tantus
1587 2027 274 64 cognoscitur
1806 2027 146 64 esse
1880 2027 91 64 nu-

194 2090 157 57 merus
298 2090 210 57 quotiens
456 2090 105 57 in
508 2090 105 57 eo
561 2090 262 57 cognoscitur
770 2090 227 57 replicari
945 2090 192 57 vnitas,
1085 2090 227 57 quantitas
1260 2090 140 57 enim
1347 2090 192 57 binarii
1487 2090 262 57 cognoscitur
1696 2090 105 57 ex
1749 2090 122 57 hoc
1819 2090 140 57 quod
1906 2090 105 57 in

186 2135 102 67 eo
237 2135 256 67 cognoscitur
442 2135 171 67 vnitas
561 2135 119 67 non
629 2135 136 67 nisi
715 2135 119 67 bis
783 2135 239 67 replicari:
971 2135 85 67 &
1005 2135 222 67 quantitas
1175 2135 205 67 ternarii
1329 2135 136 67 quod
1414 2135 119 67 non
1482 2135 256 67 cognoscitur
1687 2135 102 67 in
1738 2135 102 67 eo
1789 2135 136 67 nisi
1858 2135 119 67 terre

192 2187 230 69 plicari:
364 2187 96 69 &
402 2187 134 69 sic
479 2187 249 69 deinceps.
670 2187 211 69 Secundo
824 2187 172 69 autem
938 2187 153 69 modo
1034 2187 268 69 mensurandi
1245 2187 172 69 motus
1359 2187 211 69 diurnus
1513 2187 172 69 caeli
1627 2187 134 69 est
1704 2187 191 69 primum
1838 2187 96 69 &
1857 2187 115 69 sim-

194 2248 264 63 plicissimum
405 2248 106 63 in
458 2248 211 63 motibus:
617 2248 141 63 quia
705 2248 229 63 vniformis
880 2248 123 63 est
951 2248 88 63 &
986 2248 106 63 in
1039 2248 193 63 termino
1179 2248 176 63 quodam
1303 2248 229 63 consistit
1478 2248 141 63 fine
1566 2248 229 63 additione
1742 2248 88 63 &
1760 2248 211 63 diminutio-

187 2290 112 64 ne
243 2290 112 64 ab
299 2290 167 64 eodem
411 2290 112 64 in
466 2290 167 64 idem:
578 2290 93 64 &
615 2290 149 64 ideo
708 2290 260 64 notissimus
913 2290 112 64 in
969 2290 130 64 sua
1043 2290 279 64 quantitate.
1266 2290 130 64 Qui
1341 2290 167 64 motus
1452 2290 242 64 inquantum
1638 2290 223 64 includit
1787 2290 186 64 mensuram

192 2347 134 66 sibi
276 2347 252 66 intrinsecam
478 2347 134 66 quae
562 2347 118 66 est
629 2347 185 66 tempus:
763 2347 151 66 alios
864 2347 134 66 quos
948 2347 185 66 excedit
1082 2347 201 66 mensurat
1233 2347 269 66 explicatione
1451 2347 201 66 alicuius
1603 2347 168 66 partis
1720 2347 134 66 quam
1804 2347 101 66 in
1854 2347 101 66 se
1888 2347 84 66 con

193 2399 165 71 tinet
303 2399 294 71 indistinctam
542 2399 92 71 a
579 2399 165 71 toto:
689 2399 92 71 &
726 2399 129 71 ita
799 2399 257 71 quodammodo
1001 2399 202 71 virtute
1148 2399 92 71 &
1185 2399 110 71 in
1240 2399 239 71 potentia.
1424 2399 165 71 Motus
1534 2399 147 71 vero
1626 2399 129 71 qui
1699 2399 165 71 ipsum
1791 2399 184 71 excedunt

187 2453 206 67 mensurat
341 2453 171 67 seipso
461 2453 120 67 cum
530 2453 171 67 partis
650 2453 120 67 sui
718 2453 291 67 replicatione:
958 2453 120 67 vel
1027 2453 274 67 replicatione
1249 2453 223 67 suiipsius
1421 2453 154 67 super
1523 2453 103 67 se
1575 2453 154 67 semel
1678 2453 120 67 vel
1746 2453 206 67 pluries.
1883 2453 86 67 Mo-

186 2505 120 66 tus
254 2505 137 66 vero
340 2505 205 66 aequales
494 2505 137 66 sibi
580 2505 205 66 mensurat
734 2505 171 66 seipso
853 2505 257 66 simpliciter
1059 2505 171 66 absque
1179 2505 274 66 replicatione
1401 2505 120 66 aut
1470 2505 291 66 explicatione.
1709 2505 103 66 Si
1761 2505 137 66 enim
1829 2505 137 66 videre

195 2556 264 70 voluerimus
402 2556 207 70 quantum
553 2556 188 70 viator
685 2556 320 70 itinerauerit,
949 2556 283 70 cognoscendo
1175 2556 226 70 mensuram
1344 2556 283 70 quantitatis
1570 2556 170 70 motus
1683 2556 151 70 eius
1778 2556 170 70 (dico
1872 2556 94 70 qua

186 2613 249 67 mensuratur
382 2613 213 67 secundum
542 2613 267 67 durationem,
755 2613 213 67 secundum
915 2613 142 67 quam
1004 2613 160 67 motus
1110 2613 160 67 caeli
1217 2613 195 67 diurnus
1359 2613 124 67 est
1430 2613 195 67 mensura
1572 2613 195 67 aliorum
1714 2613 195 67 motuum.
1839 2613 124 67 aliam

192 2665 152 68 enim
287 2665 228 68 rationem
458 2665 228 68 mensurae
629 2665 171 68 habet
744 2665 171 68 motus
858 2665 228 68 secundum
1029 2665 228 68 spatium:
1200 2665 114 68 de
1257 2665 133 68 qua
1333 2665 171 68 nihil
1447 2665 114 68 ad
1504 2665 247 68 praesens,
1695 2665 133 68 nos
1752 2665 209 68 aspicimus

189 2725 120 64 ad
249 2725 180 64 motum
369 2725 180 64 caeli
489 2725 220 64 diurnum
648 2725 280 64 applicando
868 2725 180 64 illum
988 2725 140 64 per
1068 2725 299 64 intellectum
1307 2725 180 64 motui
1427 2725 299 64 mensurando.
1667 2725 299 64 Quemadmodum
1886 2725 80 64 si

193 2773 149 73 quis
287 2773 168 73 velit
399 2773 243 73 mensurare
585 2773 205 73 pannum,
734 2773 224 73 applicat
902 2773 224 73 eicubum:
1070 2773 93 73 &
1108 2773 112 73 si
1164 2773 243 73 inuenitur
1350 2773 205 73 mensura
1500 2773 243 73 excedens,
1686 2773 224 73 mensurat
1835 2773 131 73 expli

194 2833 164 62 cando
303 2833 91 62 &
340 2833 292 62 determinando
577 2833 164 62 atque
686 2833 219 62 signando
850 2833 201 62 aliquam
996 2833 182 62 partem
1123 2833 109 62 in
1178 2833 109 62 ea
1233 2833 146 62 quae
1324 2833 146 62 illi
1415 2833 237 62 aequatur:
1597 2833 91 62 &
1634 2833 219 62 secundum
1798 2833 164 62 illam
1889 2833 73 62 co

196 2880 251 74 gnoscitur
388 2880 212 74 quantum
543 2880 135 74 sit
620 2880 289 74 mensuratum:
851 2880 116 74 vt
909 2880 173 74 motus
1025 2880 270 74 mensuratus
1237 2880 116 74 si
1294 2880 135 74 sit
1371 2880 289 74 semidiurnus
1603 2880 135 74 vel
1680 2880 212 74 quartam
1815 2880 154 74 partem

193 2932 272 68 quantitatis
410 2932 181 68 diurni
537 2932 163 68 motus
646 2932 254 68 continens:
845 2932 91 68 &
881 2932 127 68 sic
954 2932 217 68 secundum
1117 2932 217 68 caeteras
1280 2932 290 68 proportiones
1515 2932 109 68 in
1570 2932 145 68 plus
1660 2932 127 68 vel
1733 2932 109 68 in
1787 2932 163 68 minus
1877 2932 91 68 com

189 2991 183 62 tinendo
323 2991 133 62 quam
406 2991 266 62 semidiurnum.
622 2991 100 62 Si
672 2991 133 62 vero
755 2991 216 62 inuenitur
922 2991 133 62 quod
1005 2991 183 62 mensura
1138 2991 233 62 exceditur:
1322 2991 133 62 tunc
1405 2991 233 62 mensuratur
1588 2991 233 62 replicando
1771 2991 117 62 vel
1821 2991 150 62 seipsum

198 3040 125 75 vel
270 3040 179 75 partem
395 3040 161 75 eius:
503 3040 90 75 &
539 3040 197 75 dicitur
682 3040 143 75 esse
771 3040 197 75 diurnus
915 3040 90 75 &
951 3040 197 75 quartam
1094 3040 179 75 partem
1219 3040 197 75 quintam
1363 3040 125 75 vel
1434 3040 179 75 sextam
1560 3040 125 75 vel
1632 3040 197 75 aliquam
1775 3040 233 75 huiusmodi

188 3092 242 66 continens:
378 3092 121 66 aut
447 3092 225 66 bidiurnus
621 3092 121 66 aut
690 3092 260 66 tridiurnus:
898 3092 87 66 &
932 3092 121 66 sic
1001 3092 104 66 de
1053 3092 208 66 caeteris
1209 3092 329 66 proportionibus.
1486 3092 104 66 Si
1538 3092 139 66 vero
1625 3092 225 66 inuenitur
1798 3092 139 66 quod
1867 3092 104 66 men-

194 3154 150 70 sura
288 3154 131 70 non
363 3154 262 70 exceditur,
568 3154 243 70 iudicatur
755 3154 168 70 motus
867 3154 150 70 ille
961 3154 206 70 diurnus
1110 3154 299 70 simpliciter.
1353 3154 187 70 Tertio
1484 3154 150 70 vero
1577 3154 150 70 modo
1671 3154 262 70 mensurandi
1858 3154 112 70 deus
