2473 3737
162 309 261 78 relationis
367 309 130 78 quo
442 309 149 78 deus
535 309 223 78 refertur
702 309 112 78 ad
758 309 242 78 creaturam
944 309 130 78 non
1019 309 149 78 quia
1112 309 223 78 creatura
1280 309 223 78 refertur
1447 309 112 78 ad
1503 309 186 78 ipsum:
1633 309 130 78 non
1708 309 223 78 refertur
1876 309 112 78 ad

163 378 159 70 ipsam
269 378 194 70 ratione
411 378 141 70 suae
499 378 230 70 essentiae
676 378 265 70 simpliciter
888 378 106 70 vt
941 378 124 70 est
1011 378 230 70 essentia:
1188 378 124 70 sed
1259 378 230 70 solummodo
1436 378 194 70 ratione
1577 378 159 70 ideae
1683 378 88 70 &
1718 378 194 70 ratione
1860 378 124 70 qua

162 440 136 56 est
239 440 175 56 idea.
356 440 233 56 Secundum
531 440 156 56 vero
628 440 175 56 modum
745 440 214 56 tertium
900 440 272 56 relationis
1114 440 136 56 quo
1192 440 156 56 deus
1289 440 233 56 refertur
1464 440 117 56 ad
1522 440 175 56 ipsam
1639 440 253 56 creaturam
1833 440 156 56 quia

171 487 204 59 creatura
324 487 204 59 refertur
477 487 102 59 ad
528 487 170 59 ipsum:
647 487 136 59 ipsa
732 487 204 59 creatura
885 487 204 59 refertur
1038 487 102 59 ad
1090 487 153 59 ipsum
1192 487 187 59 ratione
1328 487 221 59 essentiae
1498 487 119 59 dei
1566 487 255 59 simpliciter
1770 487 102 59 vt
1804 487 136 59 essen-

170 544 125 56 tia
242 544 143 56 est:
331 544 143 56 etsi
420 544 125 56 non
492 544 250 56 determinet
688 544 268 56 quantitatem
903 544 232 56 creaturae
1081 544 143 56 nisi
1171 544 214 56 secundum
1332 544 214 56 rationem
1492 544 339 56 perfectionalem,
1778 544 89 56 &
1814 544 107 56 vt
1850 544 89 56 ra-

168 588 115 66 tio
233 588 296 66 persectionalis
480 588 131 66 est.
562 588 99 66 Et
611 588 115 66 sic
677 588 164 66 quarto
792 588 197 66 essentia
940 588 115 66 dei
1005 588 99 66 vt
1055 588 197 66 essentia
1203 588 131 66 est,
1285 588 197 66 refertur
1433 588 99 66 ad
1482 588 214 66 creaturam
1646 588 131 66 quia
1728 588 197 66 creatura
1860 588 82 66 re-

168 636 169 71 fertur
287 636 102 71 ad
337 636 169 71 ipsam:
456 636 85 71 &
490 636 220 71 similiter
659 636 102 71 vt
710 636 152 71 ratio
811 636 305 71 persectionalis
1065 636 135 71 est:
1150 636 118 71 sed
1217 636 203 71 essentia
1370 636 203 71 secundum
1522 636 135 71 quod
1607 636 118 71 est
1674 636 203 71 essentia
1827 636 102 71 vt
1860 636 85 71 est

163 693 191 69 mensura
302 693 260 69 vniuersalis
510 693 87 69 &
545 693 226 69 excedens:
718 693 208 69 secundum
875 693 139 69 vero
961 693 139 69 quod
1048 693 122 69 est
1118 693 226 69 perfectio
1291 693 139 69 siue
1378 693 156 69 ratio
1482 693 313 69 perfectionalis
1743 693 104 69 vt
1795 693 122 69 est
1847 693 87 69 men

165 749 158 68 sura
264 749 217 68 propria
421 749 99 68 &
461 749 217 68 aequata
619 749 296 68 quodammodo.
855 749 118 68 Et
914 749 236 68 secundum
1092 749 158 68 hunc
1190 749 177 68 modum
1308 749 177 68 licet
1427 749 217 68 relatio
1584 749 236 68 secundum
1742 749 197 68 rationem

168 806 380 66 commensurationis
491 806 133 66 non
567 806 171 66 ponat
682 806 114 66 ex
739 806 114 66 se
796 806 114 66 in
853 806 209 66 mensura
1005 806 228 66 rationem
1176 806 304 66 causalitatis
1423 806 152 66 nisi
1519 806 228 66 secundum
1690 806 171 66 genus
1785 806 152 66 causae

158 849 225 75 finalis:
327 849 188 75 semper
459 849 169 75 tamen
572 849 301 75 praesupponit
816 849 113 75 in
872 849 169 75 eadem
985 849 301 75 causalitatem
1229 849 225 75 secundum
1398 849 207 75 alterum
1548 849 169 75 genus
1661 849 207 75 causae:
1811 849 132 75 qua
1868 849 75 75 se

166 910 189 64 cundum
298 910 170 64 aliud
411 910 170 64 genus
525 910 264 64 relationis
732 910 226 64 refertur
902 910 113 64 ad
959 910 151 64 idem
1053 910 189 64 prius.
1185 910 113 64 Vt
1242 910 151 64 enim
1336 910 170 64 dicit
1449 910 245 64 Commenta.
1638 910 170 64 super
1732 910 208 64 praeassum

171 973 149 64 ptum
265 973 187 64 verbum
395 973 131 64 de.
470 973 93 64 v
508 973 299 64 metaphysicae
750 973 205 64 oportet
900 973 112 64 vt
956 973 149 64 omne
1049 973 243 64 mensurans
1236 973 187 64 primum
1367 973 131 64 sit
1442 973 112 64 in
1498 973 149 64 omni
1591 973 187 64 genere
1722 973 112 64 in
1778 973 131 64 quo
1853 973 131 64 in-

172 1017 186 63 uenitur
307 1017 169 63 primum
425 1017 101 63 in
476 1017 135 63 esse
560 1017 84 63 &
594 1017 253 63 cognitione.
797 1017 118 63 lta
864 1017 135 63 quod
948 1017 152 63 licet
1050 1017 203 63 secundum
1202 1017 152 63 illud
1303 1017 152 63 genus
1404 1017 236 63 relationis
1590 1017 135 63 quod
1674 1017 118 63 est
1742 1017 101 63 in
1792 1017 186 63 ratione

170 1070 191 69 mensurae
313 1070 191 69 secundum
456 1070 143 69 genus
552 1070 159 69 causae
663 1070 191 69 finalis,
806 1070 111 69 non
870 1070 191 69 refertur
1013 1070 95 69 ad
1061 1070 143 69 aliud
1156 1070 127 69 nisi
1235 1070 127 69 quia
1315 1070 143 69 illud
1410 1070 191 69 refertur
1553 1070 95 69 ad
1601 1070 159 69 ipsum:
1712 1070 143 69 tamen
1792 1070 159 69 secundum

175 1124 139 77 aliud
267 1124 139 77 genus
359 1124 216 77 relationis
529 1124 185 77 secundum
667 1124 139 77 aliud
760 1124 139 77 genus
852 1124 154 77 causae
960 1124 123 77 bene
1037 1124 185 77 refertur
1175 1124 92 77 ad
1221 1124 154 77 illud,
1329 1124 108 77 non
1391 1124 123 77 quia
1468 1124 139 77 illud
1560 1124 185 77 refertur
1699 1124 92 77 ad
1745 1124 154 77 ipsum.
1837 1124 108 77 Verbi

175 1179 197 74 gratia:
318 1179 143 74 vnum
408 1179 143 74 quod
497 1179 125 74 est
569 1179 197 74 mensura
712 1179 251 74 numerorum,
909 1179 125 74 est
981 1179 179 74 primum
1106 1179 107 74 in
1159 1179 143 74 esse
1249 1179 251 74 numerorum:
1446 1179 161 74 ipsos
1553 1179 286 74 constituendo
1768 1179 179 74 secundum

170 1237 160 71 genus
277 1237 178 71 causae
401 1237 267 71 materialis.
615 1237 178 71 Numeri
739 1237 142 71 enim
828 1237 124 71 non
899 1237 267 71 mensurantur
1112 1237 160 71 primo
1219 1237 89 71 &
1255 1237 302 71 essentialiter
1504 1237 142 71 nisi
1592 1237 124 71 per
1664 1237 178 71 primum
1788 1237 142 71 quod
1859 1237 89 71 est

174 1288 119 68 eis
242 1288 288 68 indiuisibile:
479 1288 102 68 ex
530 1288 119 68 quo
598 1288 271 68 componuntur,
818 1288 102 68 vt
869 1288 152 68 dicit
970 1288 186 68 Commen.
1106 1288 186 68 ibidem.
1241 1288 220 68 Similiter
1411 1288 186 68 scibile
1546 1288 136 68 quid
1631 1288 119 68 est
1699 1288 186 68 mensura
1817 1288 119 68 scien

165 1349 159 57 tiae,
271 1349 123 57 est
342 1349 247 57 principium
536 1349 106 57 in
588 1349 141 57 esse
677 1349 141 57 eius
765 1349 159 57 ipsam
871 1349 264 57 adgenerando
1082 1349 106 57 in
1135 1349 194 57 sciente
1276 1349 212 57 secundum
1435 1349 159 57 genus
1541 1349 176 57 causae
1664 1349 282 57 efficientis.
1875 1349 71 57 vt

171 1392 217 72 secundum
334 1392 127 72 hoc
406 1392 109 72 id
461 1392 145 72 quid
551 1392 127 72 est
624 1392 199 72 mensura
769 1392 217 72 refertur
932 1392 109 72 ad
986 1392 109 72 id
1041 1392 145 72 quod
1131 1392 127 72 est
1204 1392 254 72 mensuratum
1403 1392 217 72 secundum
1566 1392 163 72 genus
1675 1392 181 72 causae
1802 1392 127 72 qua
1856 1392 91 72 est

167 1447 167 64 causa
279 1447 148 64 eius
371 1447 111 64 in
427 1447 167 64 esse:
538 1447 130 64 non
612 1447 148 64 quia
704 1447 167 64 illud
815 1447 222 64 refertur
982 1447 111 64 ad
1037 1447 185 64 ipsum:
1167 1447 130 64 sed
1241 1447 185 64 potius
1370 1447 259 64 econuerso.
1574 1447 222 64 Secundum
1740 1447 148 64 vero
1814 1447 130 64 genus

171 1508 168 57 causae
289 1508 185 57 finalis
423 1508 84 57 &
457 1508 202 57 mensurae
608 1508 118 57 qua
676 1508 151 57 solum
777 1508 118 57 est
844 1508 151 57 causa
945 1508 135 57 eius
1029 1508 101 57 in
1079 1508 252 57 cognitione,
1281 1508 219 57 nequaquam
1449 1508 202 57 refertur
1601 1508 101 57 ad
1651 1508 168 57 illud:
1769 1508 135 57 nisi
1836 1508 101 57 quia

164 1556 161 71 illud
271 1556 215 71 refertur
432 1556 107 71 ad
486 1556 179 71 ipsum.
611 1556 125 71 Ita
683 1556 161 71 tamen
790 1556 143 71 quod
880 1556 161 71 nihil
987 1556 215 71 refertur
1148 1556 107 71 ad
1202 1556 161 71 aliud
1309 1556 215 71 secundum
1470 1556 197 71 tertium
1613 1556 161 71 modum
1720 1556 143 71 quia
1810 1556 161 71 aliud

166 1613 208 64 refertur
322 1613 104 64 ad
374 1613 173 64 ipsum,
495 1613 139 64 quod
582 1613 121 64 non
651 1613 156 64 prius
755 1613 208 64 refertur
912 1613 104 64 ad
964 1613 173 64 illud:
1085 1613 121 64 non
1154 1613 139 64 quia
1241 1613 156 64 illud
1345 1613 208 64 refertur
1501 1613 104 64 ad
1553 1613 156 64 ipsum
1657 1613 208 64 secundum
1814 1613 156 64 alium

164 1663 173 62 modum
279 1663 288 62 relationis.
510 1663 115 62 Et
568 1663 135 62 est
645 1663 192 62 semper
779 1663 212 62 relatio
933 1663 231 62 secundum
1106 1663 231 62 rationem
1279 1663 231 62 mensurae
1452 1663 231 62 secundum
1625 1663 231 62 rationem
1798 1663 115 62 in
1837 1663 96 62 men

161 1717 175 60 sura:
277 1717 97 60 &
316 1717 234 60 secundum
491 1717 136 60 rem
569 1717 117 60 in
628 1717 273 60 mensurato.
842 1717 214 60 Relatio
998 1717 156 60 vero
1095 1717 234 60 secundum
1270 1717 175 60 aliud
1387 1717 175 60 genus
1504 1717 195 60 causae
1640 1717 97 60 &
1679 1717 175 60 alium
1796 1717 175 60 modum

164 1776 258 62 relationis
366 1776 314 62 praesupposita
625 1776 148 62 bene
717 1776 129 62 est
791 1776 221 62 secundum
957 1776 129 62 rem
1030 1776 111 62 in
1086 1776 203 62 vtroque
1233 1776 277 62 extremorum.
1455 1776 203 62 Scibile
1602 1776 148 62 enim
1694 1776 111 62 in
1731 1776 203 62 creaturis

174 1826 210 62 inquantum
336 1826 113 62 est
400 1826 146 62 causa
497 1826 210 62 efficiens
659 1826 210 62 scientiae
821 1826 97 62 in
869 1826 146 62 scito
966 1826 194 62 secundum
1112 1826 146 62 modum
1209 1826 194 62 secundum
1355 1826 226 62 relationis
1533 1826 194 62 refertur
1678 1826 97 62 ad
1727 1826 226 62 scientiam:
1888 1826 49 62 &

171 1884 121 57 est
240 1884 190 57 relatio
378 1884 173 57 realis
499 1884 104 57 in
551 1884 190 57 vtroque
689 1884 259 57 extremorum:
896 1884 121 57 sed
965 1884 104 57 in
1017 1884 121 57 deo
1086 1884 138 57 siue
1173 1884 104 57 in
1225 1884 138 57 eius
1311 1884 207 57 scientia
1467 1884 225 57 inquantum
1639 1884 121 57 est
1708 1884 155 57 causa
1795 1884 138 57 forma-

169 1930 120 80 lis
238 1930 241 80 exemplaris
427 1930 224 80 scibilis,
599 1930 120 80 est
667 1930 189 80 relatio
805 1930 206 80 secundum
960 1930 224 80 rationem,
1132 1930 86 80 &
1166 1930 103 80 in
1218 1930 189 80 scibili
1355 1930 206 80 secundum
1510 1930 138 80 rem,
1596 1930 103 80 vt
1648 1930 155 80 patet
1751 1930 103 80 ex
1785 1930 155 80 dictis.

193 1995 196 52 QVARto
331 1995 98 52 &
370 1995 196 52 vltimo
507 1995 216 52 necesse
664 1995 137 52 est
743 1995 196 52 ponere
880 1995 118 52 in
939 1995 137 52 deo
1017 1995 177 52 ideas
1135 1995 216 52 propter
1292 1995 314 52 productionem
1547 1995 177 52 rerum
1664 1995 118 52 in
1704 1995 235 52 existentia

167 2037 213 65 actuali:
327 2037 142 65 quia
416 2037 124 65 non
487 2037 177 65 posset
611 2037 160 65 plura
717 2037 195 65 diuersa
859 2037 89 65 &
894 2037 231 65 distincta
1072 2037 231 65 producere
1249 2037 142 65 nisi
1338 2037 124 65 sic
1409 2037 106 65 ea
1462 2037 248 65 producenda
1657 2037 284 65 cognosceret,
1870 2037 71 65 vt

176 2089 236 74 processit
357 2089 181 74 primum
484 2089 272 74 argumentum.
702 2089 218 74 cognitio
865 2089 163 74 autem
974 2089 163 74 talis
1083 2089 218 74 secundum
1246 2089 236 74 praedicta
1427 2089 127 74 non
1500 2089 127 74 est
1572 2089 145 74 nisi
1663 2089 127 74 per
1736 2089 181 74 ideas.
1862 2089 109 74 Vn

171 2142 106 67 de
224 2142 264 67 philosophus
436 2142 229 67 quicumque
612 2142 123 67 non
683 2142 176 67 posuit
806 2142 106 67 in
859 2142 123 67 deo
929 2142 282 67 pluralitatem
1158 2142 194 67 idearum
1299 2142 106 67 vt
1352 2142 141 67 sunt
1440 2142 212 67 rationes
1599 2142 317 67 imitabilitatis
1863 2142 106 67 in

167 2198 205 63 essentia
320 2198 136 63 dei:
406 2198 153 63 licet
508 2198 188 63 poneret
644 2198 153 63 ideas
747 2198 102 63 vt
798 2198 222 63 essentias
968 2198 153 63 rerum
1071 2198 102 63 in
1122 2198 119 63 sua
1190 2198 256 63 cognitione,
1394 2198 153 63 sicut
1497 2198 170 63 posuit
1616 2198 188 63 Auicen.
1752 2198 119 63 non
1804 2198 136 63 potuit

172 2248 184 79 ponere
301 2248 166 79 plura
411 2248 203 79 produci
558 2248 92 79 a
595 2248 129 79 deo
669 2248 166 79 aeque
779 2248 258 79 immediate:
982 2248 147 79 quia
1074 2248 239 79 productio
1258 2248 147 79 ista
1351 2248 129 79 non
1424 2248 166 79 esset
1535 2248 147 79 nisi
1627 2248 221 79 secundum
1774 2248 166 79 ordinem

173 2302 158 68 quem
272 2302 257 68 creaturae
470 2302 237 68 haberent
648 2302 119 68 ad
707 2302 158 68 deum
806 2302 237 68 secundum
984 2302 218 68 naturas
1143 2302 237 68 ipsarum:
1321 2302 138 68 non
1400 2302 158 68 quem
1499 2302 158 68 deus
1598 2302 218 68 haberet
1756 2302 119 68 ad
1796 2302 138 68 ipsas

172 2355 219 70 secundum
336 2355 346 70 determinationem
627 2355 146 70 suae
718 2355 273 70 voluntatis,
937 2355 109 70 vt
991 2355 164 70 patet
1100 2355 109 70 ex
1155 2355 182 70 dictis
1282 2355 200 70 Auicen.
1428 2355 164 70 alibi
1537 2355 91 70 a
1574 2355 164 70 nobis
1665 2355 273 70 pertractatis.

197 2411 115 67 SIC
262 2411 132 67 ergo
345 2411 197 67 breuiter
492 2411 197 67 dicendum
640 2411 115 67 est
706 2411 99 67 ad
755 2411 263 67 quaestionem:
969 2411 132 67 quod
1051 2411 99 67 si
1101 2411 99 67 in
1150 2411 115 67 deo
1216 2411 115 67 non
1281 2411 148 67 esset
1380 2411 148 67 idea,
1479 2411 115 67 non
1544 2411 164 67 posset
1660 2411 181 67 aliquid
1791 2411 148 67 extra
1873 2411 66 67 se

172 2466 104 64 vt
224 2466 156 64 aliud
328 2466 121 64 est
397 2466 104 64 ab
449 2466 139 64 ipso
536 2466 260 64 cognoscere:
744 2466 87 64 &
779 2466 121 64 per
848 2466 243 64 consequens
1039 2466 121 64 nec
1108 2466 191 64 aliquid
1247 2466 173 64 omnino
1369 2466 156 64 extra
1473 2466 104 64 se
1525 2466 104 64 in
1577 2466 139 64 esse
1663 2466 243 64 producere:
1854 2466 87 64 &
1872 2466 69 64 si

169 2517 103 69 in
220 2517 120 69 deo
289 2517 120 69 non
358 2517 172 69 essent
478 2517 172 69 plures
599 2517 172 69 ideae,
719 2517 120 69 non
788 2517 172 69 posset
908 2517 155 69 scire
1011 2517 155 69 plura
1115 2517 155 69 extra
1218 2517 120 69 se:
1287 2517 120 69 nec
1355 2517 120 69 per
1424 2517 241 69 consequens
1613 2517 241 69 producere.
1802 2517 138 69 Vnde
1871 2517 69 69 po

174 2578 141 59 nere
263 2578 159 59 ipsum
368 2578 141 59 deum
456 2578 159 59 esse,
562 2578 88 59 &
597 2578 159 59 ideas
703 2578 123 59 non
774 2578 194 59 habere:
915 2578 123 59 est
985 2578 176 59 ponere
1109 2578 159 59 nihil
1214 2578 159 59 extra
1320 2578 106 59 se
1373 2578 247 59 cognoscere
1567 2578 123 59 aut
1637 2578 247 59 producere:
1831 2578 88 59 &
1849 2578 88 59 ita

157 2622 138 71 nec
236 2622 157 71 deum
334 2622 177 71 esse.
452 2622 118 71 AD
511 2622 197 71 primum
649 2622 118 71 in
708 2622 275 71 oppositum:
924 2622 197 71 quanto
1062 2622 216 71 aliquid
1219 2622 138 71 est
1298 2622 177 71 magis
1416 2622 216 71 simplex
1573 2622 177 71 tanto
1691 2622 118 71 ad
1750 2622 177 71 plura
1848 2622 79 71 se

175 2684 228 60 extendit:
351 2684 140 60 bene
438 2684 158 60 verum
543 2684 140 60 est:
631 2684 123 60 sed
701 2684 123 60 non
771 2684 140 60 sine
859 2684 245 60 rationibus
1051 2684 263 60 respectuum:
1261 2684 123 60 qui
1331 2684 280 60 simplicitati
1559 2684 140 60 eius
1647 2684 123 60 non
1717 2684 245 60 repugnant:

168 2734 124 71 sed
239 2734 159 71 magis
345 2734 265 71 conueniunt.
557 2734 124 71 hoc
627 2734 141 71 enim
715 2734 212 71 secundum
874 2734 194 71 Auicen.
1015 2734 124 71 est
1086 2734 106 71 de
1139 2734 176 71 natura
1262 2734 247 71 simplicis:
1457 2734 141 71 quod
1545 2734 176 71 quanto
1668 2734 247 71 simplicius
1845 2734 88 71 est

168 2780 163 71 tanto
276 2780 181 71 plures
403 2780 253 71 negationes
602 2780 90 71 &
638 2780 181 71 plures
765 2780 235 71 respectus
945 2780 181 71 habet.
1072 2780 163 71 sicut
1181 2780 163 71 alibi
1289 2780 271 71 exposuimus.
1506 2780 145 71 Vnde
1596 2780 181 71 ponere
1705 2780 235 71 simplicissi

167 2838 137 76 mum,
253 2838 86 76 &
287 2838 137 76 sine
373 2838 206 76 pluribus
527 2838 275 76 respectibus,
750 2838 120 76 est
819 2838 172 76 ponere
939 2838 257 76 antecedens:
1145 2838 86 76 &
1179 2838 172 76 negare
1299 2838 257 76 consequens.
1505 2838 120 76 Est
1574 2838 137 76 enim
1659 2838 172 76 ponere
1780 2838 189 76 naturam

177 2890 79 69 &
209 2890 158 69 negare
319 2890 253 69 proprietates
525 2890 206 69 naturales
683 2890 253 69 consequentes
889 2890 190 69 naturam.
1031 2890 95 69 AD
1078 2890 190 69 secundum
1221 2890 126 69 quod
1300 2890 142 69 agens
1394 2890 237 69 artificiale
1584 2890 142 69 eadem
1679 2890 126 69 arte
1758 2890 142 69 facit
1837 2890 95 69 plu-

174 2946 111 70 res
237 2946 158 70 domos.
348 2946 126 70 ergo
427 2946 111 70 &c.
490 2946 190 70 Dicendum
633 2946 126 70 quod
712 2946 158 70 plures
822 2946 142 70 domus
917 2946 111 70 aut
980 2946 126 70 sunt
1060 2946 142 70 quasi
1154 2946 158 70 specie
1265 2946 237 70 differentes
1455 2946 142 70 sicut
1550 2946 237 70 circularis:
1739 2946 221 70 quaedrata:

167 2998 78 66 &
199 2998 217 66 huiusmodi:
369 2998 109 66 aut
431 2998 124 66 sunt
509 2998 140 66 quasi
602 2998 124 66 solo
680 2998 155 66 numero
788 2998 248 66 differentes,
990 2998 93 66 vt
1037 2998 140 66 omnes
1130 2998 217 66 circulares
1301 2998 78 66 &
1332 2998 186 66 rotundae
1471 2998 140 66 inter
1564 2998 109 66 se.
1627 2998 93 66 De
1673 2998 171 66 domibus
1782 2998 155 66 differen

166 3050 142 76 tibus
261 3050 142 76 quasi
355 3050 126 76 solo
434 3050 157 76 numero
544 3050 142 76 verum
638 3050 110 76 est
701 3050 126 76 quod
779 3050 142 76 eadem
874 3050 126 76 arte
952 3050 142 76 facit
1047 3050 126 76 eas:
1125 3050 79 76 &
1157 3050 110 76 sic
1220 3050 126 76 deus
1298 3050 142 76 eadem
1393 3050 126 76 idea
1471 3050 204 76 cognoscit
1629 3050 79 76 &
1660 3050 142 76 facit
1754 3050 142 76 plura
1849 3050 126 76 indi

168 3114 160 62 uidua
275 3114 125 62 sub
346 3114 160 62 eadem
453 3114 196 62 specie:
596 3114 214 62 secundum
756 3114 142 62 quod
845 3114 160 62 alibi
952 3114 267 62 exposuimus.
1165 3114 107 62 De
1219 3114 214 62 pluribus
1379 3114 303 62 differentibus
1628 3114 160 62 quasi
1735 3114 178 62 specie
1860 3114 125 62 non
