2507 3755
490 304 86 117 re
533 304 86 117 ab
576 304 129 117 eorum
662 304 173 117 essentia
792 304 86 117 in
835 304 86 117 se
878 304 173 117 habeant:
1007 304 158 117 nequoed
1122 304 173 117 scilicet
1252 304 201 117 potentiam,
1410 304 129 117 neque
1496 304 173 117 habitum,
1626 304 129 117 neque
1712 304 158 117 aliquid
1827 304 201 117 huiusmodi,
1985 304 115 117 sunt
2043 304 230 117 indiuidualiter

500 405 196 62 distincti
651 405 106 62 hoc
711 405 121 62 solo
787 405 121 62 quod
862 405 211 62 subsistunt
1029 405 91 62 in
1074 405 181 62 effectu.
1210 405 106 62 vbi
1270 405 136 62 extra
1361 405 242 62 communitatem
1557 405 196 62 essentiae
1708 405 91 62 in
1753 405 181 62 ambobus,
1889 405 211 62 subsistere
2056 405 136 62 vnius
2146 405 106 62 non
2191 405 76 62 est

502 448 205 80 subsistere
664 448 191 80 alterius:
810 448 103 80 cum
869 448 117 80 vnus
942 448 132 80 eorum
1030 448 205 80 subsistere
1191 448 147 80 posset
1294 448 117 80 sine
1367 448 161 80 altero.
1484 448 88 80 Et
1528 448 103 80 sic
1587 448 103 80 per
1646 448 103 80 hoc
1704 448 191 80 abinuicem
1851 448 205 80 differunt:
2012 448 117 80 quod
2085 448 117 80 iste
2159 448 103 80 non
2203 448 73 80 est

499 509 122 61 ille,
581 509 190 61 duplicate.
730 509 162 61 scilicet
851 509 135 61 natura
946 509 149 61 speciei
1055 509 108 61 siue
1122 509 176 61 essentiae
1258 509 176 61 angelicae
1393 509 95 61 eis
1447 509 95 61 per
1501 509 162 61 rationem
1623 509 203 61 subsistendi
1786 509 108 61 siue
1853 509 176 61 existendi
1989 509 81 61 in
2029 509 108 61 actu
2097 509 122 61 aliam
2178 509 81 61 in
2205 509 68 61 vno

509 564 67 68 &
535 564 121 68 aliam
616 564 81 68 in
657 564 148 68 altero:
765 564 108 68 quae
832 564 94 68 est
886 564 148 68 praeter
994 564 202 68 intellectum
1156 564 175 68 essentiae
1290 564 162 68 communis
1412 564 81 68 in
1452 564 162 68 vtroque.
1573 564 67 68 &
1600 564 94 68 ita
1654 564 121 68 sicut
1735 564 175 68 continuum
1870 564 81 68 ex
1911 564 81 68 se
1951 564 94 68 est
2005 564 189 68 diuisibile
2153 564 81 68 in
2194 564 94 68 per

494 624 106 66 res
555 624 258 66 quantitatiuas
767 624 137 66 quaes
858 624 167 66 virtute
980 624 182 66 continet
1116 624 91 66 in
1162 624 91 66 se
1207 624 213 66 indiuisas,
1374 624 76 66 &
1405 624 91 66 eo
1450 624 121 66 solo
1526 624 197 66 diuiditur
1678 624 182 66 secundum
1815 624 106 66 eas
1875 624 121 66 quod
1951 624 197 66 abinuicem
2088 624 182 66 separantur

501 686 163 59 vtraque
620 686 163 59 partium
739 686 208 59 recipiente
902 686 89 59 in
947 686 89 59 se
992 686 193 59 persectam
1140 686 178 59 rationem
1274 686 193 59 continui:
1423 686 104 59 sed
1482 686 223 59 pertialiter
1660 686 223 59 quantitatem
1839 686 149 59 molis:
1943 686 104 59 sic
2002 686 178 59 essentia
2121 686 134 59 speciei

503 732 203 63 angelicae
659 732 94 63 ex
706 732 94 63 se
753 732 109 63 est
815 732 234 63 diuisibilis
1002 732 94 63 in
1049 732 156 63 partes
1158 732 234 63 essentiales
1345 732 125 63 quas
1423 732 171 63 virtute
1548 732 187 63 continet
1688 732 94 63 in
1735 732 94 63 se
1782 732 218 63 indiuisas:
1953 732 78 63 &
1984 732 94 63 eo
2031 732 125 63 solo
2094 732 171 63 diuiditur

500 790 167 66 secundum
625 790 111 66 eas:
694 790 111 66 quod
764 790 97 66 per
819 790 236 66 subsistentiam
1014 790 167 66 actualem
1139 790 180 66 appositam
1278 790 194 66 separantur
1430 790 194 66 abinuicem,
1583 790 153 66 vtroque
1694 790 125 66 eorum
1777 790 194 66 recipiente
1930 790 83 66 in
1972 790 83 66 se
2013 790 180 66 perfectam
2138 790 139 66 rationem

502 843 212 70 essentiae,
668 843 106 70 sed
729 843 227 70 pertialiter
910 843 227 70 quantitatem
1092 843 182 70 virtutis
1228 843 136 70 eius:
1319 843 121 70 quia
1395 843 106 70 non
1455 843 106 70 est
1516 843 91 70 in
1561 843 151 70 aliquo
1667 843 166 70 illorum
1788 843 91 70 ad
1833 843 136 70 modum
1924 843 197 70 essentiae
2075 843 182 70 absolute
2211 843 91 70 di

513 899 212 63 uisibilis:
680 899 106 63 sed
740 899 106 63 est
801 899 91 63 in
846 899 167 63 vtroque
968 899 136 63 eorum
1058 899 91 63 vt
1104 899 152 63 aliqua
1210 899 167 63 decisio
1331 899 121 63 eius
1407 899 273 63 indiuisibilis.
1634 899 91 63 Et
1680 899 106 63 sic
1741 899 106 63 non
1801 899 106 63 est
1862 899 182 63 dicendum
1998 899 121 63 quod
2074 899 106 63 non
2135 899 106 63 hoc
2180 899 91 63 solo

515 952 209 71 differunt:
680 952 120 71 quod
754 952 150 71 natura
859 952 135 71 vnius
949 952 135 71 eorum
1039 952 105 71 non
1098 952 105 71 est
1158 952 150 71 natura
1263 952 194 71 alterius:
1412 952 135 71 eadem
1502 952 120 71 dico
1577 952 179 71 secundum
1712 952 179 71 numerum:
1846 952 105 71 sed
1906 952 120 71 quia
1981 952 239 71 subsistentia
2160 952 105 71 vnius

507 1010 102 68 non
566 1010 102 68 est
624 1010 232 68 subsistentia
812 1010 189 68 alterius:
957 1010 116 68 quae
1030 1010 131 68 facit
1117 1010 174 68 differre
1247 1010 189 68 essentiam
1393 1010 87 68 vt
1436 1010 102 68 est
1494 1010 87 68 in
1538 1010 116 68 vno,
1610 1010 87 68 ab
1654 1010 116 68 ipsa
1726 1010 87 68 vt
1770 1010 102 68 est
1828 1010 87 68 in
1871 1010 160 68 altero,
1987 1010 73 68 &
2016 1010 102 68 eam
2074 1010 116 68 quae
2147 1010 102 68 vna
2190 1010 73 68 est

516 1067 75 71 &
546 1067 165 71 simplex
666 1067 90 71 in
711 1067 195 71 essentia,
862 1067 135 71 facit
952 1067 120 71 esse
1027 1067 150 71 plures
1132 1067 90 71 in
1177 1067 226 71 existentia.
1358 1067 120 71 lpsa
1433 1067 120 71 enim
1508 1067 210 71 existentia
1674 1067 90 71 in
1719 1067 195 71 supposito
1869 1067 150 71 omnino
1974 1067 210 71 necessaria
2140 1067 105 71 est
2200 1067 90 71 ad

513 1121 197 86 essentiae
664 1121 227 86 existentiam
846 1121 181 86 actualem
982 1121 106 86 tam
1042 1121 91 86 in
1088 1121 106 86 vno
1148 1121 121 86 quam
1224 1121 91 86 in
1269 1121 166 86 altero:
1390 1121 106 86 non
1450 1121 181 86 secundum
1587 1121 121 86 idem
1662 1121 166 86 numero,
1783 1121 106 86 sed
1844 1121 181 86 secundum
1980 1121 136 86 aliud
2070 1121 76 86 &
2101 1121 136 86 aliud
2176 1121 91 86 nume

505 1179 99 66 ro:
561 1179 184 66 consimile
703 1179 127 66 tamen
788 1179 156 66 specie:
901 1179 85 66 vt
943 1179 99 66 sic
1000 1179 99 66 sit
1057 1179 99 66 per
1113 1179 127 66 aliud
1198 1179 71 66 &
1226 1179 127 66 aliud
1311 1179 113 66 quod
1382 1179 156 66 vterque
1495 1179 156 66 illorum
1608 1179 156 66 dicatur
1721 1179 113 66 esse
1792 1179 156 66 angelus
1905 1179 226 66 simpliciter,
2089 1179 71 66 &
2118 1179 113 66 quod
2188 1179 99 66 di-

519 1227 137 71 catur
610 1227 122 71 esse
686 1227 122 71 iste
762 1227 107 71 vel
823 1227 137 71 ille.
914 1227 122 71 quia
991 1227 183 71 intentio
1128 1227 198 71 essentiae
1280 1227 244 71 simpliciter:
1478 1227 107 71 qua
1538 1227 167 71 vterque
1660 1227 167 71 dicitur
1782 1227 183 71 Angelus,
1919 1227 107 71 est
1980 1227 122 71 alia
2056 1227 91 71 ab
2086 1227 183 71 intentione

509 1286 265 69 subsistentiae
728 1286 140 69 huius
821 1286 78 69 &
852 1286 156 69 illius
962 1286 109 69 qua
1024 1286 187 69 dicuntur
1164 1286 125 69 iste
1242 1286 172 69 angelus
1367 1286 78 69 &
1398 1286 140 69 ille.
1492 1286 140 69 Patet
1585 1286 125 69 ergo
1663 1286 172 69 quomodo
1788 1286 109 69 per
1851 1286 234 69 intentiones
2022 1286 234 69 subsistentiae

509 1351 143 65 duorum
609 1351 186 65 angelorum
751 1351 100 65 sit
808 1351 186 65 essentiae
951 1351 157 65 commnis
1065 1351 228 65 indiuiduatio
1251 1351 86 65 in
1294 1351 114 65 eis.
1365 1351 100 65 Sed
1422 1351 114 65 quia
1493 1351 200 65 coniunctio
1650 1351 157 65 istorum
1765 1351 143 65 duorum
1864 1351 171 65 scilicet
1993 1351 186 65 essentiae
2136 1351 71 65 &
2150 1351 114 65 subsi-

512 1392 172 70 stentiae
641 1392 86 70 in
684 1392 100 70 vno
741 1392 72 70 &
769 1392 86 70 in
812 1392 143 70 altero
913 1392 100 70 non
970 1392 143 70 potest
1070 1392 115 70 esse
1142 1392 86 70 ex
1185 1392 172 70 seipsis:
1314 1392 115 70 quia
1385 1392 86 70 ex
1428 1392 86 70 se
1471 1392 100 70 non
1529 1392 143 70 habent
1629 1392 115 70 quod
1700 1392 201 70 subsistunt
1858 1392 86 70 in
1901 1392 186 70 effectum,
2044 1392 86 70 vt
2087 1392 143 70 dictum
2173 1392 86 70 est,

504 1448 98 68 sed
560 1448 153 68 oportet
671 1448 112 68 quod
741 1448 112 68 fiat
811 1448 84 68 in
853 1448 98 68 eis
909 1448 98 68 per
964 1448 126 68 aliam
1048 1448 140 68 causam
1146 1448 181 68 facientem
1285 1448 167 68 vtrumque
1411 1448 126 68 eorum
1495 1448 112 68 esse
1564 1448 153 68 alterum
1676 1448 98 68 per
1732 1448 181 68 essentiam
1871 1448 195 68 existentem
2025 1448 84 68 in
2067 1448 140 68 actum:
2164 1448 70 68 &
2178 1448 84 68 hunc

509 1503 107 67 non
570 1503 123 67 esse
647 1503 153 67 illum,
754 1503 77 67 &
784 1503 214 67 econuerso,
953 1503 92 67 vt
999 1503 107 67 sit
1060 1503 138 67 totum
1152 1503 184 67 causatum
1290 1503 123 67 quod
1366 1503 107 67 est
1428 1503 92 67 in
1474 1503 184 67 vtroque:
1611 1503 123 67 ideo
1688 1503 138 67 causa
1780 1503 291 67 indiuiduationis
2025 1503 138 67 eorum
2102 1503 168 67 efficiens

500 1558 184 68 dicendus
638 1558 107 68 est
699 1558 138 68 deus:
791 1558 107 68 qui
853 1558 107 68 dat
914 1558 169 68 vtrique
1037 1558 138 68 eorum
1129 1558 261 68 subsistentiam
1344 1558 92 68 in
1390 1558 169 68 effectu
1513 1558 77 68 &
1544 1558 184 68 seorsum.
1682 1558 92 68 Et
1728 1558 107 68 hoc
1789 1558 123 68 est,
1866 1558 92 68 vt
1912 1558 154 68 videri
2020 1558 154 68 posset
2112 1558 138 68 alicui,

506 1617 123 70 quid
583 1617 139 70 dicit
675 1617 169 70 Damasc.
798 1617 169 70 secundo
921 1617 262 70 sententiarum.
1137 1617 123 70 cap.
1214 1617 92 70 x.
1260 1617 246 70 Interminatum
1460 1617 108 70 est
1521 1617 169 70 natura,
1644 1617 77 70 &
1675 1617 277 70 principaliter,
1906 1617 77 70 &
1937 1617 139 70 solum
2029 1617 123 70 quod
2091 1617 169 70 increatum

499 1676 125 65 est.
577 1676 94 65 i.
624 1676 140 65 deus.
718 1676 125 65 Omne
796 1676 125 65 enim
874 1676 172 65 creatum
999 1676 94 65 ab
1046 1676 94 65 eo
1092 1676 109 65 qui
1155 1676 187 65 creauit.
1295 1676 94 65 i.
1342 1676 109 65 deo
1405 1676 234 65 terminatur.
1592 1676 78 65 &
1623 1676 140 65 infra
1717 1676 125 65 post
1795 1676 187 65 modicum.
1935 1676 109 65 Sed
1998 1676 156 65 quales
2107 1676 187 65 secundum

490 1723 231 78 substantiam
674 1723 123 78 sunt
751 1723 231 78 differentes
936 1723 216 78 abinuicem,
1105 1723 200 78 nescimus.
1259 1723 139 78 Solus
1352 1723 139 78 autem
1444 1723 123 78 deus
1521 1723 108 78 qui
1583 1723 139 78 fecit
1675 1723 123 78 eos,
1752 1723 154 78 nouit.
1860 1723 200 78 Differunt
2014 1723 139 78 autem
2091 1723 169 78 abinuicem

486 1777 271 82 illuminatione
709 1777 80 82 &
741 1777 207 82 statione,
901 1777 128 82 siue
981 1777 191 82 secundum
1124 1777 287 82 illuminationem
1364 1777 207 82 stationem
1523 1777 207 82 habentes:
1683 1777 128 82 siue
1762 1777 191 82 secundum
1906 1777 207 82 stationem
2050 1777 207 82 illuminatio

487 1834 108 65 nem
548 1834 261 65 percipientes:
763 1834 169 65 propter
886 1834 123 65 esse
963 1834 92 65 se
1009 1834 169 65 inuicem
1132 1834 246 65 illuminantes
1331 1834 200 65 eminentia
1485 1834 169 65 ordinis
1608 1834 108 65 aut
1669 1834 184 65 naturae.
1808 1834 215 65 Manifestum
1977 1834 108 65 est
2038 1834 123 65 enim
2115 1834 123 65 quod
2176 1834 77 65 qui

497 1895 192 69 eminent,
641 1895 257 69 inferioribus
850 1895 176 69 tradunt
978 1895 289 69 illuminationem
1219 1895 80 69 &
1251 1895 257 69 cognitionem.
1459 1895 96 69 In
1507 1895 112 69 quo
1571 1895 192 69 insinuat
1716 1895 128 69 quod
1796 1895 192 69 secundum
1940 1895 257 69 differentiam
2133 1895 128 69 statio

486 1948 118 73 num
554 1948 254 73 differentes
757 1948 169 73 sumant
875 1948 321 73 illuminationes.
1146 1948 203 73 Appellat
1298 1948 220 73 stationem
1467 1948 288 73 subsistentiam
1704 1948 101 73 in
1755 1948 186 73 natura,
1890 1948 85 73 &
1924 1948 237 73 supposito.
2110 1948 118 73 Scd
2161 1948 101 73 quia

502 2008 116 66 hoc
569 2008 166 66 dictum
685 2008 133 66 eius
768 2008 183 66 referri
901 2008 166 66 potest
1018 2008 100 66 ad
1068 2008 183 66 angelos
1201 2008 233 66 diuersarum
1384 2008 233 66 specierum:
1567 2008 100 66 in
1616 2008 166 66 quibus
1733 2008 116 66 est
1799 2008 216 66 eminentia
1966 2008 216 66 manifesta
2115 2008 150 66 ordinis

489 2050 199 70 naturae:
638 2050 116 70 non
705 2050 166 70 multum
821 2050 149 70 valet
920 2050 99 70 ad
970 2050 248 70 propositum.
1168 2050 149 70 Vtrum
1268 2050 149 70 autem
1367 2050 116 70 sub
1433 2050 149 70 eadem
1533 2050 182 70 specie,
1665 2050 166 70 gradus
1781 2050 182 70 possunt
1913 2050 132 70 esse
1996 2050 199 70 naturae:
2145 2050 99 70 vt
2195 2050 99 70 in

496 2104 116 85 eis
563 2104 149 85 locum
662 2104 165 85 habeat
777 2104 165 85 dictum
893 2104 165 85 illud:
1008 2104 116 85 non
1074 2104 198 85 pertinet
1223 2104 99 85 ad
1272 2104 248 85 propositum.
1470 2104 231 85 Accidentia
1652 2104 132 85 vero
1734 2104 132 85 quae
1817 2104 198 85 Auicenna
1965 2104 149 85 vocat
2064 2104 116 85 non
2114 2104 132 85 aduen-

499 2162 138 69 titia
591 2162 169 69 tantum,
714 2162 108 69 sed
775 2162 215 69 aduentitia
944 2162 231 69 accidentia:
1129 2162 123 69 illa
1206 2162 123 69 sunt
1283 2162 215 69 quaecunque
1452 2162 169 69 aliquid
1575 2162 108 69 rei
1636 2162 154 69 addunt
1744 2162 154 69 alteri
1851 2162 92 69 vt
1897 2162 200 69 subiecto:
2051 2162 138 69 licet
2143 2162 92 69 in
2174 2162 77 69 rei

508 2220 199 66 veritate
658 2220 116 66 non
724 2220 133 66 sunt
807 2220 249 66 accidentia,
1006 2220 116 66 sed
1073 2220 249 66 substantiae
1272 2220 232 66 quandoque.
1454 2220 133 66 vnde
1537 2220 149 66 vocat
1637 2220 100 66 ea
1687 2220 282 66 dispositiones
1919 2220 282 66 superadditas.
2135 2220 116 66 Inter

505 2276 147 67 talia
603 2276 147 67 autem
701 2276 229 67 accidentia
880 2276 131 67 illa
962 2276 163 67 quibus
1076 2276 180 67 remotis
1207 2276 180 67 necesse
1338 2276 114 67 est
1403 2276 196 67 remoueri
1550 2276 98 67 ab
1599 2276 131 67 esse
1680 2276 147 67 ipsum
1778 2276 212 67 signatum,
1942 2276 131 67 sunt
2023 2276 131 67 illa
2105 2276 114 67 per
2154 2276 98 67 quae

500 2326 186 65 aliquid
635 2326 152 65 habet
737 2326 135 65 esse
821 2326 118 65 hoc
889 2326 101 65 in
940 2326 237 65 existentia
1126 2326 135 65 sua:
1210 2326 118 65 ita
1278 2326 135 65 quod
1363 2326 135 65 fine
1447 2326 135 65 illo
1532 2326 169 65 omnino
1650 2326 118 65 non
1718 2326 169 65 posset
1836 2326 220 65 existere:
2005 2326 152 65 sicut
2090 2326 169 65 secundum

498 2379 155 71 ipsum
601 2379 242 71 Auicennam,
791 2379 190 71 materia
929 2379 207 71 existere
1085 2379 121 71 non
1154 2379 155 71 habet
1257 2379 104 71 in
1309 2379 207 71 effectum
1465 2379 138 71 sine
1551 2379 155 71 forma
1655 2379 224 71 materiali
1827 2379 86 71 &
1862 2379 242 71 corporali,
2052 2379 121 71 nec
2104 2379 155 71 econver

494 2435 107 79 so:
555 2435 122 79 quia
631 2435 138 79 mutuo
723 2435 214 79 perinuicem
891 2435 107 79 sub
952 2435 214 79 quantitate
1120 2435 260 79 indiuiduantur
1334 2435 76 79 &
1365 2435 290 79 multiplicantur.
1609 2435 122 79 Illa
1686 2435 138 79 autem
1777 2435 153 79 quibus
1884 2435 168 79 remotis
2007 2435 107 79 non
2068 2435 107 79 est
2113 2435 138 79 necesse

495 2486 190 71 remoueri
638 2486 143 71 ipsum
733 2486 206 71 signatum:
892 2486 143 71 licet
987 2486 190 71 signatum
1129 2486 190 71 recipiat
1272 2486 127 71 esse
1351 2486 174 71 actuale
1478 2486 111 71 per
1542 2486 159 71 illud:
1653 2486 127 71 sunt
1732 2486 143 71 sicut
1827 2486 159 71 animae
1938 2486 222 71 rationales
2112 2486 127 71 quae
2176 2486 79 71 in-

493 2552 271 64 diuiduantur
710 2552 127 64 per
782 2552 217 64 corpora:
945 2552 181 64 quibus
1071 2552 199 64 creando
1216 2552 271 64 infunduntur
1433 2552 90 64 &
1469 2552 253 64 infundendo
1668 2552 235 64 creantur:
1848 2552 127 64 nec
1921 2552 181 64 omnino
2029 2552 217 64 crearentur

494 2605 127 61 nisi
573 2605 221 61 corporibus
747 2605 221 61 dispositis
921 2605 158 61 quibus
1032 2605 285 61 infunderentur,
1269 2605 95 61 vt
1317 2605 158 61 dictum
1427 2605 111 61 est
1491 2605 158 61 supra.
1601 2605 190 61 secundum
1744 2605 221 61 Auicennam.
1918 2605 127 61 Dico
1997 2605 190 61 secundum
2123 2605 111 61 conen

493 2650 171 70 cursum
613 2650 188 70 diuinae
750 2650 291 70 ordinationis:
989 2650 154 70 licet
1092 2650 137 70 deus
1178 2650 120 70 per
1246 2650 188 70 seipsas
1383 2650 171 70 posset
1503 2650 240 70 indiuiduas
1691 2650 188 70 creare,
1828 2650 137 70 quae
1914 2650 137 70 modo
1999 2650 120 70 sic
2068 2650 120 70 per
2119 2650 137 70 corpo-

492 2701 91 82 ra
537 2701 122 82 esse
613 2701 213 82 incipiunt,
781 2701 91 82 vt
826 2701 106 82 non
887 2701 106 82 cum
948 2701 137 82 ipsis
1039 2701 122 82 esse
1115 2701 198 82 desinunt.
1267 2701 122 82 Vnde
1343 2701 106 82 cum
1404 2701 137 82 fides
1495 2701 137 82 tenet
1586 2701 122 82 quod
1662 2701 152 82 animae
1769 2701 213 82 rationales
1936 2701 122 82 sunt
2012 2701 228 82 substantiae
2179 2701 76 82 spi

495 2766 203 67 rituales
647 2766 118 67 per
715 2766 101 67 se
765 2766 203 67 substare
917 2766 219 67 potentes:
1086 2766 84 67 &
1120 2766 135 67 quod
1204 2766 135 67 sunt
1289 2766 169 67 plures
1407 2766 169 67 numero
1525 2766 203 67 secundum
1677 2766 186 67 hominum
1812 2766 287 67 pluralitatem,
2048 2766 84 67 &
2082 2766 135 67 quod
2150 2766 101 67 deus

499 2813 165 78 potest
614 2813 115 78 eas
680 2813 165 78 creare
795 2813 132 78 sine
878 2813 231 78 corporibus
1059 2813 115 78 per
1125 2813 99 78 se
1174 2813 264 78 subsistentes
1389 2813 198 78 antequam
1537 2813 231 78 corporibus
1718 2813 214 78 vniantur:
1883 2813 132 78 quid
1966 2813 165 78 omnino
2081 2813 148 78 fieri
2164 2813 82 78 non

495 2872 183 69 posset
623 2872 147 69 nisi
715 2872 220 69 essentia
880 2872 165 69 talis
990 2872 238 69 creaturae
1173 2872 238 69 huiusmodi
1356 2872 367 69 multiplicationem
1668 2872 220 69 secundum
1833 2872 202 69 numerum
1980 2872 183 69 absque
2090 2872 165 69 corpore

497 2922 223 74 pateretu:
668 2922 171 74 rnulli
788 2922 206 74 fidelium
942 2922 154 74 debet
1045 2922 223 74 prouenire
1216 2922 103 74 in
1268 2922 188 74 dubium:
1405 2922 137 74 quin
1490 2922 120 74 sub
1559 2922 154 74 eadem
1662 2922 171 74 specie
1782 2922 188 74 possunt
1919 2922 137 74 esse
2004 2922 154 74 plura
2090 2922 154 74 indiui-

495 2977 111 71 dua
559 2977 96 71 in
607 2977 223 71 substantia
782 2977 223 71 spirituali
957 2977 143 71 solis
1052 2977 302 71 substantialibus
1307 2977 223 71 distincta,
1482 2977 143 71 etiam
1577 2977 159 71 absque
1689 2977 127 71 omni
1768 2977 223 71 quantitate
1944 2977 80 71 &
1975 2977 191 71 materia.
2119 2977 111 71 Sic
2166 2977 80 71 er-

501 3018 100 83 go
551 3018 201 83 dicendum
702 3018 134 83 quod
786 3018 117 83 non
852 3018 234 83 repugnante
1036 3018 201 83 essentia
1187 3018 184 83 naturae
1321 3018 234 83 angelicae,
1505 3018 117 83 vel
1571 3018 251 83 cuiuscumque
1772 3018 234 83 creaturae,
1956 3018 167 83 essent
2073 3018 117 83 duo
2123 3018 134 83 indiui

497 3081 114 68 dua
562 3081 146 68 etiam
659 3081 195 68 absoluta
805 3081 97 68 ab
854 3081 130 68 omni
935 3081 227 68 accidente.
1114 3081 97 68 Si
1162 3081 146 68 tamen
1260 3081 211 68 possibile
1422 3081 114 68 sit
1487 3081 244 68 substantiam
1682 3081 179 68 aliquam
1812 3081 179 68 creatam
1942 3081 195 68 existere
2088 3081 130 68 sine
2153 3081 97 68 omni

499 3141 227 65 accidente,
677 3141 162 65 potest
790 3141 146 65 fieri
888 3141 81 65 a
920 3141 113 65 deo
985 3141 113 65 sub
1049 3141 113 65 vna
1114 3141 162 65 specie
1228 3141 275 65 specialissima
1454 3141 97 65 in
1503 3141 146 65 solis
1600 3141 130 65 sibi
1681 3141 308 65 substantialibus
1940 3141 211 65 distincta
2102 3141 113 65 per
2167 3141 113 65 di-

488 3185 178 64 uersas
613 3185 303 64 subsistentias
862 3185 107 64 in
916 3185 214 64 effectu.
1076 3185 107 64 AD
1130 3185 249 64 argumentum
1326 3185 107 64 in
1379 3185 249 64 oppositum:
1575 3185 143 64 quod
1664 3185 160 64 nullo
1771 3185 178 64 addito
1896 3185 107 64 in
1949 3185 214 64 essentia
2109 3185 125 64 non
2163 3185 89 64 po-

487 3240 139 74 test
574 3240 174 74 habere
695 3240 278 74 diuersitatem
922 3240 122 74 aut
991 3240 313 74 distinctionem:
1252 3240 209 74 dicendum
1409 3240 139 74 quod
1496 3240 157 74 secus
1600 3240 122 74 est
1670 3240 104 74 in
1722 3240 261 74 diuersitate
1930 3240 296 74 distinctionis
2157 3240 104 74 eius
