2481 3745
182 291 176 111 tatur
300 291 215 111 columna
456 291 98 111 a
495 291 196 111 dextro
632 291 117 111 in
691 291 274 111 sinistrum:
906 291 137 111 non
984 291 176 111 autem
1102 291 274 111 econuerso,
1317 291 137 111 non
1395 291 137 111 sic
1473 291 313 111 transmutatio
1727 291 235 111 secundum
1903 291 137 111 dex

182 378 154 63 trum
278 378 96 63 &
316 378 250 63 sinistrum
509 378 115 63 in
566 378 211 63 animali
720 378 115 63 ad
778 378 269 63 quamcunque
989 378 365 63 transmutationem
1297 378 115 63 in
1355 378 231 63 columna.
1528 378 154 63 Tunc
1624 378 173 63 autem
1739 378 154 63 ista
1816 378 173 63 transmu

181 432 187 67 tatio
306 432 208 67 arguit
451 432 270 67 solummodo
659 432 291 67 relationem
888 432 249 67 secundum
1075 432 146 67 rem
1158 432 125 67 in
1221 432 229 67 vtroque
1387 432 249 67 extremo,
1574 432 208 67 quando
1720 432 166 67 vice
1824 432 187 67 versa
1928 432 62 67 &

184 487 183 66 mutuo
306 487 122 66 ad
367 487 386 66 transmutationem
692 487 244 66 cuiusque
875 487 224 66 illorum
1038 487 142 66 per
1119 487 122 66 se
1180 487 244 66 secundum
1363 487 305 66 fundamentum
1608 487 102 66 &
1648 487 285 66 relationem
1872 487 163 66 nata

189 538 130 58 est
264 538 167 58 fieri
375 538 297 58 transmutatio
617 538 112 58 in
673 538 204 58 altero,
821 538 223 58 secundum
988 538 260 58 relationem
1193 538 186 58 solum.
1323 538 167 58 Sicut
1435 538 149 58 enim
1527 538 130 58 non
1602 538 167 58 manet
1713 538 167 58 pater
1806 538 186 58 secundum

187 591 261 69 habitudinem
395 591 156 69 licet
499 591 174 69 maneat
621 591 209 69 secundum
777 591 261 69 substantiam
986 591 174 69 mortuo
1108 591 174 69 filio,
1229 591 122 69 sic
1299 591 226 69 econuerso
1473 591 156 69 patre
1577 591 174 69 mortuo
1699 591 122 69 non
1768 591 156 69 manet
1855 591 139 69 filius

187 647 200 68 secundum
337 647 250 68 habitudinem
537 647 150 68 licet
637 647 167 68 maneat
754 647 200 68 secundum
904 647 267 68 substantiam.
1121 647 117 68 Sed
1188 647 167 68 quando
1304 647 100 68 ad
1354 647 317 68 transmutationem
1621 647 150 68 vnius
1721 647 100 68 sm
1771 647 250 68 fundamentum

183 701 87 75 &
217 701 244 75 relationem
409 701 122 75 sit
478 701 278 75 transmutatio
705 701 104 75 in
757 701 139 75 vno,
844 701 87 75 &
879 701 122 75 non
948 701 244 75 econuerso,
1139 701 104 75 vt
1192 701 174 75 dictum
1313 701 122 75 est
1383 701 104 75 de
1435 701 191 75 columna
1574 701 87 75 &
1609 701 209 75 animali,
1766 701 139 75 tunc
1853 701 104 75 in
1888 701 104 75 illo

195 756 115 60 est
260 756 181 60 relatio
392 756 197 60 secundum
539 756 131 60 rem,
621 756 99 60 ad
671 756 148 60 cuius
769 756 312 60 transmutationem
1032 756 263 60 transmutatur
1245 756 181 60 alterum
1377 756 197 60 secundum
1524 756 246 60 relationem:
1721 756 99 60 in
1771 756 181 60 reliquo
1886 756 99 60 vero

182 810 187 53 secundum
322 810 187 53 rationem
462 810 155 53 solum.
571 810 93 53 Et
618 810 93 53 sm
664 810 109 53 hoc
727 810 187 53 generale
867 810 124 53 fuit
944 810 124 53 apud
1022 810 233 53 philosophos
1209 810 124 53 quod
1286 810 171 53 relatio
1411 810 187 53 secundum
1551 810 109 53 rem
1613 810 109 53 non
1675 810 109 53 est
1737 810 124 53 nisi
1815 810 93 53 in
1846 810 140 53 transmu

192 858 211 78 tabilibus.
357 858 90 78 Et
403 858 120 78 ideo
478 858 226 78 philosophi,
658 858 120 78 quia
733 858 181 78 secundum
869 858 135 78 ipsos
959 858 271 78 intellectualia
1185 858 181 78 separata
1320 858 75 78 a
1350 858 165 78 materia
1471 858 150 78 nullam
1576 858 90 78 in
1621 858 90 78 se
1666 858 150 78 omnino
1771 858 120 78 nata
1847 858 120 78 sunt
1907 858 90 78 reci

184 914 141 71 pere
272 914 334 71 transmutationem
554 914 158 71 penes
659 914 211 71 secundum
817 914 158 71 genus
923 914 352 71 transmutationis:
1222 914 105 71 eo
1274 914 141 71 quod
1362 914 176 71 nullam
1485 914 105 71 in
1538 914 211 71 essentia
1696 914 123 71 sua
1766 914 211 71 secundum
1907 914 88 71 ip-

189 971 113 67 sos
253 971 162 67 habent
367 971 291 67 compositionem:
609 971 81 67 &
641 971 129 67 quod
722 971 210 67 propterea
884 971 113 67 eis
948 971 145 67 nihil
1045 971 162 67 potest
1159 971 210 67 accidere:
1320 971 162 67 nullam
1433 971 162 67 omnino
1546 971 226 67 relationem
1724 971 162 67 realem
1821 971 178 67 posuerunt

184 1024 149 64 neque
284 1024 99 64 ad
334 1024 166 64 intra,
450 1024 149 64 neque
549 1024 99 64 ad
599 1024 166 64 extra,
715 1024 99 64 vt
765 1024 166 64 dictum
881 1024 116 64 est
947 1024 99 64 in
997 1024 166 64 tertia
1113 1024 232 64 quaestione
1295 1024 265 64 praecedente.
1510 1024 116 64 Sed
1577 1024 99 64 in
1626 1024 116 64 hoc
1693 1024 199 64 errabant
1825 1024 166 64 circare-

189 1075 201 66 lationes
340 1075 167 66 reales
457 1075 100 66 in
507 1075 117 66 deo
574 1075 100 66 ad
625 1075 167 66 intra:
742 1075 134 66 quae
826 1075 218 66 fundantur
993 1075 100 66 in
1043 1075 151 66 eodem
1144 1075 201 66 simplici
1294 1075 134 66 quod
1378 1075 117 66 est
1445 1075 167 66 diuina
1562 1075 218 66 essentia:
1730 1075 84 66 &
1763 1075 134 66 ideo
1847 1075 167 66 absque

191 1133 119 69 omi
259 1133 339 69 trasmutabilitate
547 1133 85 69 &
581 1133 339 69 accidentalitate,
869 1133 102 69 vt
920 1133 119 69 iam
987 1133 186 69 amplius
1123 1133 152 69 infra
1225 1133 237 69 videbitur.
1411 1133 119 69 Sed
1479 1133 119 69 non
1546 1133 203 69 errabant
1699 1133 152 69 circa
1784 1133 203 69 relationes

190 1184 101 60 dei
247 1184 130 60 extra
334 1184 87 60 ad
378 1184 202 60 creaturas,
537 1184 116 60 quin
609 1184 130 60 verum
696 1184 101 60 sit
754 1184 116 60 quod
826 1184 130 60 illae
913 1184 101 60 non
971 1184 159 60 possunt
1086 1184 87 60 ex
1130 1184 130 60 parte
1216 1184 101 60 dei
1274 1184 116 60 esse
1347 1184 87 60 sm
1390 1184 116 60 rem,
1462 1184 101 60 sed
1520 1184 174 60 secundum
1650 1184 174 60 rationem
1781 1184 159 60 tantum.
1896 1184 116 60 quod

189 1239 126 62 bene
268 1239 190 62 declarat
410 1239 95 62 in
458 1239 111 62 deo
521 1239 142 62 circa
616 1239 221 62 relationes
790 1239 126 62 quae
869 1239 190 62 dicuntur
1011 1239 95 62 ex
1058 1239 190 62 tempore,
1201 1239 221 62 Augustinus
1375 1239 95 62 in
1422 1239 142 62 fine.
1517 1239 95 62 v.
1564 1239 95 62 de
1612 1239 158 62 Trini.
1722 1239 174 62 dicens.
1849 1239 174 62 Quomodo

181 1292 261 53 obtinebimus
390 1292 122 53 &c.
459 1292 105 53 vt
512 1292 192 53 habitum
651 1292 122 53 est
721 1292 157 53 supra
825 1292 105 53 in
878 1292 244 53 quaestione
1069 1292 174 53 prima.
1191 1292 105 53 AD
1244 1292 157 53 illud
1348 1292 139 53 vero
1435 1292 139 53 quod
1522 1292 244 53 arguebatur
1714 1292 244 53 relationem
1888 1292 105 53 esse

183 1341 183 74 aliquid
316 1341 100 74 in
366 1341 100 74 re
416 1341 183 74 praeter
548 1341 249 74 fundamentum
748 1341 83 74 &
781 1341 149 74 modum
880 1341 116 74 qui
947 1341 116 74 est
1013 1341 133 74 esse
1096 1341 100 74 ad
1146 1341 166 74 aliud,
1262 1341 100 74 eo
1312 1341 133 74 quod
1395 1341 116 74 est
1461 1341 133 74 vnum
1544 1341 149 74 decem
1644 1341 348 74 praedicamentorum:
1926 1341 66 74 Di

189 1401 163 67 cendum
303 1401 98 67 sm
352 1401 212 67 praedicta
515 1401 131 67 quod
597 1401 180 67 relatio
727 1401 294 67 praedicamentum
972 1401 114 67 non
1037 1401 147 67 solum
1135 1401 114 67 est
1201 1401 163 67 modus,
1315 1401 114 67 sed
1380 1401 114 67 res
1445 1401 180 67 propter
1576 1401 375 67 characterizationem:
1902 1401 114 67 sed

188 1457 109 64 non
251 1457 124 64 alia
328 1457 202 64 realitate
484 1457 124 64 quam
561 1457 124 64 quam
639 1457 109 64 sui
701 1457 109 64 est
763 1457 217 64 fundamenti
934 1457 78 64 &
965 1457 124 64 quam
1043 1457 140 64 habet
1136 1457 93 64 ab
1182 1457 140 64 illo.
1276 1457 109 64 Nec
1338 1457 140 64 aliam
1431 1457 217 64 realitatem
1602 1457 155 64 habent
1710 1457 109 64 sex
1757 1457 233 64 praedicamenta

190 1509 142 68 quae
279 1509 214 68 dicuntur
440 1509 267 68 extrinsecus
653 1509 285 68 aduenientia,
885 1509 160 68 licet
992 1509 125 68 non
1063 1509 160 68 eodem
1170 1509 142 68 modo
1259 1509 356 68 characterizandi.
1562 1509 321 68 Praedicamentum
1829 1509 142 68 enim
1900 1509 89 68 hre

182 1565 132 66 non
258 1565 170 66 dicit
371 1565 151 66 nisi
465 1565 245 66 respectum
654 1565 226 66 habentis
823 1565 113 66 ad
880 1565 113 66 id
937 1565 151 66 quod
1031 1565 226 66 habetur.
1201 1565 94 66 &
1238 1565 132 66 hoc
1314 1565 207 66 propter
1465 1565 226 66 accessum
1635 1565 151 66 siue
1710 1565 283 66 applicationem

188 1618 162 66 eius
289 1618 162 66 quod
390 1618 223 66 habetur
552 1618 122 66 ad
613 1618 263 66 habentem,
816 1618 101 66 &
856 1618 142 66 non
937 1618 284 66 econuerso.
1160 1618 162 66 Vnde
1262 1618 101 66 &
1302 1618 446 66 characterizationem
1687 1618 162 66 suam
1768 1618 223 66 contrahit

192 1672 106 72 non
252 1672 91 72 ab
298 1672 182 72 habente:
434 1672 106 72 sed
495 1672 91 72 ab
540 1672 91 72 eo
586 1672 121 72 quod
662 1672 182 72 habetur.
798 1672 182 72 secundum
934 1672 121 72 quod
1010 1672 167 72 species
1131 1672 258 72 praedicamenti
1343 1672 182 72 dicuntur
1480 1672 212 72 calceatio,
1646 1672 197 72 vestitio,
1798 1672 76 72 &
1813 1672 182 72 huiusmodi,

198 1727 85 63 ab
240 1727 128 63 illis
326 1727 114 63 quae
397 1727 157 63 habenit
511 1727 171 63 scilicet
639 1727 71 63 a
668 1727 157 63 calceis
782 1727 71 63 &
810 1727 171 63 vestibus
939 1727 71 63 &
967 1727 199 63 huiusmodi.
1124 1727 100 63 ita
1181 1727 114 63 quod
1252 1727 256 63 praedicamentum
1466 1727 142 63 hatrne
1566 1727 157 63 quantum
1680 1727 100 63 est
1737 1727 85 63 ex
1779 1727 128 63 parte
1851 1727 142 63 habentis

190 1783 137 64 non
269 1783 157 64 nisi
367 1783 176 64 modum
484 1783 176 64 purum
602 1783 255 64 importat.
798 1783 118 64 Et
857 1783 118 64 in
915 1783 137 64 hoc
994 1783 274 64 quodammodo
1209 1783 255 64 contrario
1405 1783 157 64 modo
1503 1783 118 64 se
1562 1783 196 64 habent
1680 1783 313 64 praedicamentum

185 1834 248 67 relationis
380 1834 89 67 &
416 1834 319 67 praedicamentum
682 1834 177 67 hatre.
806 1834 106 67 In
859 1834 301 67 praedicamento
1107 1834 142 67 enim
1195 1834 248 67 relationis
1390 1834 195 67 relatio
1532 1834 106 67 ex
1585 1834 177 67 ordine
1709 1834 106 67 ad
1763 1834 106 67 id
1816 1834 160 67 cuius
1904 1834 89 67 est

184 1887 153 65 habet
286 1887 255 65 realitatem:
490 1887 85 65 &
525 1887 102 65 ex
576 1887 170 65 ordine
695 1887 102 65 ad
746 1887 102 65 id
797 1887 102 65 ad
848 1887 136 65 quod
933 1887 136 65 est,
1018 1887 153 65 habet
1121 1887 204 65 rationem
1274 1887 136 65 modi
1359 1887 187 65 tantum.
1495 1887 102 65 In
1546 1887 289 65 praedicamento
1785 1887 153 65 autem
1870 1887 119 65 haire

191 1938 215 73 respectus
357 1938 99 73 ex
406 1938 165 73 ordine
522 1938 99 73 ad
572 1938 99 73 id
621 1938 149 73 cuius
721 1938 132 73 est,
803 1938 116 73 non
869 1938 116 73 est
936 1938 132 73 nisi
1018 1938 149 73 modus
1118 1938 182 73 tantum,
1250 1938 99 73 ex
1299 1938 165 73 ordine
1415 1938 132 73 vero
1498 1938 99 73 ad
1548 1938 99 73 id
1597 1938 99 73 ad
1647 1938 132 73 quod
1729 1938 116 73 est
1796 1938 149 73 habet
1878 1938 116 73 reali

186 2003 173 60 tatem.
307 2003 104 60 Et
359 2003 121 60 cum
428 2003 260 60 assumebatur
636 2003 139 60 quod
723 2003 156 60 modus
827 2003 156 60 purus
930 2003 121 60 qui
1000 2003 121 60 est
1069 2003 139 60 esse
1156 2003 121 60 in,
1225 2003 156 60 licet
1329 2003 121 60 sit
1398 2003 156 60 circa
1502 2003 121 60 rem
1571 2003 173 60 veram,
1693 2003 121 60 non
1762 2003 104 60 ex
1814 2003 121 60 hoc
1866 2003 121 60 habet

191 2046 257 67 realitatem
393 2046 110 67 vt
448 2046 257 67 constituat
650 2046 349 67 praedicamentum:
944 2046 165 67 quare
1054 2046 165 67 neque
1164 2046 165 67 modus
1275 2046 202 67 essendi
1421 2046 110 67 ad
1477 2046 184 67 aliud:
1605 2046 147 67 nisi
1697 2046 202 67 relatio
1826 2046 165 67 haberet

191 2112 189 58 aliquam
328 2112 206 58 propriam
483 2112 241 58 realitatem
672 2112 189 58 praeter
810 2112 155 58 istum
913 2112 172 58 modum.
1033 2112 120 58 Nec
1102 2112 155 58 petit
1205 2112 241 58 argumentum
1394 2112 155 58 aliud
1497 2112 138 58 quam
1583 2112 206 58 rationem
1738 2112 155 58 quare
1841 2112 138 58 esse
1927 2112 103 58 in

185 2156 119 66 non
253 2156 237 66 constituit
439 2156 305 66 praedicamentum
693 2156 152 66 sicut
795 2156 136 66 esse
880 2156 119 66 ad.
947 2156 102 66 Et
998 2156 119 66 est
1066 2156 203 66 dicendum
1219 2156 136 66 quod
1303 2156 220 66 generalem
1473 2156 152 66 artem
1574 2156 254 66 discernendi
1778 2156 136 66 quis
1862 2156 152 66 modus

193 2208 197 71 essendi
337 2208 162 71 habet
444 2208 269 71 constituere
660 2208 341 71 praedicamentum,
947 2208 90 71 &
983 2208 144 71 quis
1073 2208 144 71 non,
1162 2208 162 71 docet
1270 2208 126 71 nos
1342 2208 251 71 Simplicius
1539 2208 233 71 exponendo
1701 2208 287 71 praedicamentum

194 2266 211 68 quando:
347 2266 115 68 in
405 2266 287 68 respondendo
634 2266 268 68 quaestioni
845 2266 153 68 quam
941 2266 134 68 ibi
1017 2266 192 68 mouet,
1151 2266 134 68 sic
1228 2266 249 68 inquiens.
1419 2266 134 68 Cum
1496 2266 172 68 multa
1611 2266 153 68 sint
1707 2266 115 68 ea
1764 2266 153 68 quae
1860 2266 115 68 in
1898 2266 96 68 ali

197 2316 116 74 quo,
270 2316 102 74 duo
328 2316 131 74 sola.
416 2316 174 74 scilicet
546 2316 116 74 quae
619 2316 87 74 in
663 2316 174 74 tempore,
793 2316 73 74 &
823 2316 116 74 quae
895 2316 87 74 in
939 2316 131 74 loco,
1026 2316 160 74 propria
1142 2316 247 74 praedicamenta
1346 2316 174 74 faciunt.
1477 2316 160 74 Dicitur
1593 2316 131 74 autem
1680 2316 87 74 in
1724 2316 160 74 aliquo,
1840 2316 131 74 sicut
1913 2316 87 74 acci

198 2384 134 57 dens
282 2384 100 57 in
332 2384 217 57 subiecto.
499 2384 100 57 Si
549 2384 134 57 enim
633 2384 150 57 aliud
733 2384 117 57 est
800 2384 150 57 album
900 2384 84 57 &
934 2384 150 57 aliud
1034 2384 184 57 corpus,
1168 2384 84 57 &
1201 2384 150 57 aliud
1302 2384 134 57 esse
1385 2384 150 57 album
1485 2384 100 57 in
1536 2384 201 57 corpore:
1686 2384 117 57 est
1753 2384 150 57 autem
1837 2384 150 57 propor-

197 2420 193 72 tionale
338 2420 158 72 album
443 2420 176 72 quidem
566 2420 211 72 Socrati,
725 2420 176 72 corpus
848 2420 176 72 quidem
971 2420 211 72 tempori:
1129 2420 141 72 esse
1217 2420 158 72 autem
1322 2420 158 72 album
1428 2420 105 72 in
1480 2420 193 72 corpore
1621 2420 105 72 ei
1674 2420 141 72 quid
1762 2420 123 72 est
1814 2420 176 72 Socratem

196 2480 138 70 esse
282 2480 103 70 in
333 2480 206 70 tempore:
488 2480 189 70 propter
626 2480 138 70 quid
712 2480 138 70 ergo
798 2480 120 70 non
867 2480 206 70 secundum
1022 2480 120 70 hoc
1090 2480 206 70 proprium
1245 2480 310 70 praedicamentum
1503 2480 206 70 extitit:
1658 2480 189 70 propter
1796 2480 138 70 quid
1882 2480 86 70 &
1899 2480 86 70 non

201 2532 124 70 quod
279 2532 109 70 est
341 2532 93 70 in
388 2532 124 70 vase
465 2532 140 70 aliud
559 2532 155 70 faciet
667 2532 295 70 praedicamentum,
916 2532 78 70 &
947 2532 124 70 quod
1024 2532 93 70 in
1071 2532 171 70 materia
1195 2532 155 70 aliud:
1304 2532 78 70 &
1335 2532 124 70 quod
1413 2532 93 70 in
1459 2532 124 70 toto
1537 2532 140 70 pars:
1630 2532 78 70 &
1661 2532 124 70 quod
1739 2532 93 70 in
1785 2532 186 70 partibus
1909 2532 78 70 to-

199 2584 132 71 tum,
282 2584 83 71 &
315 2584 132 71 quod
398 2584 149 71 genus
497 2584 99 71 in
547 2584 232 71 speciebus,
729 2584 83 71 &
762 2584 132 71 quid
845 2584 182 71 species
977 2584 99 71 in
1027 2584 182 71 genere:
1159 2584 83 71 &
1192 2584 116 71 ita
1258 2584 165 71 essent
1374 2584 149 71 nobis
1473 2584 149 71 plura
1572 2584 298 71 praedicamenta.
1821 2584 99 71 Et
1854 2584 132 71 respon

201 2648 111 63 det
265 2648 191 63 subdens.
408 2648 159 63 Igitur
519 2648 191 63 dicendum
662 2648 127 63 quod
741 2648 111 63 non
805 2648 127 63 omne
884 2648 127 63 quod
964 2648 95 63 in
1011 2648 175 63 aliquo,
1138 2648 159 63 dignum
1249 2648 111 63 est
1313 2648 191 63 speciali
1456 2648 286 63 praedicamento,
1694 2648 111 63 sed
1758 2648 127 63 sola
1837 2648 143 63 illa,
1932 2648 95 63 in

195 2692 181 73 quibus
321 2692 126 73 hoc
394 2692 181 73 quidem
520 2692 235 73 continet:
700 2692 126 73 hoc
773 2692 162 73 autem
881 2692 271 73 continetur,
1098 2692 199 73 vtroque
1242 2692 144 73 suam
1332 2692 199 73 naturam
1477 2692 235 73 seruante,
1657 2692 90 73 &
1693 2692 181 73 neutro
1801 2692 181 73 alterius

193 2745 154 76 parte
296 2745 171 76 facto,
415 2745 154 76 neque
518 2745 222 76 complente
689 2745 205 76 alterum.
843 2745 103 76 In
894 2745 120 76 his
963 2745 137 76 enim
1048 2745 154 76 solum
1151 2745 154 76 illud
1253 2745 137 76 quod
1339 2745 120 76 est
1407 2745 103 76 in
1459 2745 188 76 aliquo,
1596 2745 171 76 natura
1715 2745 188 76 quaedam
1835 2745 154 76 determi

195 2809 134 65 nata
279 2809 117 65 sit
346 2809 184 65 praeter
480 2809 251 65 habitudinem
681 2809 151 65 ipsam
781 2809 251 65 subsistens:
982 2809 167 65 veluti
1100 2809 134 65 quod
1183 2809 117 65 est
1250 2809 100 65 in
1300 2809 151 65 loco,
1401 2809 117 65 aut
1468 2809 100 65 in
1518 2809 184 65 tempore
1652 2809 167 65 corpus
1769 2809 151 65 esse.
1870 2809 100 65 Ab
1903 2809 84 65 hoc

201 2855 138 75 enim
287 2855 259 75 particulari
495 2855 190 75 tempore
633 2855 86 75 &
667 2855 138 75 loco
754 2855 207 75 separata
909 2855 138 75 quae
996 2855 104 75 in
1048 2855 156 75 ipsis
1151 2855 173 75 erant,
1272 2855 242 75 subsistunt
1462 2855 173 75 adhuc.
1583 2855 138 75 Alia
1670 2855 138 75 vero
1756 2855 190 75 signata
1877 2855 104 75 eius

202 2912 143 67 quod
292 2912 125 67 est
363 2912 107 67 in
417 2912 179 67 aliquo
542 2912 143 67 haec
631 2912 179 67 quidem
756 2912 250 67 completiua
953 2912 161 67 sunt:
1060 2912 107 67 vt
1114 2912 179 67 partes
1239 2912 89 67 &
1275 2912 179 67 totum,
1400 2912 89 67 &
1436 2912 179 67 genera
1561 2912 89 67 &
1597 2912 215 67 species,
1758 2912 89 67 &
1775 2912 215 67 principans

200 2960 83 81 &
234 2960 249 81 principata:
433 2960 133 81 haec
516 2960 149 81 autem
616 2960 116 81 non
682 2960 183 81 possunt
815 2960 183 81 seorsum
948 2960 249 81 subsistere,
1147 2960 100 81 vt
1197 2960 133 81 quod
1280 2960 100 81 in
1330 2960 183 81 materia
1463 2960 83 81 &
1496 2960 199 81 species,
1645 2960 83 81 &
1678 2960 133 81 quod
1761 2960 100 81 in
1795 2960 199 81 substantia

195 3035 239 55 accidens,
378 3035 147 55 quod
470 3035 184 55 quidem
599 3035 92 55 &
635 3035 165 55 forma
745 3035 220 55 subiecti
911 3035 147 55 fit.
1003 3035 202 55 propter
1149 3035 147 55 quod
1241 3035 92 55 &
1278 3035 239 55 subiectum
1462 3035 257 55 appellatur
1664 3035 220 55 secundum
1829 3035 165 55 illud
1921 3035 73 55 pu

196 3070 112 69 ta
252 3070 187 69 album.
383 3070 206 69 Quomodo
533 3070 187 69 itaque
664 3070 150 69 erit
757 3070 206 69 alterum
907 3070 112 69 in
963 3070 187 69 altero
1094 3070 224 69 proprie,
1262 3070 168 69 neque
1375 3070 243 69 abinuicem
1562 3070 224 69 separata
1730 3070 224 69 secundum
1880 3070 112 69 hypo

201 3139 197 58 stasim,
344 3139 125 58 sed
416 3139 215 58 secundum
577 3139 269 58 intellectum
792 3139 179 58 solum:
917 3139 143 58 quae
1007 3139 143 58 vero
1097 3139 107 58 in
1150 3139 197 58 tempore
1294 3139 90 58 &
1329 3139 107 58 in
1383 3139 143 58 loco
1473 3139 143 58 immo
1562 3139 161 58 alias
1670 3139 161 58 fiunt
1777 3139 107 58 in
1831 3139 161 58 alio.
1920 3139 72 58 i.

190 3177 214 97 tempore
345 3177 97 97 &
384 3177 156 97 loco
482 3177 175 97 eadem
598 3177 214 97 numero:
754 3177 117 97 in
812 3177 234 97 subiecto
988 3177 175 97 autem
1105 3177 175 97 alias
1221 3177 117 97 in
1280 3177 175 97 alio,
1397 3177 156 97 idem
1494 3177 234 97 secundum
1669 3177 214 97 numerum
1825 3177 175 97 fieri
1922 3177 78 97 im
