2415 3708
148 274 132 91 tur
223 274 282 91 simpliciter
449 274 282 91 aduentitia.
675 274 207 91 dicente
825 274 263 91 Simplicio.
1032 274 339 91 Praeordinentur
1314 274 150 91 quae
1408 274 226 91 secundum
1578 274 113 91 se
1634 274 132 91 his
1709 274 150 91 quae
1803 274 113 91 ad
1841 274 94 91 ali

154 361 169 65 quid.
267 361 188 65 Factis
398 361 225 65 pluribus
567 361 206 65 necesse
717 361 131 65 est
792 361 225 65 aduenire
961 361 281 65 habitudinem
1186 361 113 65 ad
1242 361 225 65 aliquid.
1411 361 150 65 Post
1505 361 131 65 hoc
1580 361 169 65 autem
1692 361 150 65 alia
1767 361 169 65 praedi-

148 407 232 72 camenta
316 407 147 72 non
401 407 253 72 secundum
590 407 253 72 cognatam
779 407 337 72 habitudinem,
1053 407 147 72 sed
1137 407 253 72 secundum
1327 407 337 72 aduentitiam.
1600 407 295 72 Fundamento
1811 407 126 72 enim

152 466 315 61 similitudinis
412 466 111 61 vt
468 466 241 61 albedini,
653 466 204 61 quantum
801 466 130 61 est
875 466 111 61 de
931 466 130 61 se,
1005 466 260 61 essentiale
1209 466 130 61 est
1283 466 148 61 quod
1376 466 167 61 super
1487 466 167 61 ipsam
1598 466 222 61 fundetur
1747 466 185 61 secundum

154 522 178 76 actum,
279 522 89 76 &
314 522 142 76 nata
403 522 125 76 sit
474 522 196 76 fundari
617 522 213 76 habitudo
777 522 320 76 similitudinis:
1044 522 89 76 &
1079 522 249 76 essentiale
1275 522 125 76 est
1346 522 213 76 albedini
1506 522 196 76 quantum
1648 522 125 76 est
1720 522 107 76 de
1773 522 107 76 se
1826 522 142 76 quod

152 579 231 64 secundum
325 579 135 64 eam
402 579 174 64 album
518 579 212 64 dicatur
672 579 212 64 simile.
827 579 135 64 Sed
904 579 135 64 non
981 579 174 64 habet
1097 579 135 64 hoc
1174 579 116 64 ex
1232 579 116 64 se
1290 579 154 64 sola
1386 579 251 64 perfecte,
1579 579 96 64 &
1617 579 231 64 secundum
1772 579 154 64 actum,

155 628 131 63 sed
230 628 243 63 solummodo
417 628 112 63 ex
473 628 299 63 coexistentia
716 628 224 63 alterius
885 628 243 63 albedinis
1072 628 112 63 in
1128 628 150 63 alio
1221 628 243 63 subiecto.
1408 628 206 63 dicente
1558 628 262 63 Simplicio.
1745 628 187 63 Videntur

147 678 167 63 autem
259 678 149 63 quae
352 678 111 63 ad
408 678 223 63 aliquid,
575 678 167 63 simul
686 678 149 63 esse
779 678 204 63 natura.
928 678 130 63 Non
1002 678 149 63 enim
1095 678 223 63 habitudo
1262 678 130 63 est
1336 678 111 63 in
1392 678 149 63 vno,
1485 678 130 63 sed
1559 678 223 63 alterius
1727 678 186 63 semper
1857 678 111 63 ad

148 739 221 64 alterum.
313 739 202 64 Oportet
461 739 184 64 igitur
589 739 147 64 ambo
681 739 258 64 coexistere
884 739 110 64 si
939 739 184 64 debeat
1068 739 221 64 habitudo
1234 739 110 64 in
1289 739 166 64 ipsis
1399 739 221 64 saluari.
1565 739 184 64 altero
1694 739 147 64 solo
1767 739 166 64 manente

157 798 138 55 non
236 798 158 55 erit
335 798 257 55 habitudo.
533 798 158 55 Vnde
632 798 158 55 quia
730 798 237 55 reliquum
908 798 138 55 vel
987 798 198 55 potest
1126 798 277 55 coexistere
1343 798 119 55 vt
1402 798 237 55 secundum
1580 798 178 55 actum
1699 798 138 55 sit
1758 798 178 55 habitu-

155 837 137 73 do,
234 837 137 73 vel
312 837 137 73 non
390 837 273 73 coexistere
604 837 117 73 vt
663 837 137 73 non
741 837 137 73 sit
819 837 234 73 secundum
995 837 176 73 actum
1112 837 254 73 habitudo:
1307 837 98 73 &
1346 837 137 73 hoc
1424 837 215 73 praeter
1581 837 195 73 ipsius
1698 837 234 73 fundamenti

150 899 311 57 corruptionem
402 899 97 57 &
441 899 194 57 ipsius
577 899 252 57 subiecti:
771 899 155 57 ideo
868 899 233 57 secundum
1043 899 311 57 definitionem
1295 899 272 57 accidentis
1509 899 155 57 quae
1606 899 136 57 est
1684 899 155 57 quod
1781 899 175 57 adest
1878 899 58 57 &

150 949 167 61 abest
262 949 204 61 praeter
411 949 297 61 corruptionem
652 949 242 61 subiecti,
838 949 334 61 praedicamentum
1117 949 260 61 relationis
1321 949 186 61 omnino
1451 949 130 61 est
1525 949 242 61 accidens,
1711 949 149 61 quia
1804 949 130 61 non
1860 949 74 61 so

160 1001 135 68 lum
237 1001 193 68 adest,
372 1001 96 68 &
410 1001 173 68 abest
526 1001 212 68 praeter
680 1001 308 68 corruptionem
930 1001 250 68 subiecti,
1122 1001 135 68 sed
1199 1001 173 68 etiam
1315 1001 212 68 praeter
1469 1001 308 68 corruptionem
1700 1001 231 68 fundamenti

152 1057 123 60 Et
213 1057 225 60 propter
376 1057 143 60 hoc
458 1057 225 60 mutatio
621 1057 143 60 fit
703 1057 245 60 secundum
887 1057 123 60 ad
948 1057 225 60 aliquid
1111 1057 123 60 in
1173 1057 143 60 vno
1254 1057 123 60 ad
1315 1057 286 60 mutationem
1540 1057 245 60 secundum
1724 1057 143 60 rem
1785 1057 143 60 abso-

149 1114 169 63 lutam
262 1114 113 63 in
318 1114 150 63 solo
412 1114 206 63 altero.
562 1114 131 63 Sed
637 1114 131 63 est
712 1114 281 63 aduertendum
937 1114 150 63 quod
1031 1114 169 63 licet
1144 1114 169 63 totum
1256 1114 338 63 praedicamentum
1538 1114 263 63 relationis
1744 1114 113 63 vt
1782 1114 150 63 dictum

156 1157 125 66 est
228 1157 215 66 accidens
389 1157 143 66 sit,
478 1157 89 66 &
514 1157 197 66 ratione
657 1157 143 66 modi
746 1157 89 66 &
782 1157 197 66 ratione
925 1157 286 66 characteris:
1157 1157 143 66 quod
1247 1157 161 66 tamen
1354 1157 125 66 est
1425 1157 143 66 alia
1515 1157 89 66 &
1551 1157 143 66 alia
1640 1157 161 66 ratio
1729 1157 197 66 accidenta

155 1217 199 69 litatis
300 1217 235 69 hincinde:
481 1217 90 69 &
517 1217 145 69 alia
607 1217 163 69 atque
716 1217 145 69 alia
806 1217 163 69 ratio
915 1217 145 69 eius
1005 1217 127 69 cui
1078 1217 217 69 accidit.
1240 1217 199 69 Ratione
1385 1217 145 69 enim
1476 1217 271 69 characteris
1693 1217 181 69 tribus
1801 1217 127 69 modis

144 1269 185 68 solet
268 1269 267 68 assignari
473 1269 308 68 habitudinis
720 1269 411 68 characterizatio.
1069 1269 144 68 Vno
1151 1269 164 68 modo
1254 1269 123 68 vt
1316 1269 185 68 ipsum
1439 1269 308 68 fundamentum
1685 1269 226 68 ponatur
1829 1269 103 68 cum

153 1316 160 75 ipsa
253 1316 280 75 habitudine
473 1316 300 75 constituere
713 1316 360 75 praedicamentum
1013 1316 100 75 &
1053 1316 280 75 hypostasim
1272 1316 300 75 relationis:
1512 1316 300 75 quemadmodum
1752 1316 120 75 si
1792 1316 140 75 figu-

148 1373 107 77 ra
202 1373 143 77 quae
291 1373 125 77 est
362 1373 107 77 in
416 1373 196 77 sigillo
559 1373 179 77 cupreo
684 1373 232 77 character
862 1373 179 77 cupri,
987 1373 161 77 esset
1095 1373 107 77 in
1148 1373 161 77 caera
1255 1373 232 77 applicata
1434 1373 161 77 eadem
1541 1373 179 77 numero
1666 1373 232 77 character
1827 1373 107 77 cae-

145 1429 158 63 rae.
244 1429 158 63 Alio
343 1429 158 63 modo
442 1429 119 63 vt
502 1429 139 63 non
581 1429 178 63 ipsum
700 1429 297 63 fundamentum
938 1429 139 63 sit
1017 1429 258 63 character
1215 1429 317 63 habitudinis:
1472 1429 139 63 sed
1552 1429 218 63 aliquid
1710 1429 99 63 a
1730 1429 198 63 fundamen

154 1491 128 57 to
218 1491 192 57 quasi
346 1491 277 57 impressum
559 1491 320 57 habitudini:
815 1491 320 57 quemadmodum
1071 1491 256 57 sigillum
1263 1491 149 57 non
1349 1491 171 57 suam
1455 1491 235 57 figuram
1626 1491 256 57 imprimit
1797 1491 128 57 cae-

159 1539 137 62 rae:
244 1539 120 62 sed
313 1539 137 62 eius
399 1539 205 62 similem.
553 1539 171 62 Tertio
672 1539 137 62 modo
758 1539 103 62 vt
809 1539 154 62 nihil
912 1539 154 62 aliud
1015 1539 274 62 intelligatur
1237 1539 257 62 habitudinis
1443 1539 325 62 characterizatio
1717 1539 137 62 quam
1802 1539 154 62 deter

151 1592 212 64 minatio
305 1592 116 64 ad
363 1592 173 64 illud
478 1592 116 64 in
536 1592 135 64 quo
613 1592 250 64 fundatur:
805 1592 154 64 quae
902 1592 116 64 ex
959 1592 116 64 se
1017 1592 327 64 indeterminata
1287 1592 154 64 est:
1383 1592 289 64 quemadmodum
1614 1592 212 64 simitas
1768 1592 135 64 est
1826 1592 96 64 cur

157 1653 165 61 uitas
267 1653 275 61 determinata
486 1653 165 61 naso:
596 1653 146 61 quae
687 1653 110 61 ex
742 1653 110 61 se
797 1653 311 61 indeterminata
1054 1653 128 61 est
1127 1653 110 61 ad
1182 1653 165 61 nasum
1291 1653 92 61 &
1328 1653 110 61 ad
1383 1653 165 61 alia.
1493 1653 110 61 Et
1548 1653 146 61 iste
1639 1653 128 61 est
1712 1653 165 61 modus
1822 1653 146 61 quem

149 1700 272 61 tetigimus
358 1700 209 61 supra:
505 1700 105 61 &
547 1700 251 61 secundum
735 1700 188 61 illum
861 1700 188 61 modum
987 1700 126 61 ex
1050 1700 230 61 diuersa
1217 1700 377 61 determinatione
1531 1700 147 61 per
1615 1700 230 61 diuersa
1761 1700 168 61 funda-

146 1752 178 59 menta
265 1752 237 59 habitudo
443 1752 396 59 diuersificaretur
779 1752 237 59 secundum
957 1752 218 59 speciem
1116 1752 99 59 &
1155 1752 198 59 genera
1294 1752 119 59 ab
1353 1752 178 59 illis
1472 1752 277 59 abstracta.
1690 1752 119 59 Et
1729 1752 198 59 secundum

148 1812 137 57 hoc
226 1812 137 57 cum
304 1812 234 57 habitudo
479 1812 234 57 fundatur
655 1812 176 57 super
772 1812 156 57 vnum
869 1812 117 57 in
928 1812 273 57 qualitate,
1142 1812 117 57 vt
1201 1812 176 57 super
1318 1812 137 57 duo
1396 1812 176 57 alba,
1513 1812 215 57 dicitur
1669 1812 293 57 similitudo:

155 1863 183 72 quando
283 1863 146 72 vero
374 1863 164 72 super
483 1863 164 72 multa
593 1863 110 72 in
647 1863 256 72 qualitate,
848 1863 201 72 dicitur
994 1863 347 72 dissimilitudo,.
1286 1863 128 72 non
1359 1863 146 72 quod
1451 1863 201 72 aliquid
1597 1863 201 72 praeter
1743 1863 164 72 modum
1834 1863 91 72 si-

158 1925 112 53 ue
214 1925 279 53 habitudinem
438 1925 130 53 sit
512 1925 112 53 de
568 1925 316 53 praedicamento
829 1925 279 53 relationis,
1052 1925 112 53 vt
1108 1925 242 53 videlicet
1294 1925 130 53 res
1368 1925 261 53 fundamenti
1573 1925 130 53 vel
1648 1925 205 53 aliquid
1797 1925 112 53 ab
1834 1925 93 53 ip-

150 1967 118 71 sa
209 1967 157 71 quod
308 1967 138 71 est
386 1967 118 71 in
445 1967 157 71 ipsa
544 1967 295 71 habitudine,
780 1967 98 71 &
819 1967 177 71 aliud
937 1967 118 71 ab
996 1967 177 71 ipsa.
1114 1967 98 71 &
1153 1967 138 71 hoc
1232 1967 295 71 quemadmodum
1468 1967 118 71 si
1527 1967 256 71 diceremus
1724 1967 177 71 motum
1842 1967 138 71 non

155 2028 155 57 esse
251 2028 116 57 de
309 2028 329 57 praedicamento
580 2028 232 57 actionis
755 2028 97 57 &
793 2028 271 57 passionis:
1006 2028 135 57 sed
1084 2028 174 57 solum
1200 2028 252 57 respectus
1393 2028 213 57 quosdam
1548 2028 290 57 diuersimode
1780 2028 194 57 funda-

158 2081 136 55 tos
235 2081 117 55 in
294 2081 156 55 motu
391 2081 97 55 &
430 2081 312 55 determinatos
684 2081 136 55 per
762 2081 195 55 ipsum:
898 2081 97 55 &
937 2081 136 55 sic
1015 2081 117 55 de
1073 2081 234 55 caeteris
1249 2081 351 55 praedicamentis
1541 2081 156 55 quae
1639 2081 273 55 consistunt
1853 2081 117 55 in

156 2134 293 57 habitudine,
390 2134 117 57 vt
448 2134 176 57 nihil
565 2134 215 57 dicamus
721 2134 156 57 esse
819 2134 117 57 de
877 2134 332 57 praedicamento
1150 2134 215 57 illorum
1306 2134 156 57 nisi
1404 2134 176 57 nudam
1521 2134 293 57 habitudinem
1735 2134 195 57 diuersi-

150 2186 156 60 mode
247 2186 312 60 determinatam
501 2186 156 60 siue
598 2186 371 60 characterizatam
910 2186 117 60 in
969 2186 137 60 hoc
1047 2186 156 60 quod
1144 2186 254 60 respectus
1339 2186 215 60 illorum
1495 2186 195 60 aliquo
1632 2186 332 60 determinatur:

158 2230 113 66 vt
215 2230 150 66 ista
309 2230 301 66 determinatio
553 2230 207 66 dicatur
703 2230 226 66 realitas
872 2230 320 66 praedicamenti
1136 2230 282 66 relationis.
1361 2230 169 66 Istud
1474 2230 207 66 videtur
1624 2230 188 66 multum
1737 2230 188 66 probabi-

156 2290 128 63 le.
229 2290 128 63 Per
302 2290 238 63 huiusmodi
486 2290 147 63 enim
578 2290 404 63 characterizationem
926 2290 147 63 etsi
1018 2290 330 63 praedicamentum
1293 2290 257 63 relationis
1495 2290 128 63 non
1568 2290 238 63 contineat
1752 2290 110 63 in
1807 2290 110 63 se
1843 2290 92 63 rem

153 2340 285 63 fundamenti,
381 2340 114 63 vt
438 2340 152 63 quod
533 2340 266 63 similitudo
742 2340 133 63 non
818 2340 190 63 signat
951 2340 247 63 albedinem
1140 2340 114 63 in
1197 2340 133 63 qua
1273 2340 247 63 fundatur:
1463 2340 171 63 quasi
1577 2340 171 63 tamen
1691 2340 171 63 ipsam
1786 2340 152 63 signat

152 2405 287 56 inquantum
372 2405 154 56 per
461 2405 198 56 ipsam
593 2405 375 56 determinatur.
902 2405 265 56 SECVNdus
1100 2405 176 56 vero
1210 2405 198 56 modus
1343 2405 243 56 videtur
1519 2405 176 56 mihi
1629 2405 221 56 habere
1762 2405 176 56 falsam

154 2455 342 64 imaginationem
435 2455 100 64 &
475 2455 342 64 impossibilem.
757 2455 141 64 Non
837 2455 161 64 enim
937 2455 261 64 character
1138 2455 141 64 qui
1219 2455 141 64 est
1299 2455 221 64 aliquid
1460 2455 241 64 secundum
1641 2455 141 64 rem
1721 2455 261 64 absolutum

166 2505 114 62 in
223 2505 190 62 aliquo
356 2505 228 62 secundum
526 2505 190 62 simile
659 2505 152 62 sibi
754 2505 322 62 characterizat
1020 2505 171 62 aliud
1133 2505 152 62 sibi
1228 2505 285 62 coniunctum,
1456 2505 152 62 nisi
1551 2505 152 62 dans
1645 2505 285 62 characterem
1854 2505 76 62 se

160 2565 199 57 habeat
299 2565 119 57 vt
359 2565 258 57 separatum
557 2565 119 57 ab
617 2565 179 57 illo,
736 2565 99 57 &
776 2565 258 57 corporale
975 2565 179 57 sicut
1094 2565 199 57 ipsum,
1233 2565 298 57 quemadmodum
1471 2565 179 57 caera
1590 2565 278 57 corporalis
1809 2565 139 57 est
1868 2565 60 57 &

155 2617 237 57 separata
333 2617 99 57 a
373 2617 198 57 cupro,
511 2617 178 57 cuius
630 2617 336 57 similitudinem
907 2617 416 57 characterizatione
1263 2617 237 57 recipit.
1441 2617 158 57 Nunc
1540 2617 178 57 autem
1659 2617 257 57 habitudo,
1837 2617 99 57 cum

155 2673 225 59 secundum
324 2673 263 59 Simplicium
531 2673 132 59 sit
606 2673 244 59 corporale
794 2673 150 59 quid
888 2673 94 59 &
925 2673 282 59 inseparatum
1151 2673 94 59 a
1189 2673 132 59 suo
1264 2673 282 59 fundamento,
1489 2673 132 59 non
1564 2673 132 59 sic
1639 2673 113 59 se
1696 2673 188 59 potest
1808 2673 132 59 habe-

160 2723 112 60 re
216 2723 112 60 ad
272 2723 187 60 album.
403 2723 206 60 Propter
553 2723 150 60 quod
646 2723 131 60 non
721 2723 206 60 videtur
871 2723 150 60 mihi
964 2723 150 60 quod
1057 2723 150 60 illo
1151 2723 206 60 secundo
1300 2723 150 60 modo
1394 2723 187 60 potest
1525 2723 336 60 characterizari
1805 2723 112 60 vt
1843 2723 93 60 po-

152 2760 139 73 nat
232 2760 120 73 in
292 2760 279 73 habitudine
511 2760 219 73 aliquid
670 2760 120 73 re
730 2760 239 73 diuersum
909 2760 199 73 omnino
1049 2760 100 73 &
1088 2760 120 73 ab
1148 2760 159 73 ipso
1248 2760 159 73 modo
1347 2760 120 73 ad
1407 2760 199 73 aliud,
1547 2760 100 73 &
1586 2760 120 73 ab
1646 2760 159 73 ipso
1726 2760 219 73 fundamen-

164 2828 127 62 to:
236 2828 217 62 secundum
399 2828 145 62 quod
489 2828 108 62 de
543 2828 127 62 hoc
616 2828 199 62 habitus
760 2828 127 62 est
833 2828 163 62 sermo
941 2828 181 62 supra.
1068 2828 181 62 Primus
1194 2828 181 62 modus,
1321 2828 108 62 vt
1375 2828 199 62 videtur
1519 2828 163 62 mihi,
1628 2828 127 62 est
1700 2828 145 62 ille
1790 2828 145 62 quem
1863 2828 72 62 te

169 2882 122 61 net
238 2882 262 61 Simplicius,
448 2882 105 61 vt
500 2882 157 61 patet
605 2882 105 61 ex
657 2882 157 61 supra
762 2882 174 61 dictis
884 2882 209 61 secundum
1041 2882 174 61 ipsum.
1163 2882 87 61 &
1198 2882 122 61 non
1267 2882 174 61 obuiat
1389 2882 140 61 huic
1477 2882 227 61 positioni
1651 2882 140 61 nisi
1738 2882 140 61 quod
1825 2882 140 61 idem

166 2940 143 55 esset
262 2940 96 55 in
309 2940 191 55 diuersis
453 2940 303 55 praedicamentis:
708 2940 127 55 quod
787 2940 207 55 similiter
947 2940 175 55 videtur
1074 2940 223 55 Simplicius
1249 2940 159 55 negare
1361 2940 96 55 de
1408 2940 223 55 relatione,
1584 2940 96 55 vt
1631 2940 143 55 supra
1727 2940 175 55 habitum
1838 2940 96 55 est.

165 2992 109 58 Sed
228 2992 125 58 huic
306 2992 233 58 respondetur
492 2992 202 58 defacili:
648 2992 171 58 dicendo
773 2992 125 58 quod
850 2992 109 58 res
913 2992 187 58 alterius
1053 2992 265 58 praedicamenti
1271 2992 125 58 puta
1348 2992 171 58 albedo,
1473 2992 125 58 quae
1551 2992 187 58 qualitas
1691 2992 125 58 est,
1769 2992 93 58 pm
1815 2992 125 58 quod
1878 2992 62 58 ha

168 3033 120 72 bet
236 3033 137 72 esse
322 3033 120 72 in,
390 3033 120 72 est
458 3033 102 72 de
509 3033 290 72 praedicamento
749 3033 256 72 qualitatis:
953 3033 120 72 sed
1022 3033 205 72 secundum
1176 3033 205 72 rationem
1329 3033 324 72 characterizandi
1602 3033 256 72 habitudinem
1807 3033 120 72 non
1859 3033 85 72 est

164 3085 256 98 inconueniens
372 3085 128 98 quod
452 3085 112 98 sit
516 3085 96 98 de
564 3085 272 98 praedicamento
788 3085 240 98 relationis.
980 3085 176 98 dicente
1109 3085 208 98 Simplicio
1269 3085 96 98 in
1317 3085 240 98 expositione
1509 3085 192 98 capituli
1653 3085 96 98 de
1701 3085 176 98 actione
1829 3085 80 98 &
1845 3085 96 98 pas
