2419 3736
455 267 154 99 gradu
557 267 171 99 mouens
677 267 102 99 et
728 267 154 99 motum
831 267 273 99 differentiam
1053 267 171 99 habent
1172 267 154 99 inter
1275 267 102 99 se
1326 267 205 99 secundum
1480 267 256 99 substantiam
1684 267 102 99 et
1736 267 239 99 essentiam,
1924 267 102 99 et
1975 267 188 99 distant
2111 267 137 99 loco
2180 267 68 99 et

452 355 305 66 magnitudine:
700 355 133 66 cum
776 355 229 66 mouentia
947 355 95 66 &
985 355 152 66 mota
1080 355 114 66 in
1138 355 171 66 aliis
1252 355 229 66 gradibus
1423 355 286 66 intermediis
1652 355 133 66 non
1728 355 209 66 penitus
1880 355 248 66 differant
2052 355 190 66 secundum

464 410 286 64 substantiam
693 410 134 64 aut
769 410 229 64 secundum
941 410 191 64 locum.
1075 410 153 64 Vnde
1170 410 115 64 in
1227 410 191 64 quinto
1361 410 172 64 gradu
1476 410 134 64 vbi
1552 410 191 64 animal
1685 410 172 64 mouet
1800 410 210 64 seipsum
1953 410 153 64 motu
2029 410 210 64 progressi

462 466 133 63 uo:
538 466 190 63 mouens
671 466 95 63 &
709 466 171 63 motum
823 466 190 63 partim
956 466 247 63 differunt
1146 466 228 63 secundum
1317 466 304 63 substantiam,
1564 466 95 63 &
1602 466 190 63 partim
1735 466 152 63 non:
1830 466 95 63 &
1868 466 190 63 partim
2001 466 209 63 distant
2134 466 114 63 loco

459 529 94 55 &
497 529 188 55 partim
628 529 150 55 non.
722 529 113 55 Et
779 529 263 55 incipiendo
986 529 94 55 a
1023 529 188 55 summo,
1155 529 282 55 philosophus
1380 529 113 55 in
1437 529 188 55 tertio
1568 529 113 55 de
1625 529 169 55 anima
1737 529 263 55 determinat
1944 529 150 55 quod
2038 529 188 55 primum
2151 529 94 55 mo-

460 573 139 59 uens
547 573 209 59 secundum
703 573 157 59 locum
808 573 122 59 non
877 573 122 59 est
947 573 209 59 potentia
1104 573 261 59 vegetatiua:
1313 573 139 59 quia
1400 573 139 59 ipsi
1487 573 122 59 non
1557 573 244 59 respondent
1748 573 174 59 organa
1870 573 296 59 progressionis
2114 573 104 59 in
2149 573 104 59 plam

464 625 134 66 tis,
548 625 151 66 neque
648 625 268 66 intellectiua
866 625 268 66 speculatiua:
1083 625 134 66 quia
1167 625 117 66 non
1234 625 234 66 speculatur
1418 625 201 66 agibilia
1569 625 184 66 propter
1703 625 134 66 quae
1786 625 117 66 est
1853 625 167 66 motus:
1970 625 151 66 neque
2054 625 201 66 intelligen

459 676 115 64 tia
524 676 214 64 practica,
689 676 198 64 secundum
837 676 132 64 quod
919 676 247 64 determinat.
1117 676 99 64 Et
1166 676 198 64 secundum
1315 676 132 64 quod
1397 676 115 64 ibi
1463 676 230 64 expressius
1644 676 148 64 dicit
1743 676 247 64 Themistius,
1940 676 214 64 practicus
2088 676 165 64 intelle-

468 738 141 56 ctus
557 738 124 56 non
627 738 124 56 est
698 738 194 56 dominus
839 738 177 56 motus:
963 738 141 56 quia
1051 738 159 56 saepe
1157 738 229 56 meditatur
1333 738 177 56 dignum
1457 738 159 56 fuga:
1563 738 141 56 puta
1651 738 265 56 terraemotum
1863 738 124 56 aut
1933 738 212 56 bestiam:
2092 738 88 56 &
2110 738 141 56 saltat

473 784 126 66 cor:
552 784 142 66 tamen
647 784 142 66 manet
741 784 95 66 in
788 784 126 66 loco
867 784 173 66 animal:
993 784 79 66 &
1025 784 236 66 delectabile
1214 784 173 66 aliquod
1340 784 205 66 particula
1497 784 189 66 corporis
1639 784 173 66 sentit:
1765 784 189 66 quiescit
1907 784 142 66 tamen
2002 784 142 66 totum
2096 784 173 66 animal.

467 845 171 59 tamquam
592 845 124 59 alio
670 845 202 59 existente
825 845 156 59 domino
934 845 124 59 eius
1012 845 124 59 quid
1090 845 109 59 est
1152 845 171 59 moueri.
1276 845 93 59 At
1323 845 124 59 vero
1401 845 140 59 neque
1494 845 280 59 concupiscentia
1728 845 140 59 motus
1821 845 156 59 domina
1930 845 124 59 est:
2008 845 140 59 neque
2101 845 124 59 ira.
2163 845 78 59 Com

468 894 196 64 tinentes
615 894 131 64 enim
697 894 147 64 irati
795 894 295 64 concupiscentes
1040 894 229 64 quiescunt.
1220 894 98 64 Et
1269 894 245 64 concludendo
1466 894 229 64 determinat
1646 894 131 64 quod
1727 894 131 64 haec
1809 894 115 64 duo
1875 894 164 64 mouent
1989 894 213 64 appetitus
2153 894 82 64 &
2186 894 98 64 in

465 949 214 67 tellectus
629 949 230 67 practicus:
810 949 115 67 sed
876 949 247 67 intellectus
1073 949 115 67 non
1139 949 148 67 mouet
1238 949 132 67 nisi
1320 949 132 67 quia
1402 949 214 67 appetitus
1567 949 164 67 mouet.
1682 949 132 67 Vnde
1764 949 99 67 in
1813 949 132 67 motu
1896 949 214 67 animalium
2044 949 197 67 progressi-

466 998 92 68 uo
512 998 153 68 mouens
619 998 107 68 est
680 998 138 68 anima
772 998 138 68 bruti
863 998 184 68 secundum
1001 998 199 68 appetitum
1154 998 229 68 sensitiuum:
1337 998 153 68 animal
1444 998 122 68 vero
1521 998 122 68 quod
1597 998 107 68 est
1659 998 122 68 homo
1735 998 199 68 inquantum
1888 998 122 68 homo
1964 998 184 68 secundum
2087 998 168 68 appetitum

468 1054 229 65 rationalem
648 1054 115 65 qui
713 1054 180 65 dicitur
844 1054 213 65 voluntas.
1008 1054 147 65 Totum
1106 1054 147 65 autem
1204 1054 229 65 compositum
1384 1054 115 65 est
1449 1054 164 65 motum.
1564 1054 115 65 Sed
1629 1054 131 65 quia
1711 1054 164 65 animal
1826 1054 115 65 non
1891 1054 180 65 mouetur
2022 1054 131 65 nisi
2087 1054 164 65 organice

466 1107 207 61 oportet
616 1107 150 61 quod
710 1107 131 61 sit
785 1107 207 61 organum
936 1107 207 61 aliquod
1086 1107 131 61 quo
1161 1107 169 61 anima
1274 1107 225 61 secundum
1443 1107 244 61 appetitum
1630 1107 188 61 vtitur
1762 1107 113 61 ad
1818 1107 188 61 motum:
1950 1107 113 61 in
2006 1107 131 61 quo
2062 1107 188 61 ponendum

473 1161 122 66 est
542 1161 105 66 id
595 1161 139 66 quod
682 1161 192 66 appetit
821 1161 105 66 vt
873 1161 174 66 mouens
995 1161 139 66 est.
1082 1161 139 66 Vnde
1170 1161 157 66 dicit
1274 1161 157 66 Auer.
1379 1161 174 66 Corpus
1501 1161 192 66 mouetur
1640 1161 87 66 a
1675 1161 157 66 primo
1780 1161 279 66 instrumento:
2006 1161 122 66 ita
2076 1161 139 66 quod
2145 1161 105 66 pri-

469 1215 121 60 mum
538 1215 276 60 instrumentum
762 1215 138 60 quod
848 1215 172 60 mouet,
969 1215 86 60 &
1003 1215 138 60 quid
1089 1215 121 60 est
1158 1215 224 60 subiectum
1331 1215 172 60 animae
1451 1215 310 60 desideratiuae,
1710 1215 121 60 est
1779 1215 103 60 in
1830 1215 190 60 corpore
1968 1215 207 60 animalis
2123 1215 103 60 in
2158 1215 86 60 vno

470 1267 155 66 loco:
573 1267 86 66 a
608 1267 121 66 quo
677 1267 259 66 expelluntur
884 1267 173 66 partes
1005 1267 207 66 quaedam:
1160 1267 86 66 &
1194 1267 104 66 ad
1246 1267 138 66 quem
1332 1267 259 66 attrahuntur
1540 1267 173 66 partes
1660 1267 173 66 aliae:
1781 1267 86 66 &
1816 1267 121 66 cum
1885 1267 121 66 hoc
1954 1267 190 66 oportet
2092 1267 138 66 quod
2178 1267 104 66 in

461 1321 140 56 illo
549 1321 123 56 sit
619 1321 140 56 idem
707 1321 193 56 aliquid
847 1321 140 56 quod
935 1321 245 56 principium
1127 1321 88 56 &
1162 1321 158 56 finis
1268 1321 158 56 motus
1373 1321 140 56 esse
1460 1321 193 56 possit.
1601 1321 158 56 Omnis
1706 1321 140 56 enim
1793 1321 158 56 motus
1899 1321 245 56 compositus
2091 1321 105 56 ex
2126 1321 123 56 attra

472 1370 171 68 ctione
592 1370 86 68 &
626 1370 240 68 expulsione
814 1370 188 68 necesse
951 1370 120 68 est
1020 1370 103 68 vt
1071 1370 240 68 principium
1259 1370 86 68 a
1293 1370 120 68 quo
1362 1370 120 68 sit
1430 1370 205 68 expulsio
1584 1370 120 68 sit
1653 1370 154 68 finis
1756 1370 103 68 ad
1807 1370 137 68 quem
1893 1370 120 68 est
1961 1370 240 68 attractio:
2132 1370 120 68 sicut

467 1427 179 68 motus
586 1427 278 68 gvratiuus.
805 1427 218 68 Quoniam
963 1427 179 68 autem
1083 1427 179 68 motus
1202 1427 238 68 animalis
1380 1427 278 68 compositus
1599 1427 139 68 est
1678 1427 119 68 ex
1738 1427 298 68 attractione
1976 1427 99 68 &
2016 1427 278 68 expulsione

468 1483 235 66 manifestum
653 1483 134 66 est,
737 1483 185 66 quoniam
872 1483 168 66 quando
989 1483 134 66 pars
1073 1483 168 66 dextra
1191 1483 185 66 mouetur
1325 1483 84 66 a
1359 1483 168 66 nobis,
1477 1483 84 66 &
1510 1483 235 66 sustentati
1695 1483 151 66 sumus
1796 1483 151 66 super
1897 1483 235 66 sinistram:
2082 1483 134 66 tunc
2149 1483 101 66 quae

466 1533 124 63 dam
537 1533 177 63 partes
661 1533 177 63 illius
784 1533 177 63 partis
908 1533 159 63 erunt
1014 1533 212 63 expulsae
1173 1533 106 63 ad
1226 1533 212 63 anterius
1385 1533 106 63 vt
1438 1533 265 63 anteriores:
1650 1533 88 63 &
1686 1533 194 63 quaedam
1827 1533 247 63 attractae,
2021 1533 106 63 vt
2074 1533 141 63 quae
2145 1533 106 63 sunt

471 1601 289 57 posteriores.
706 1601 90 57 &
742 1601 235 57 attractio
922 1601 90 57 &
958 1601 217 57 expulsio
1121 1601 162 57 earum
1229 1601 126 57 non
1301 1601 126 57 est
1374 1601 108 57 in
1428 1601 289 57 rectitudine:
1662 1601 126 57 sed
1735 1601 217 57 secundum
1897 1601 181 57 lineas
2023 1601 162 57 magis
2114 1601 144 57 curuas

478 1648 136 64 quam
563 1648 187 64 rectas:
699 1648 102 64 et
750 1648 136 64 ideo
835 1648 255 64 assimilatur
1039 1648 153 64 gyro.
1141 1648 102 64 Et
1192 1648 136 64 ista
1277 1648 136 64 pars
1362 1648 221 64 quiescens
1533 1648 119 64 est
1601 1648 119 64 per
1669 1648 153 64 motum
1771 1648 272 64 attractionis
1992 1648 170 64 finis:
2111 1648 85 64 &
2145 1648 119 64 per
2196 1648 68 64 mo

480 1694 118 74 tum
547 1694 252 74 expulsionis
749 1694 252 74 principium.
951 1694 101 74 Et
1001 1694 134 74 ideo
1085 1694 185 74 necesse
1220 1694 118 74 est
1287 1694 118 74 ibi
1354 1694 134 74 esse
1438 1694 185 74 gibbum:
1573 1694 118 74 ita
1640 1694 134 74 quod
1724 1694 168 74 signum
1842 1694 168 74 medium
1959 1694 101 74 in
2010 1694 151 74 gibbo
2111 1694 118 74 sit
2178 1694 118 74 qui

478 1753 188 63 escens:
614 1753 85 63 a
649 1753 119 63 quo
717 1753 136 63 erit
802 1753 239 63 principium
990 1753 273 63 expulsionis:
1211 1753 85 63 &
1246 1753 102 63 in
1297 1753 136 63 quod
1382 1753 136 63 erit
1467 1753 154 63 finis
1570 1753 290 63 attractionis:
1808 1753 85 63 &
1843 1753 205 63 concauum
1996 1753 119 63 sit
2064 1753 154 63 motum
2167 1753 119 63 tam
2218 1753 51 63 a

475 1815 188 55 dextris
611 1815 136 55 quam
697 1815 85 55 a
731 1815 239 55 sinistris.
918 1815 102 55 Et
970 1815 136 55 sunt
1055 1815 239 55 principium
1243 1815 85 55 &
1277 1815 154 55 finis
1379 1815 102 55 in
1430 1815 119 55 hoc
1498 1815 136 55 motu
1584 1815 188 55 diuersa
1720 1815 273 55 definitione:
1942 1815 256 55 magnitudine
2147 1815 154 55 autem

478 1857 159 63 idem,
584 1857 159 63 sicut
691 1857 212 63 centrum.
850 1857 88 63 &
885 1857 142 63 quid
974 1857 142 63 tale
1062 1857 124 63 est
1133 1857 106 63 in
1186 1857 212 63 animali,
1345 1857 124 63 est
1416 1857 142 63 cor.
1504 1857 106 63 AD
1557 1857 159 63 cuius
1664 1857 230 63 ampliorem
1840 1857 283 63 intellectum:
2070 1857 142 63 quia
2141 1857 124 63 Auer.

481 1917 124 62 non
552 1917 195 62 viderat
694 1917 160 62 dicta
801 1917 266 62 Aristotelis
1013 1917 106 62 in
1067 1917 177 62 libris
1191 1917 106 62 de
1244 1917 142 62 motu
1333 1917 284 62 progressiuo:
1563 1917 89 62 &
1599 1917 106 62 de
1652 1917 177 62 causis
1776 1917 160 62 motus
1883 1917 248 62 animalium:
2078 1917 142 62 quia
2166 1917 124 62 non

479 1967 175 53 habuit
601 1967 122 53 eos
671 1967 244 53 translatos
863 1967 105 53 vt
915 1967 157 53 dicit
1020 1967 105 53 in
1072 1967 157 53 passu
1177 1967 157 53 isto:
1281 1967 209 53 Sciendum
1439 1967 140 53 quod
1526 1967 105 53 in
1578 1967 140 53 omni
1666 1967 140 53 motu
1753 1967 209 53 animalis
1910 1967 105 53 ex
1962 1967 122 53 se,
2032 1967 209 53 generale
2172 1967 87 53 est

473 2017 112 68 id
529 2017 149 68 quod
623 2017 205 68 mouetur
772 2017 93 68 &
809 2017 168 68 mouet
921 2017 112 68 ex
977 2017 112 68 se
1033 2017 187 68 habere
1163 2017 205 68 aliquid
1313 2017 168 68 fixum
1425 2017 224 68 immobile
1593 2017 112 68 in
1648 2017 131 68 quo
1723 2017 205 68 figitur
1872 2017 93 68 &
1910 2017 298 68 sustentatur:
2152 2017 93 68 &
2171 2017 93 68 hoc

487 2072 113 64 tam
552 2072 146 64 intra
649 2072 97 64 se
697 2072 129 64 quam
778 2072 146 64 extra
875 2072 113 64 se.
940 2072 97 64 De
989 2072 97 64 eo
1037 2072 129 64 enim
1118 2072 129 64 quod
1199 2072 129 64 tale
1280 2072 146 64 debet
1377 2072 129 64 esse
1458 2072 146 64 intra
1555 2072 113 64 se,
1620 2072 146 64 dicit
1717 2072 259 64 philosophous
1927 2072 97 64 de
1976 2072 162 64 causis
2089 2072 146 64 motus
2186 2072 113 64 ani

474 2129 180 66 malium
600 2129 108 66 in
654 2129 252 66 principio.
853 2129 162 66 Omnis
961 2129 162 66 motus
1069 2129 234 66 animalium
1249 2129 198 66 oportet
1394 2129 108 66 si
1448 2129 216 66 moueatur
1610 2129 180 66 aliqua
1736 2129 252 66 particula,
1934 2129 234 66 quiescere
2097 2129 162 66 aliquam

483 2182 109 67 Et
537 2182 200 67 propter
683 2182 128 67 hoc
756 2182 237 67 iuncturae
938 2182 109 67 in
993 2182 255 67 animalibus
1193 2182 164 67 sunt:
1303 2182 273 67 quemadmodum
1521 2182 146 67 enim
1612 2182 182 67 centro
1740 2182 200 67 vtuntur
1885 2182 255 67 iuncturis:
2086 2182 91 67 &
2122 2182 128 67 sit
2177 2182 91 67 to-

476 2234 106 61 ta
529 2234 142 61 pars
618 2234 106 61 in
671 2234 124 61 qua
742 2234 124 61 est
813 2234 230 61 iunctura,
990 2234 89 61 &
1025 2234 124 61 vna
1096 2234 89 61 &
1132 2234 159 61 duae,
1238 2234 89 61 &
1273 2234 159 61 recta
1380 2234 89 61 &
1415 2234 213 61 curuata:
1574 2234 248 61 permutatis
1769 2234 213 61 potentia
1929 2234 89 61 &
1964 2234 142 61 actu
2052 2234 195 61 propter
2176 2234 89 61 iun

490 2290 178 66 cturam:
619 2290 129 66 quid
700 2290 145 66 autem
797 2290 97 66 in
845 2290 210 66 iuncturis
1007 2290 194 66 potentia
1152 2290 81 66 &
1185 2290 162 66 actum,
1298 2290 129 66 sunt
1378 2290 210 66 aliquando
1540 2290 162 66 quidem
1653 2290 145 66 vnum,
1750 2290 210 66 aliquando
1912 2290 145 66 autem
2009 2290 226 66 diuiditur.
2186 2290 113 66 Sed

479 2341 180 66 semper
605 2341 252 66 principium
803 2341 180 66 primum
929 2341 234 66 inquantum
1109 2341 252 66 principium
1307 2341 216 66 quiescit
1468 2341 144 66 mota
1558 2341 234 66 particula
1738 2341 144 66 quae
1828 2341 108 66 de
1882 2341 198 66 subtus,
2026 2341 108 66 vt
2080 2341 144 66 puta
2152 2341 108 66 bra-

481 2400 149 63 chio
574 2400 186 63 quidem
705 2400 149 63 moto
798 2400 223 63 cubitus:
965 2400 149 63 toto
1058 2400 167 63 autem
1170 2400 186 63 membro
1300 2400 223 63 humerus,
1467 2400 167 63 tibia
1579 2400 186 63 quidem
1709 2400 167 63 genu,
1821 2400 149 63 toto
1914 2400 167 63 autem
2025 2400 186 63 scaleo
2137 2400 130 63 verte

488 2452 147 64 brum.
586 2452 98 64 Et
635 2452 163 64 infra.
749 2452 147 64 Quare
847 2452 98 64 si
896 2452 163 64 animal
1011 2452 147 64 esset
1109 2452 212 64 brachium:
1272 2452 114 64 hic
1337 2452 163 64 vtique
1452 2452 147 64 esset
1550 2452 229 64 principium
1730 2452 163 64 animae
1844 2452 212 64 mouentis.
2008 2452 82 64 &
2040 2452 163 64 infra.
2138 2452 131 64 Semper

480 2508 154 63 autem
583 2508 188 63 necesse
720 2508 120 63 est
788 2508 103 63 in
840 2508 154 63 medio
943 2508 137 63 esse
1028 2508 188 63 amborum
1165 2508 240 63 principium
1354 2508 171 63 animae
1474 2508 223 63 mouentis.
1645 2508 188 63 amborum
1782 2508 137 63 enim
1868 2508 240 63 extremorum
2056 2508 171 63 medium
2159 2508 103 63 vlti

482 2559 146 64 mumn.
579 2559 97 64 De
628 2559 97 64 eo
677 2559 130 64 vero
758 2559 130 64 quid
839 2559 130 64 tale
920 2559 146 64 debet
1018 2559 130 64 esse
1099 2559 146 64 extra
1197 2559 114 64 se:
1262 2559 146 64 dicit
1359 2559 162 64 ibidem
1473 2559 146 64 inter
1570 2559 114 64 iam
1635 2559 162 64 dicta.
1749 2559 130 64 Quia
1830 2559 162 64 quidem
1944 2559 162 64 igitur
2058 2559 244 64 vnumquodque

489 2611 96 65 in
537 2611 161 65 seipso
650 2611 177 65 aliquid
778 2611 177 65 oportet
907 2611 161 65 habere
1019 2611 225 65 quiescens,
1196 2611 129 65 vnde
1276 2611 225 65 principium
1453 2611 129 65 eius
1533 2611 129 65 quid
1613 2611 193 65 mouetur,
1758 2611 129 65 erit
1838 2611 241 65 manifestum:
2031 2611 112 65 sed
2095 2611 145 65 omnis
2192 2611 112 65 qui

482 2666 104 59 in
534 2666 139 59 ipso
621 2666 156 59 quies
725 2666 278 59 insufficiens
950 2666 104 59 si
1003 2666 122 59 non
1072 2666 122 59 sit
1141 2666 191 59 aliquid
1280 2666 156 59 extra
1385 2666 260 59 simpliciter
1593 2666 226 59 quiescens
1766 2666 87 59 &
1801 2666 226 59 immobile.
1975 2666 260 59 Quemadmodum
2166 2666 104 59 enim

490 2717 104 70 in
542 2717 138 70 ipso
628 2717 190 70 oportet
767 2717 190 70 aliquid
905 2717 208 70 immobile
1061 2717 138 70 esse
1147 2717 104 70 si
1199 2717 190 70 futurum
1338 2717 121 70 sit
1407 2717 190 70 moueri:
1545 2717 121 70 sic
1614 2717 156 70 adhuc
1718 2717 156 70 magis
1822 2717 156 70 extra
1926 2717 173 70 animal
2047 2717 190 70 oportet
2168 2717 104 70 esse

491 2772 207 60 immobile:
650 2772 96 60 ad
698 2772 127 60 quod
778 2772 191 60 appulsum
921 2772 175 60 mouetur
1048 2772 127 60 quod
1128 2772 191 60 mouetur.
1271 2772 96 60 Si
1319 2772 127 60 enim
1398 2772 143 60 cadit
1494 2772 159 60 semper
1605 2772 127 60 puta
1685 2772 175 60 muribus
1812 2772 111 60 qui
1876 2772 96 60 in
1924 2772 143 60 arena
2019 2772 287 60 progrediuntur:

487 2826 110 71 non
550 2826 188 71 procedit
691 2826 141 71 ipsum
785 2826 172 71 animal:
910 2826 94 71 si
958 2826 110 71 non
1020 2826 141 71 terra
1114 2826 157 71 maneat
1224 2826 141 71 neque
1318 2826 172 71 volatio
1443 2826 110 71 aut
1506 2826 188 71 natatio:
1647 2826 94 71 si
1694 2826 110 71 non
1757 2826 125 71 mare
1835 2826 110 71 aut
1898 2826 110 71 aer
1961 2826 172 71 sistat.
2086 2826 94 71 Et
2133 2826 94 71 vt
2164 2826 110 71 dicit

500 2879 98 55 de
549 2879 130 55 motu
630 2879 244 55 progressiuo
825 2879 228 55 animalium,
1004 2879 163 55 semper
1118 2879 228 55 permutatur
1296 2879 130 55 quod
1378 2879 179 55 mouetur
1508 2879 195 55 firmatum
1654 2879 98 55 ad
1703 2879 228 55 suppositum
1882 2879 146 55 ipsi.
1979 2879 179 55 Propter
2109 2879 130 55 quid
2174 2879 98 55 siue

492 2933 164 63 subtus
606 2933 180 63 feratur
738 2933 115 63 hoc
803 2933 197 63 velocius
951 2933 131 63 quam
1033 2933 98 63 vt
1082 2933 180 63 firmari
1213 2933 148 63 queat
1312 2933 131 63 quod
1394 2933 148 63 facit
1492 2933 98 63 in
1541 2933 131 63 ipso
1623 2933 164 63 motum:
1738 2933 131 63 siue
1820 2933 230 63 totaliter:
2000 2933 148 63 neque
2099 2933 131 63 vnam
2164 2933 115 63 habet

497 2992 263 62 resistentiam
710 2992 115 62 his
776 2992 132 62 quae
858 2992 214 62 mouentur:
1023 2992 148 62 nihil
1122 2992 99 62 in
1171 2992 132 62 ipso
1253 2992 164 62 potest
1368 2992 164 62 mouere
1483 2992 197 62 seipsum.
1632 2992 99 62 Et
1681 2992 99 62 vt
1730 2992 148 62 dicit
1829 2992 99 62 de
1878 2992 164 62 causis
1993 2992 148 62 motus
2092 2992 214 62 animalium

494 3036 242 59 necessarium
688 3036 145 59 autem
784 3036 81 59 &
817 3036 113 59 hoc
881 3036 178 59 alterum
1010 3036 129 59 esse
1091 3036 81 59 a
1123 3036 129 59 moto
1204 3036 81 59 &
1236 3036 145 59 totum
1333 3036 81 59 a
1365 3036 145 59 toto:
1462 3036 97 59 et
1511 3036 161 59 partem
1623 3036 161 59 nullam
1736 3036 129 59 esse
1817 3036 129 59 eius
1898 3036 129 59 quod
1979 3036 194 59 mouetur.
2124 3036 81 59 &
2140 3036 129 59 infra.

498 3091 152 59 Talia
600 3091 169 59 omnino
718 3091 186 59 necesse
853 3091 85 59 &
887 3091 101 59 in
938 3091 152 59 ipsis
1039 3091 169 59 habere
1157 3091 220 59 quiescens
1326 3091 85 59 &
1360 3091 152 59 extra
1462 3091 101 59 ad
1512 3091 135 59 quod
1597 3091 287 59 propulsentur.
1834 3091 135 59 Quae
1918 3091 101 59 vt
1969 3091 152 59 dicit
2070 3091 186 59 ibidem,
2188 3091 85 59 non

485 3147 151 83 solum
586 3147 234 83 necessaria
770 3147 134 83 sunt
853 3147 100 83 in
903 3147 151 83 motis
1004 3147 100 83 ex
1054 3147 100 83 se
1104 3147 201 83 secundum
1255 3147 167 83 locum:
1372 3147 117 83 sed
1439 3147 100 83 in
1489 3147 151 83 motis
1589 3147 201 83 secundum
1740 3147 284 83 inspirationem
1974 3147 84 83 &
2007 3147 301 83 respirationem:
