2396 3749
492 271 181 77 cipium
619 271 163 77 horum
727 271 199 77 propter
872 271 326 77 propinquissima
1144 271 145 77 esse
1235 271 272 77 substantiae
1452 271 181 77 eorum.
1579 271 145 77 Quod
1670 271 236 77 Commenta:
1851 271 217 77 exponens
2014 271 163 77 dicit
2105 271 163 77 ibidem.

501 336 161 70 Totum
608 336 107 70 in
662 336 161 70 graui
770 336 161 70 mouet
877 336 179 70 totum:
1002 336 125 70 sed
1074 336 107 70 in
1128 336 286 70 augmentabili
1360 336 143 70 pars
1450 336 125 70 vna
1521 336 233 70 augmentat
1700 336 161 70 aliam
1808 336 251 70 distinctam
2005 336 107 70 ab
2058 336 107 70 ea
2112 336 161 70 loco.
2201 336 72 70 Et

495 390 161 74 alibi
602 390 161 74 super
710 390 179 74 eundem
835 390 197 74 quartum
978 390 161 74 dicit
1085 390 143 74 sic.
1174 390 161 74 Causa
1281 390 161 74 quare
1389 390 161 74 graue
1496 390 161 74 mouet
1603 390 107 74 se
1657 390 179 74 remoto
1782 390 268 74 impediente:
1996 390 125 74 est
2067 390 143 74 quia
2139 390 125 74 motus

500 444 138 66 eius
586 444 258 66 consequitur
792 444 172 66 formam
913 444 172 66 grauis
1033 444 155 66 sicut
1136 444 206 66 proprium
1291 444 224 66 accidens.
1463 444 103 66 et
1515 444 138 66 ideo
1601 444 120 66 non
1670 444 189 66 indiget
1807 444 241 66 extrinseco
1997 444 189 66 motore.
2134 444 103 66 De
2186 444 120 66 quo

495 501 152 54 etiam
597 501 152 54 dicit
698 501 152 54 super
800 501 186 54 tertium
935 501 203 54 eiusdem.
1087 501 254 54 Quemadmodum
1290 501 186 54 caetera
1426 501 237 54 accidentia
1612 501 237 54 existentia
1798 501 102 54 in
1849 501 102 54 re
1900 501 203 54 generata
2052 501 118 54 non
2103 501 169 54 existunt

498 555 106 65 in
551 555 106 65 ea
604 555 141 65 nisi
692 555 211 65 mediante
850 555 158 65 forma
956 555 229 65 generati:
1132 555 123 65 ita
1202 555 123 65 est
1273 555 106 65 de
1326 555 123 65 hoc
1396 555 158 65 motu.
1502 555 88 65 &
1537 555 246 65 paulopost.
1730 555 194 65 Propter
1871 555 123 65 hoc
1942 555 141 65 iste
2030 555 158 65 motus
2135 555 123 65 non
2188 555 88 65 est

497 610 185 66 primus
627 610 93 66 &
664 610 278 66 essentialis
887 610 93 66 a
924 610 185 66 motore
1053 610 278 66 extrinseco:
1276 610 130 66 sed
1350 610 93 66 a
1387 610 167 66 forma
1498 610 167 66 moti:
1609 610 93 66 &
1646 610 148 66 ideo
1739 610 204 66 mouetur
1887 610 111 66 ex
1943 610 111 66 se
1998 610 167 66 graue
2109 610 130 66 cum
2165 610 111 66 impe

497 673 143 66 diens
593 673 223 66 quieuerit.
768 673 96 66 Et
815 673 143 66 etiam
911 673 191 66 secundum
1054 673 143 66 istum
1150 673 143 66 modum
1245 673 239 66 assimilatur
1436 673 96 66 ei
1484 673 127 66 quod
1564 673 175 66 mouetur
1691 673 111 66 per
1755 673 111 66 se.
1818 673 143 66 lapis
1914 673 127 66 enim
1993 673 143 66 mouet
2089 673 96 66 se
2137 673 175 66 inquan-

488 720 124 72 tum
559 720 124 72 est
630 720 177 72 grauis
754 720 106 72 in
807 720 177 72 actum:
931 720 88 72 &
966 720 195 72 mouetur
1107 720 230 72 inquantum
1284 720 124 72 est
1355 720 106 72 in
1408 720 212 72 potentia
1567 720 212 72 deorsum.
1727 720 159 72 Causa
1833 720 159 72 autem
1939 720 142 72 haec
2027 720 142 72 est:
2116 720 142 72 quia
2187 720 88 72 con

494 780 210 66 ponitur
646 780 114 66 ex
704 780 210 66 materia
856 780 95 66 &
894 780 191 66 forma.
1027 780 171 66 Forma
1142 780 152 66 enim
1237 780 152 66 eius
1332 780 171 66 mouet
1447 780 248 66 inquantum
1637 780 133 66 est
1713 780 191 66 forma:
1847 780 95 66 &
1885 780 210 66 mouetur
2018 780 248 66 secundumquo

489 833 116 59 est
556 833 99 59 in
605 833 198 59 materia:
754 833 165 59 aliter
869 833 132 59 enim
952 833 116 59 non
1018 833 116 59 est
1084 833 99 59 in
1134 833 198 59 potentia
1282 833 215 59 inferius.
1447 833 116 59 Est
1513 833 149 59 tamen
1612 833 116 59 hic
1678 833 248 59 aduertendum
1877 833 132 59 quod
1959 833 149 59 circa
2058 833 149 59 graue
2141 833 132 59 diffe-

498 886 140 71 runt
585 886 122 71 per
655 886 279 71 successionem
882 886 175 71 motus,
1004 886 87 71 &
1039 886 192 71 mutatio
1179 886 192 71 subito:
1318 886 192 71 quoniam
1458 886 192 71 quantum
1598 886 122 71 est
1668 886 105 71 ex
1720 886 157 71 parte
1825 886 210 71 mouentis
1982 886 87 71 &
2017 886 210 71 mutantis
2157 886 122 71 graue

490 945 95 70 se
538 945 111 70 per
601 945 111 70 se,
665 945 111 70 hoc
728 945 111 70 est
792 945 111 70 per
856 945 159 70 formam
967 945 175 70 grauis,
1094 945 95 70 se
1142 945 143 70 mutat
1237 945 159 70 subito
1348 945 191 70 faciendo
1491 945 95 70 se
1539 945 175 70 deorsum
1666 945 95 70 si
1714 945 111 70 non
1777 945 111 70 sit
1841 945 159 70 medium
1952 945 222 70 resistens.
2127 945 79 70 &
2159 945 95 70 si
2191 945 79 70 sit

498 996 167 60 medium
615 996 234 60 resistens,
799 996 234 60 successiue
983 996 151 60 mouet
1084 996 100 60 se
1134 996 201 60 deorsum:
1284 996 84 60 &
1318 996 117 60 hoc
1385 996 117 60 vel
1452 996 217 60 velocius,
1619 996 117 60 vel
1686 996 184 60 tardius
1819 996 201 60 secundum
1970 996 284 60 dispositionem
2187 996 84 60 me-

505 1054 119 62 dii
573 1054 85 62 &
607 1054 187 62 grauis.
743 1054 187 62 Quantum
879 1054 136 62 vero
965 1054 119 62 est
1033 1054 102 62 ex
1084 1054 153 62 parte
1186 1054 136 62 moti
1271 1054 119 62 vel
1339 1054 187 62 mutati,
1475 1054 153 62 graue
1577 1054 102 62 ex
1628 1054 102 62 se
1679 1054 187 62 mutatur
1815 1054 187 62 deorsum
1952 1054 119 62 non
2020 1054 119 62 per
2071 1054 204 62 violentiam

491 1107 122 63 aut
560 1107 280 63 resistentiam
788 1107 245 63 mutationis
980 1107 122 63 sed
1050 1107 122 63 per
1120 1107 280 63 obedientiam:
1348 1107 87 63 &
1383 1107 122 63 hoc
1453 1107 175 63 absque
1575 1107 140 63 omni
1663 1107 262 63 successione
1873 1107 175 63 motus.
1995 1107 122 63 Sed
2065 1107 140 63 quod
2135 1107 140 63 mouen-

497 1160 116 73 tur
564 1160 199 73 deorsum,
713 1160 116 73 hoc
780 1160 116 73 est
846 1160 100 73 ex
896 1160 116 73 se:
963 1160 116 73 sed
1029 1160 116 73 non
1096 1160 133 73 sine
1179 1160 150 73 medio
1279 1160 249 73 resistente:
1478 1160 83 73 &
1511 1160 116 73 sic
1578 1160 150 73 mouet
1678 1160 100 73 se
1727 1160 150 73 graue
1827 1160 316 73 accidentaliter.
2093 1160 100 73 Et
2143 1160 116 73 cum
2193 1160 83 73 ita

495 1220 128 55 sit,
575 1220 96 55 vt
623 1220 144 55 dicit
719 1220 208 55 Commenta.
879 1220 160 55 super.
991 1220 144 55 iiii.
1087 1220 144 55 caeli
1183 1220 80 55 &
1215 1220 160 55 mundi:
1327 1220 176 55 necesse
1455 1220 112 55 est
1519 1220 96 55 vt
1567 1220 160 55 moueat
1679 1220 112 55 se:
1743 1220 128 55 quia
1823 1220 144 55 mouet
1919 1220 272 55 essentialiter
2143 1220 144 55 aliud
2223 1220 48 55 a

493 1273 122 62 se.
562 1273 156 62 Verbi
666 1273 191 62 gratia,
805 1273 139 62 homo
892 1273 122 62 non
962 1273 156 62 mouet
1066 1273 104 62 se
1118 1273 313 62 accidentaliter
1378 1273 104 62 in
1430 1273 139 62 naue
1517 1273 139 62 nisi
1604 1273 139 62 quia
1691 1273 156 62 mouet
1795 1273 156 62 nauem
1899 1273 313 62 essentialiter:
2160 1273 87 62 &
2177 1273 87 62 sic

491 1329 155 59 lapis
594 1329 120 59 non
663 1329 155 59 mouet
766 1329 293 59 essentialiter
1007 1329 138 59 nisi
1093 1329 155 59 aerem
1196 1329 103 59 in
1248 1329 120 59 quo
1317 1329 138 59 est:
1403 1329 86 59 &
1437 1329 120 59 sic
1506 1329 206 59 sequitur
1661 1329 155 59 motum
1764 1329 172 59 aeris:
1884 1329 155 59 sicut
1988 1329 120 59 est
2057 1329 103 59 de
2108 1329 172 59 homine
2211 1329 52 59 &

496 1385 96 70 de
544 1385 145 70 naue.
641 1385 80 70 &
673 1385 96 70 in
721 1385 129 70 fine
801 1385 193 70 capituli
946 1385 161 70 dicit.
1058 1385 225 70 Manifestum
1235 1385 129 70 quod
1315 1385 112 70 aer
1379 1385 112 70 est
1444 1385 241 70 necessarius
1636 1385 96 70 in
1685 1385 129 70 motu
1765 1385 193 70 lapidis.
1910 1385 80 70 &
1942 1385 112 70 est
2006 1385 145 70 illud
2102 1385 129 70 quod
2167 1385 112 70 promi

492 1438 158 68 simus
598 1438 88 68 &
633 1438 280 68 declarauimus
860 1438 105 68 in
913 1438 228 68 Physicis.
1088 1438 123 68 sed
1158 1438 140 68 iste
1245 1438 158 68 locus
1350 1438 123 68 est
1420 1438 315 68 conuenientior.
1683 1438 140 68 Vnde
1770 1438 175 68 grauia
1893 1438 88 68 &
1928 1438 158 68 leuia
2033 1438 210 68 postquam
2173 1438 105 68 sunt

491 1498 225 60 generata
660 1498 113 60 in
717 1498 169 60 forma
829 1498 225 60 perfecta
998 1498 188 60 absque
1130 1498 300 60 impedimento,
1374 1498 263 60 quodammodo
1580 1498 169 60 magis
1693 1498 113 60 ex
1749 1498 113 60 se
1806 1498 188 60 mouent
1937 1498 113 60 se
1993 1498 263 60 transeundo
2200 1498 113 60 ad

498 1552 115 67 sua
563 1552 132 67 loca
646 1552 230 67 naturalia:
827 1552 132 67 quam
909 1552 197 67 animalia
1057 1552 197 67 mouentur
1205 1552 99 67 ex
1254 1552 99 67 se
1304 1552 99 67 ad
1353 1552 132 67 loca
1435 1552 99 67 in
1484 1552 164 67 quibus
1600 1552 247 67 inueniuntur
1797 1552 115 67 sua
1863 1552 263 67 appetibilia:
2077 1552 132 67 quia
2142 1552 132 67 grauia

500 1605 85 66 &
534 1605 153 66 leuia
636 1605 119 66 non
704 1605 221 66 requirunt
874 1605 238 66 quiescens,
1060 1605 119 66 nec
1128 1605 153 66 intra
1230 1605 102 66 se
1281 1605 119 66 nec
1349 1605 170 66 extra.
1468 1605 187 66 dicente
1604 1605 238 66 philosopho
1791 1605 102 66 de
1841 1605 170 66 causis
1960 1605 153 66 motus
2062 1605 238 66 animalium.

495 1661 107 61 De
549 1661 250 61 inanimatis
745 1661 161 61 autem
852 1661 250 61 quaecumque
1048 1661 232 61 mouentur,
1227 1661 232 61 dubitabit
1405 1661 178 61 vtique
1530 1661 196 61 aliquis
1672 1661 161 61 vtrum
1780 1661 107 61 in
1833 1661 161 61 ipsis
1940 1661 125 61 est
2011 1661 232 61 quiescens
2190 1661 89 61 &
2208 1661 71 61 mo

500 1710 156 67 uens:
604 1710 87 67 &
639 1710 191 67 aliquid
778 1710 296 67 extrinsecorum
1021 1710 278 67 quiescentium
1247 1710 191 67 appelli
1386 1710 209 67 necesse:
1543 1710 87 67 &
1578 1710 122 67 hoc
1647 1710 156 67 autem
1751 1710 278 67 impossibile:
1977 1710 139 67 puta
2064 1710 156 67 ignem
2169 1710 87 67 &
2186 1710 87 67 ter

490 1776 124 57 ram
561 1776 124 57 aut
632 1776 283 57 inanimatorum
861 1776 212 57 aliquid.
1020 1776 106 57 Et
1073 1776 230 57 praeterea
1250 1776 106 57 si
1303 1776 177 57 grauia
1426 1776 88 57 &
1462 1776 159 57 leuia
1568 1776 124 57 non
1638 1776 247 57 mouerentur
1833 1776 106 57 ex
1885 1776 106 57 se
1938 1776 141 57 quia
2027 1776 88 57 a
2062 1776 230 57 generante
2221 1776 53 57 &

489 1822 247 68 remouente
679 1822 247 68 prohibens
868 1822 190 68 habent
1001 1822 285 68 principium,
1229 1822 171 68 multo
1343 1822 209 68 fortius
1494 1822 133 68 nec
1570 1822 247 68 animalia:
1760 1822 152 68 quia
1855 1822 133 68 non
1931 1822 190 68 habent
2063 1822 190 68 formam
2177 1822 95 68 ap-

497 1881 185 64 petitus
632 1881 135 64 nisi
716 1881 101 64 ab
767 1881 253 64 appetibili,
969 1881 84 64 a
1002 1881 118 64 quo
1070 1881 168 64 habent
1187 1881 236 64 principium
1373 1881 152 64 motus
1474 1881 101 64 vt
1524 1881 168 64 dictum
1642 1881 135 64 est:
1726 1881 101 64 vt
1777 1881 219 64 propterea
1945 1881 118 64 nec
2012 1881 168 64 libere
2113 1881 152 64 moueant

499 1933 97 68 se
547 1933 161 68 bruta.
660 1933 97 68 IN
708 1933 113 68 eis
772 1933 129 68 vero
853 1933 129 68 quae
933 1933 129 68 sunt
1014 1933 193 68 mouentia
1159 1933 80 68 &
1191 1933 129 68 mota
1271 1933 97 68 in
1320 1933 161 68 tertio
1432 1933 161 68 gradi.
1545 1933 193 68 scilicet
1690 1933 97 68 in
1738 1933 225 68 intellectu
1915 1933 97 68 in
1963 1933 274 68 intelligendo:
2173 1933 80 68 cum

486 1991 252 63 intellectus
688 1991 151 63 motus
789 1991 168 63 fuerit
906 1991 101 63 ab
957 1991 286 63 intelligibili
1192 1991 286 63 intellectione
1427 1991 218 63 simplicis
1595 1991 319 63 intelligentiae,
1864 1991 185 63 virtute
1998 1991 118 63 sua
2048 1991 202 63 conuersiua

495 2046 141 62 quam
583 2046 158 62 habet
689 2046 264 62 naturaliter
900 2046 158 62 super
1005 2046 105 62 se
1058 2046 88 62 &
1093 2046 141 62 suum
1181 2046 158 62 actum
1287 2046 88 62 &
1322 2046 141 62 suum
1410 2046 229 62 obiectum,
1585 2046 193 62 opponit
1726 2046 105 62 se
1779 2046 123 62 eis
1849 2046 105 62 vt
1902 2046 299 62 intellectiuum
2148 2046 158 62 quod-

492 2103 123 63 dam
563 2103 158 63 natum
668 2103 176 63 moueri
791 2103 88 63 a
826 2103 176 63 seipso
949 2103 105 63 vt
1002 2103 88 63 a
1037 2103 193 63 memoria
1178 2103 299 63 intellectuali
1424 2103 228 63 informata
1599 2103 141 63 ipsa
1687 2103 193 63 notitia
1828 2103 211 63 simplici
1986 2103 158 63 circa
2074 2103 193 63 obiectum:

491 2154 153 70 quae
586 2154 153 70 sunt
682 2154 153 70 vnum
777 2154 229 70 obiectum
949 2154 191 70 mouens
1083 2154 191 70 eundem
1216 2154 286 70 intellectum
1445 2154 134 70 sic
1522 2154 267 70 conuersum,
1732 2154 267 70 informando
1942 2154 172 70 ipsum
2056 2154 210 70 notitia
2190 2154 76 70 de

491 2214 239 57 claratiua:
679 2214 205 57 secundum
833 2214 137 57 quod
919 2214 154 57 alibi
1021 2214 274 57 declarauimus
1244 2214 274 57 exquisitius.
1466 2214 103 57 Et
1517 2214 120 57 sic
1586 2214 274 57 distinguitur
1808 2214 137 57 idem
1894 2214 257 57 intellectus
2099 2214 103 57 in
2133 2214 137 57 mouens

499 2260 92 65 &
535 2260 185 65 motum.
665 2260 129 65 Est
739 2260 148 65 enim
831 2260 185 65 mouens
960 2260 111 65 vt
1016 2260 258 65 informatus
1219 2260 129 65 est
1292 2260 203 65 notitia
1440 2260 240 65 simplici:
1625 2260 92 65 &
1662 2260 166 65 motus
1772 2260 111 65 vt
1828 2260 166 65 nudus
1939 2260 277 65 intellectus
2160 2260 92 65 &
2197 2260 111 65 in

499 2308 192 79 potentia
643 2308 96 79 ad
691 2308 192 79 notitiam
835 2308 272 79 declaratiuam:
1059 2308 112 79 ita
1123 2308 128 79 quod
1203 2308 144 79 licet
1299 2308 112 79 non
1363 2308 160 79 potuit
1475 2308 96 79 se
1523 2308 160 79 facere
1635 2308 96 79 ad
1683 2308 160 79 primum
1795 2308 160 79 actum,
1907 2308 128 79 quia
1987 2308 112 79 non
2051 2308 128 79 erat
2131 2308 128 79 nisi
2211 2308 96 79 in

504 2363 137 79 pura
589 2363 205 79 potentia
743 2363 205 79 respectu
897 2363 154 79 actus
1000 2363 291 79 intelligendi:
1239 2363 171 79 potest
1359 2363 154 79 tamen
1461 2363 103 79 se
1513 2363 171 79 facere
1632 2363 103 79 ad
1684 2363 205 79 secundum
1838 2363 171 79 actum:
1957 2363 137 79 quia
2043 2363 188 79 aliquid
2180 2363 120 79 ha-

497 2431 131 62 bet
572 2431 112 62 de
628 2431 168 62 actum
740 2431 149 62 quod
833 2431 168 62 fieri
945 2431 112 62 in
1001 2431 298 62 materialibus
1243 2431 205 62 impedit
1393 2431 224 62 materia:
1560 2431 280 62 quemadmodum
1784 2431 261 62 exposuimus
1989 2431 112 62 in
2027 2431 242 62 quaestioni-

499 2472 129 79 bus
572 2472 276 79 ordinariis.
793 2472 110 79 Et
848 2472 129 79 est
922 2472 110 79 in
977 2472 129 79 hoc
1051 2472 166 79 inter
1161 2472 184 79 mouens
1290 2472 92 79 &
1327 2472 166 79 motum
1438 2472 203 79 idcirco
1585 2472 166 79 minor
1695 2472 276 79 differentia
1916 2472 147 79 quam
2008 2472 110 79 in
2045 2472 221 79 praeceden-

494 2525 184 71 tibus.
623 2525 111 71 ET
678 2525 221 71 sequitur
844 2525 184 71 mouens
973 2525 92 71 &
1010 2525 166 71 motum
1120 2525 111 71 in
1176 2525 203 71 secundo
1323 2525 184 71 gradi.
1452 2525 221 71 scilicet
1618 2525 111 71 in
1673 2525 240 71 voluntate
1858 2525 111 71 in
1913 2525 203 71 mouendo
2060 2525 240 71 seipsumad

490 2584 160 75 actum
597 2584 214 75 volendi:
757 2584 107 75 de
811 2584 125 75 quo
882 2584 125 75 est
953 2584 214 75 quaestio
1114 2584 249 75 proposita.
1310 2584 107 75 Et
1363 2584 178 75 dicunt
1488 2584 178 75 aliqui
1613 2584 214 75 secundum
1773 2584 143 75 quod
1862 2584 249 75 determinat
2058 2584 178 75 Ansel:
2183 2584 89 75 &
2201 2584 71 75 vi

495 2638 160 68 detur
602 2638 195 68 sentire
743 2638 266 68 philosophus
956 2638 106 68 in
1009 2638 106 68 de
1063 2638 142 68 bona
1151 2638 213 68 fortuna:
1311 2638 142 68 quod
1399 2638 177 68 primus
1523 2638 160 68 motus
1630 2638 248 68 voluntatis
1825 2638 124 68 non
1896 2638 177 68 potest
2020 2638 142 68 esse
2108 2638 89 68 a
2126 2638 142 68 seipsa

488 2698 117 62 sed
555 2698 83 62 a
588 2698 134 62 deo.
672 2698 100 62 de
722 2698 117 62 quo
789 2698 100 62 in
839 2698 150 62 aliis
939 2698 200 62 Quolibet
1089 2698 267 62 sufficienter
1306 2698 267 62 declarauimus
1523 2698 134 62 quod
1606 2698 117 62 non
1673 2698 117 62 est
1740 2698 134 62 ita.
1823 2698 134 62 Deus
1907 2698 134 62 enim
1990 2698 134 62 etsi
2074 2698 150 62 omnia
2157 2698 117 62 mouet

490 2750 212 64 secundum
649 2750 230 64 generalem
826 2750 371 64 administrationem:
1144 2750 88 64 &
1179 2750 265 64 diuersimode
1391 2750 212 64 secundum
1550 2750 283 64 diuersitatem
1780 2750 230 64 mobilium:
1956 2750 106 64 vt
2009 2750 177 64 grauia
2115 2750 159 64 deorsum

499 2800 163 68 leuia
608 2800 200 68 sursum:
753 2800 127 68 sic
825 2800 91 68 &
862 2800 254 68 voluntatem
1061 2800 218 68 secundum
1225 2800 145 68 eius
1315 2800 290 68 conditionem:
1551 2800 127 68 non
1624 2800 163 68 tamen
1733 2800 109 68 ex
1787 2800 127 68 hoc
1860 2800 163 68 motus
1969 2800 181 68 omnium
2077 2800 200 68 debenteil

491 2864 189 68 ascribi
628 2864 137 68 nisi
714 2864 103 68 vt
766 2864 172 68 causae
886 2864 258 68 vniuersali:
1092 2864 86 68 &
1126 2864 189 68 praeter
1264 2864 137 68 hanc
1350 2864 137 68 sunt
1435 2864 172 68 motuum
1556 2864 240 68 diuersorum
1745 2864 292 68 inuestigandae
1985 2864 206 68 diuersae
2122 2864 155 68 particu

491 2912 156 59 lares
595 2912 190 59 causae:
733 2912 173 59 quarum
854 2912 208 59 effectus
1010 2912 121 59 non
1079 2912 139 59 sunt
1166 2912 260 59 attribuendi
1374 2912 139 59 deo:
1460 2912 139 59 etsi
1547 2912 104 59 ab
1599 2912 139 59 illo
1685 2912 139 59 sunt
1772 2912 173 59 vites,
1893 2912 260 59 quemadmodum
2101 2912 156 59 motus
2187 2912 87 59 gra

504 2964 136 72 uium
589 2964 119 72 non
657 2964 153 72 debet
759 2964 204 72 attribui
913 2964 153 72 danti
1015 2964 170 72 formam
1134 2964 170 72 grauis
1253 2964 119 72 qua
1321 2964 204 72 mouetur,
1475 2964 119 72 quo
1543 2964 102 72 ad
1594 2964 119 72 hoc
1662 2964 136 72 enim
1747 2964 153 72 dicit
1849 2964 238 72 Augustinus
2037 2964 136 72 quod
2122 2964 136 72 deus
2190 2964 85 72 sic

492 3022 116 64 res
559 3022 250 64 administrat
759 3022 100 64 vt
809 3022 133 64 eas,
892 3022 200 64 proprios
1042 3022 150 64 motus
1141 3022 133 64 suos
1225 3022 150 64 agere
1324 3022 166 64 sinat.
1441 3022 133 64 Alii
1524 3022 133 64 vero
1607 3022 166 64 dicunt
1724 3022 133 64 quod
1807 3022 200 64 voluntas
1957 3022 183 64 mouetur
2090 3022 83 64 a
2123 3022 133 64 bono
2190 3022 83 64 co-

504 3057 146 79 gnito
601 3057 146 79 sicut
698 3057 81 79 a
731 3057 113 79 suo
796 3057 178 79 proprio
925 3057 178 79 obiecto
1055 3057 195 79 proprium
1201 3057 227 79 passibile:
1379 3057 243 79 quemadmodum
1574 3057 81 79 a
1606 3057 130 79 vero
1687 3057 259 79 cognoscibili
1898 3057 178 79 mouetur
2028 3057 276 79 intellectiis:

500 3132 107 63 sed
561 3132 230 63 naturaliter
745 3132 107 63 non
806 3132 214 63 violenter.
974 3132 122 63 Quod
1051 3132 107 63 non
1112 3132 153 63 potest
1219 3132 153 63 stare:
1326 3132 168 63 quoniam
1449 3132 122 63 tunc
1525 3132 138 63 sicut
1617 3132 230 63 intellectus
1801 3132 199 63 praesente
1954 3132 260 63 intelligibili
2168 3132 107 63 non
2214 3132 61 63 po

495 3173 140 90 test
582 3173 122 90 non
652 3173 175 90 moueri
774 3173 105 90 ab
826 3173 140 90 ipso
914 3173 105 90 ad
966 3173 157 90 actum
1071 3173 297 90 intelligendi,
1315 3173 122 90 sic
1385 3173 210 90 voluntas
1542 3173 227 90 praesente
1717 3173 140 90 bono
1804 3173 192 90 cognito
1944 3173 262 90 volibilinon
2136 3173 140 90 potest
