2422 3682
179 271 96 101 in
227 271 191 101 diuersis
370 271 223 101 indiuiduis
545 271 96 101 ex
593 271 143 101 parte
689 271 127 101 rei,
768 271 80 101 &
800 271 96 101 ex
848 271 143 101 parte
943 271 175 101 nostrae
1071 271 255 101 cognitionis.
1278 271 175 101 Propter
1405 271 127 101 quid
1484 271 143 101 dicit
1580 271 191 101 Auicenna
1723 271 207 101 huiusmodi
1867 271 111 101 disti

186 360 176 72 ctionem
314 360 128 72 esse
394 360 144 72 nobis
490 360 208 72 obscuram,
649 360 80 72 &
681 360 112 72 non
745 360 240 72 determinari
937 360 144 72 penes
1033 360 128 72 nos:
1113 360 112 72 hoc
1177 360 112 72 est
1241 360 144 72 penes
1337 360 240 72 intellectum
1529 360 192 72 nostrum:
1672 360 144 72 licet
1752 360 224 72 determinetur

184 416 82 68 ex
225 416 123 68 parte
307 416 109 68 rei.
376 416 150 68 propter
485 416 109 68 quid
554 416 164 68 addidit.
677 416 109 68 Nunc
745 416 123 68 autem
827 416 123 68 sermo
909 416 137 68 noster
1005 416 96 68 non
1060 416 96 68 est
1114 416 82 68 de
1155 416 82 68 eo
1196 416 109 68 quid
1265 416 150 68 scitur:
1374 416 96 68 sed
1429 416 164 68 secundum
1552 416 109 68 quod
1620 416 96 68 res
1675 416 96 68 est
1730 416 82 68 in
1771 416 96 68 se.
1826 416 82 68 qd
1867 416 82 68 d.
1894 416 82 68 etsi

207 471 113 66 illa
278 471 198 66 distinctio
433 471 155 66 obscura
546 471 99 66 est
602 471 155 66 quomodo
716 471 99 66 sit
772 471 85 66 ex
814 471 127 66 parte
899 471 155 66 nostra:
1012 471 127 66 tamen
1097 471 141 66 certum
1196 471 99 66 est
1252 471 99 66 sic
1309 471 99 66 eam
1365 471 113 66 esse
1436 471 85 66 in
1478 471 113 66 ipsa
1549 471 99 66 re.
1606 471 198 66 Verumtamen
1761 471 240 66 intelligendum

189 523 120 67 quod
264 523 180 67 apposuit
399 523 210 67 fortassis:
565 523 120 67 quia
640 523 105 67 vno
700 523 120 67 modo
775 523 75 67 a
805 523 135 67 nobis
896 523 120 67 apud
971 523 210 67 itellectum
1136 523 165 67 nostrum
1256 523 150 67 potest
1362 523 226 67 deterimari:
1542 523 120 67 alio
1617 523 135 67 autem
1707 523 120 67 modo
1783 523 105 67 non
1828 523 135 67 potest:

193 575 103 59 sed
252 575 118 59 quod
326 575 207 59 indiuiduum
489 575 192 59 singulare
636 575 103 59 vno
695 575 118 59 modo
769 575 103 59 est
828 575 251 59 intelligibile
1035 575 74 59 a
1064 575 148 59 nobis,
1168 575 118 59 alio
1242 575 133 59 autem
1330 575 118 59 modo
1404 575 103 59 non
1463 575 118 59 est.
1537 575 236 59 Intelligitur
1729 575 118 59 enim
1803 575 74 59 a
1832 575 133 59 nobis
1906 575 59 59 vt

190 627 123 62 linea
272 627 163 62 reflexa,
395 627 95 62 non
449 627 123 62 autem
531 627 82 62 vt
572 627 123 62 linea
653 627 136 62 recta:
749 627 163 62 secundum
871 627 109 62 quod
939 627 163 62 deiminat
1062 627 204 62 philosophus
1226 627 82 62 in
1266 627 109 62 iii.
1334 627 82 62 de
1375 627 136 62 anima:
1471 627 82 62 vt
1512 627 123 62 stati
1593 627 232 62 declarabitur.
1784 627 163 62 DIcendum
1893 627 68 62 igi

187 686 109 60 tur
250 686 93 60 ad
296 686 233 60 argumentum:
483 686 124 60 quod
560 686 124 60 vnam
638 686 78 60 &
669 686 155 60 eandem
778 686 202 60 essentiam
933 686 93 60 ex
980 686 93 60 se
1027 686 155 60 omnino
1135 686 202 60 simplicem
1291 686 140 60 nullo
1384 686 171 60 addito,
1508 686 109 60 nec
1571 686 93 60 re
1617 686 109 60 nec
1679 686 218 60 intentione
1835 686 124 60 diffe-

184 735 117 62 rens
257 735 87 62 ab
301 735 87 62 ea
345 735 189 62 distingui
490 735 73 62 &
520 735 233 62 multiplicari
709 735 102 62 per
767 735 131 62 plura
855 735 204 62 indiuidua,
1015 735 102 62 est
1073 735 146 62 omnino
1175 735 291 62 inintelligibile:
1423 735 73 62 &
1452 735 175 62 secundum
1583 735 102 62 rem
1641 735 233 62 impossibile.
1831 735 102 62 sic
1875 735 87 62 enim

183 791 212 68 quaecumque
349 791 181 68 essentia
485 791 91 68 in
530 791 91 68 se
576 791 227 68 considerata
757 791 151 68 nullam
863 791 151 68 potest
969 791 151 68 omnino
1074 791 196 68 intelligi
1226 791 151 68 habere
1331 791 272 68 distinctionem,
1558 791 317 68 multiplicationem,
1830 791 106 68 aut
1890 791 106 68 di-

187 853 208 57 uersitatem.
354 853 97 57 Sic
409 853 111 57 enim
479 853 208 57 considerata
645 853 236 57 intelligitur:
840 853 83 57 vt
881 853 125 57 neque
965 853 83 57 in
1006 853 125 57 vnico
1089 853 180 57 indiuiduo
1228 853 180 57 existens,
1367 853 125 57 neque
1450 853 83 57 vt
1492 853 83 57 in
1534 853 180 57 pluribus,
1672 853 125 57 neque
1756 853 83 57 vt
1784 853 180 57 vniversalis

187 899 144 68 neque
283 899 96 68 vt
331 899 272 68 particularis:
555 899 112 68 sed
619 899 96 68 vt
667 899 112 68 cui
731 899 128 68 ambo
811 899 128 68 nata
891 899 128 68 sunt
971 899 208 68 accidere.
1132 899 96 68 Si
1180 899 128 68 ergo
1260 899 208 68 huiusmodi
1420 899 192 68 essentia
1564 899 160 68 debeat
1676 899 208 68 distingui
1836 899 112 68 per
1884 899 80 68 plu

183 950 96 65 ra
231 950 208 65 indiuidua
391 950 176 65 numero,
520 950 176 65 oportet
648 950 128 65 quod
728 950 112 65 hoc
792 950 112 65 sit
856 950 112 65 per
920 950 176 65 aliquid
1048 950 176 65 additum
1177 950 256 65 distinguens,
1385 950 240 65 diuersitate
1577 950 112 65 sua
1641 950 272 65 diuersificans
1850 950 112 65 essen

191 1010 125 60 tiam
270 1010 78 60 &
301 1010 250 60 multiplicans
504 1010 203 60 hincinde.
661 1010 110 60 Sed
723 1010 125 60 tale
801 1010 172 60 additum
927 1010 156 60 potest
1036 1010 203 60 intelligi
1193 1010 188 60 diuersum
1333 1010 94 60 ab
1380 1010 188 60 essentia
1521 1010 141 60 ipsa,
1615 1010 110 60 vel
1677 1010 94 60 re
1724 1010 110 60 vel
1771 1010 188 60 intentione

182 1059 165 63 tantum,
302 1059 194 63 additione
451 1059 179 63 diuersi.
586 1059 135 63 Primo
676 1059 120 63 modo
750 1059 105 63 non
810 1059 179 63 conuenit
945 1059 194 63 essentiam
1094 1059 194 63 separatam
1244 1059 239 63 immaterialem
1438 1059 150 63 numero
1543 1059 209 63 distingui:
1708 1059 120 63 quia
1782 1059 135 63 neque
1872 1059 105 63 per

192 1109 176 64 diuersum
325 1109 162 64 additum
442 1109 250 64 substantiale,
648 1109 132 64 neque
736 1109 235 64 accidentale.
927 1109 103 64 Non
986 1109 103 64 per
1044 1109 250 64 substantiale,
1250 1109 118 64 quia
1323 1109 132 64 illud
1412 1109 103 64 non
1470 1109 147 64 posset
1573 1109 118 64 esse
1647 1109 118 64 nisi
1720 1109 162 64 materia
1837 1109 103 64 aut
1882 1109 73 64 for

185 1165 104 62 ma:
245 1165 119 62 quia
319 1165 104 62 per
379 1165 179 62 potesnem
513 1165 119 62 haec
588 1165 179 62 essentia
722 1165 104 62 est
782 1165 239 62 immaterialis
976 1165 75 62 &
1006 1165 209 62 specifica,
1170 1165 104 62 sub
1230 1165 119 62 quae
1304 1165 104 62 non
1364 1165 104 62 est
1424 1165 179 62 vlterior
1558 1165 134 62 forma
1648 1165 269 62 substantialis,
1871 1165 75 62 &
1886 1165 75 62 cui

183 1218 111 68 non
246 1218 111 68 est
310 1218 190 68 subiecta
452 1218 190 68 materia.
595 1218 142 68 Neque
690 1218 111 68 per
753 1218 237 68 accidentale
943 1218 190 68 diuersum
1085 1218 206 68 hincinde:
1244 1218 127 68 quia
1323 1218 142 68 neque
1418 1218 111 68 per
1481 1218 190 68 diuersum
1624 1218 174 68 specie,
1750 1218 142 68 neque
1845 1218 111 68 per
1893 1218 63 68 di

174 1270 165 59 uersum
290 1270 182 59 numero.
422 1270 116 59 Non
488 1270 116 59 per
555 1270 198 59 diuersum
703 1270 182 59 specie,
835 1270 132 59 quia
918 1270 99 59 ad
968 1270 165 59 eandem
1083 1270 215 59 essentiam
1248 1270 281 59 substantialem
1480 1270 182 59 species
1612 1270 231 59 necessario
1777 1270 182 59 sequuntur

188 1324 165 66 quantum
308 1324 105 66 est
368 1324 90 66 ex
413 1324 165 66 ratione
532 1324 165 66 speciei
652 1324 135 66 eadem
742 1324 210 66 accidentia
907 1324 165 66 specie.
1027 1324 135 66 eidem
1116 1324 120 66 enim
1191 1324 195 66 inquantum
1341 1324 120 66 idem
1416 1324 150 66 semper
1521 1324 135 66 natum
1611 1324 105 66 est
1670 1324 180 66 accidere
1805 1324 135 66 idem.
1880 1324 75 66 Nec

183 1378 155 67 numero
292 1378 140 67 solo:
386 1378 124 67 quia
463 1378 187 67 accidens
603 1378 155 67 potius
712 1378 202 67 numeratur
868 1378 78 67 &
899 1378 249 67 indiuiduatur
1101 1378 109 67 per
1163 1378 124 67 suum
1241 1378 202 67 subiectum
1396 1378 124 67 quam
1474 1378 218 67 econverso.
1645 1378 264 67 Vniuersaliter
1863 1378 124 67 ergo

183 1432 133 64 verum
272 1432 118 64 est,
345 1432 118 64 quod
419 1432 103 64 per
478 1432 133 64 nulla
566 1432 206 64 accidentia
729 1432 162 64 realia,
847 1432 133 64 neque
935 1432 162 64 specie,
1053 1432 133 64 neque
1141 1432 147 64 numero
1245 1432 162 64 diuersa
1362 1432 103 64 sit
1421 1432 236 64 indiuiduatio
1613 1432 162 64 eiusdem
1731 1432 192 64 essentiae
1864 1432 88 64 siue

184 1486 135 64 formae
278 1486 81 64 in
319 1486 149 64 specie:
427 1486 149 64 quoniam
535 1486 122 64 omnis
616 1486 189 64 substantia
764 1486 81 64 in
805 1486 81 64 se
845 1486 176 64 recipiens
980 1486 189 64 accidentia
1129 1486 149 64 oportet
1237 1486 108 64 quod
1304 1486 81 64 in
1345 1486 81 64 se
1385 1486 122 64 prius
1466 1486 189 64 subsistat,
1615 1486 95 64 ita
1669 1486 108 64 quod
1736 1486 95 64 sit
1790 1486 189 64 indiuidua-

185 1539 96 52 ta,
240 1539 110 52 quam
309 1539 179 52 subiectum
446 1539 165 52 alterius
570 1539 124 52 fiat.
653 1539 110 52 Quia
721 1539 165 52 secundum
845 1539 206 52 philosopum,
1010 1539 192 52 substantia
1161 1539 124 52 prior
1244 1539 96 52 est
1299 1539 192 52 accidente,
1450 1539 220 52 definitione,
1629 1539 206 52 cognitione,
1794 1539 69 52 &
1808 1539 137 52 tempore.

187 1592 92 58 Et
233 1592 123 58 ideo
309 1592 215 58 substantia
478 1592 230 58 indiuiduata
663 1592 154 58 potius
770 1592 107 58 est
831 1592 138 58 cauam
923 1592 292 58 indiuiduationis
1169 1592 230 58 cuiuscumque
1353 1592 215 58 accidentis
1522 1592 123 58 quam
1599 1592 215 58 econuerso.
1768 1592 77 58 &
1798 1592 107 58 sic
1845 1592 107 58 nullo

180 1645 120 59 modo
255 1645 150 59 potest
360 1645 195 59 intelligi
509 1645 254 59 multiplicatio
719 1645 195 59 essentiae
868 1645 239 59 immaterialis
1063 1645 105 59 per
1123 1645 210 59 additionem
1288 1645 165 59 diuersi
1407 1645 180 59 secundum
1542 1645 120 59 rem.
1617 1645 165 59 Oportet
1737 1645 120 59 ergo
1811 1645 120 59 quod
1886 1645 105 59 sit

180 1697 194 67 additione
329 1697 164 67 diuersi
449 1697 179 67 secundum
583 1697 224 67 intentionem
762 1697 149 67 solum.
867 1697 75 67 &
896 1697 104 67 hoc
956 1697 104 67 est
1016 1697 209 67 possibile,
1180 1697 119 67 immo
1255 1697 239 67 necessarium,
1449 1697 90 67 vt
1493 1697 134 67 supra
1583 1697 104 67 est
1643 1697 209 67 expositum.
1807 1697 104 67 Hic
1852 1697 104 67 tamen

180 1755 248 60 distinguendum
385 1755 117 60 quod
458 1755 117 60 ista
531 1755 204 60 distinctio
691 1755 146 60 potest
793 1755 219 60 considerari
969 1755 88 60 ex
1012 1755 131 60 parte
1100 1755 102 60 rei
1158 1755 88 60 in
1202 1755 102 60 se:
1260 1755 73 60 &
1290 1755 102 60 sic
1348 1755 102 60 est
1406 1755 146 60 omnino
1509 1755 219 60 possibilis,
1684 1755 88 60 vt
1727 1755 146 60 dictum
1830 1755 117 60 est:
1888 1755 73 60 vel

182 1803 165 64 respectu
306 1803 138 64 nostri
403 1803 220 64 intellectus,
582 1803 83 64 vt
623 1803 96 64 est
678 1803 234 64 distinguendum
871 1803 220 64 distinctione
1050 1803 193 64 praetacta,
1201 1803 110 64 quod
1270 1803 207 64 intellectus
1436 1803 138 64 noster
1532 1803 152 64 tendere
1642 1803 138 64 potest
1739 1803 124 64 super
1807 1803 152 64 essentiam

184 1858 93 68 ad
231 1858 140 68 ipsam
324 1858 280 68 apprihendendam
557 1858 171 68 aspectu
681 1858 140 68 recto
775 1858 109 68 vel
837 1858 186 68 reflexo.
977 1858 140 68 Primo
1070 1858 124 68 modo
1147 1858 233 68 intellectus
1334 1858 155 68 noster
1442 1858 109 68 non
1505 1858 217 68 intelligit
1675 1858 202 68 essentiam
1831 1858 109 68 rei
1877 1858 78 68 spe

179 1913 162 55 cificae
297 1913 118 55 nisi
370 1913 88 55 vt
414 1913 176 55 essentia
547 1913 118 55 est,
620 1913 73 55 &
649 1913 235 55 vniversalis,
840 1913 103 55 vel
899 1913 220 55 indifferens
1076 1913 88 55 ad
1120 1913 103 55 vel
1178 1913 73 55 &
1208 1913 235 55 perticulare,
1399 1913 73 55 &
1428 1913 88 55 vt
1472 1913 88 55 in
1516 1913 118 55 ipsa
1590 1913 132 55 omnia
1678 1913 191 55 indiuidua
1810 1913 147 55 quotquot

180 1964 107 56 sub
241 1964 123 56 ipsa
318 1964 138 56 sunt,
410 1964 123 56 vnum
487 1964 138 56 sunt:
579 1964 77 56 &
609 1964 107 56 sic
671 1964 92 56 vt
717 1964 107 56 est
778 1964 153 56 omnino
886 1964 215 56 abstracta,
1054 1964 107 56 non
1116 1964 92 56 vt
1162 1964 200 56 aliquibus
1315 1964 246 56 accidentibus
1515 1964 107 56 est
1576 1964 215 56 deiminata.
1745 1964 123 56 Vnde
1807 1964 153 56 attendem

183 2019 103 57 tes
242 2019 103 57 per
301 2019 220 57 intellectum
476 2019 190 57 essentiam
623 2019 103 57 hoc
681 2019 117 57 modo
755 2019 176 57 solummo:
887 2019 73 57 &
916 2019 132 57 nullo
1004 2019 117 57 modo
1077 2019 234 57 reflectentes
1267 2019 103 57 eum
1326 2019 88 57 ad
1370 2019 220 57 intentionem
1546 2019 190 57 suppositi
1692 2019 73 57 &
1722 2019 234 57 existentiae,
1897 2019 59 57 vt

188 2072 90 59 ad
233 2072 195 59 differens
383 2072 90 59 ab
429 2072 180 59 essentia
564 2072 135 59 ipsa:
654 2072 135 59 sicut
744 2072 135 59 neque
834 2072 210 59 reflectunt
1000 2072 226 59 intellectum
1180 2072 120 59 suum
1255 2072 90 59 ad
1300 2072 180 59 materiam
1436 2072 135 59 neque
1526 2072 90 59 ad
1571 2072 210 59 accidentia
1736 2072 150 59 realia
1842 2072 90 59 in
1872 2072 90 59 ipsa

192 2124 208 62 essentia,
352 2124 144 62 nullo
449 2124 128 62 modo
529 2124 160 62 potest
641 2124 160 62 capere
753 2124 176 62 quomodo
882 2124 144 62 forma
978 2124 257 62 immaterialis
1186 2124 96 62 in
1234 2124 144 62 puris
1331 2124 241 62 naturalibus
1523 2124 144 62 nullo
1619 2124 192 62 realiter
1764 2124 176 62 diuerso
1892 2124 96 62 ad

190 2176 118 61 dito
264 2176 148 61 possit
367 2176 236 61 multiplicari
559 2176 103 61 per
618 2176 207 61 indiuidua,
781 2176 118 61 quia
855 2176 133 61 talis
943 2176 221 61 intellectus
1120 2176 148 61 omnino
1224 2176 148 61 rectus
1327 2176 133 61 nullo
1416 2176 118 61 modo
1490 2176 133 61 capit
1578 2176 221 61 intentionem
1741 2176 221 61 indiuidualem.

188 2234 172 64 Auicenna
317 2234 129 64 tamen
402 2234 115 64 vult
474 2234 86 64 in
517 2234 143 64 quarto
617 2234 243 64 metaphysicae,
818 2234 115 64 quod
889 2234 157 64 species
1004 2234 115 64 quae
1075 2234 100 64 est
1133 2234 86 64 in
1176 2234 129 64 vnico
1261 2234 200 64 indiuiduo,
1419 2234 129 64 recto
1505 2234 157 64 aspectu
1619 2234 229 64 intelligitur
1806 2234 186 64 indiuidua

179 2283 109 64 ta.
242 2283 109 64 vbi
304 2283 155 64 dicit.
412 2283 93 64 Si
459 2283 140 64 autem
552 2283 155 64 fuerit
660 2283 171 64 species
784 2283 140 64 etiam
877 2283 124 64 apud
955 2283 217 64 itellectum
1126 2283 233 64 indiuiduum,
1312 2283 124 64 erit
1389 2283 124 64 tunc
1467 2283 233 64 intellectui
1653 2283 109 64 via
1715 2283 93 64 ad
1761 2283 140 64 illud
1839 2283 124 64 descri

190 2339 139 65 ptum.
282 2339 77 65 &
313 2339 108 65 hoc
375 2339 108 65 est
437 2339 232 65 indiuiduum,
623 2339 124 65 quod
701 2339 108 65 est
763 2339 124 65 vnum
840 2339 93 65 in
886 2339 108 65 vna
948 2339 170 65 specie,
1072 2339 108 65 cui
1134 2339 108 65 non
1196 2339 108 65 est
1258 2339 186 65 alterum,
1397 2339 139 65 sicut
1490 2339 108 65 sol
1552 2339 108 65 vel
1614 2339 186 65 lupiter.
1754 2339 108 65 Sed
1816 2339 108 65 cum
1878 2339 108 65 di-

184 2395 104 66 cat
243 2395 89 66 in
288 2395 133 66 libro
377 2395 163 66 tertio,
495 2395 119 66 quod
569 2395 119 66 tale
643 2395 104 66 vno
703 2395 119 66 modo
777 2395 178 66 species,
910 2395 74 66 &
940 2395 119 66 alio
1014 2395 119 66 modo
1088 2395 104 66 non
1147 2395 104 66 est
1206 2395 178 66 species:
1340 2395 89 66 eo
1384 2395 119 66 quod
1458 2395 104 66 vno
1518 2395 119 66 modo
1592 2395 104 66 est
1651 2395 119 66 vel,
1725 2395 74 66 &
1755 2395 119 66 alio
1829 2395 119 66 modo
1888 2395 74 66 non

181 2445 108 57 est
242 2445 124 57 vel:
320 2445 77 57 &
350 2445 185 57 obiectum
490 2445 139 57 recto
582 2445 170 57 aspectu
706 2445 232 57 intellectus
891 2445 108 57 non
953 2445 108 57 est
1015 2445 124 57 nisi
1092 2445 124 57 vel.
1169 2445 185 57 secundum
1308 2445 124 57 quod
1385 2445 108 57 vl,
1447 2445 154 57 magnam
1555 2445 247 57 dubitationem
1756 2445 139 57 habet
1849 2445 139 57 illud

181 2497 147 57 dictum
284 2497 264 57 Conmentatoris,
505 2497 88 57 de
549 2497 103 57 quo
607 2497 132 57 nihil
696 2497 88 57 ad
740 2497 191 57 praesens.
887 2497 118 57 Quia
960 2497 132 57 tamen
1048 2497 103 57 non
1107 2497 103 57 sit
1166 2497 132 57 verum
1254 2497 118 57 quod
1327 2497 103 57 sit
1386 2497 162 57 aliquid
1504 2497 118 57 tale
1577 2497 206 57 indiuiduum
1739 2497 147 57 vnicum
1841 2497 103 57 sub
1886 2497 73 57 spe

179 2551 123 62 cie,
256 2551 108 62 ita
317 2551 123 62 quod
394 2551 108 62 non
456 2551 169 62 possunt
579 2551 123 62 esse
656 2551 154 62 plura:
763 2551 215 62 manifestum
933 2551 108 62 est
994 2551 92 62 ex
1041 2551 323 62 praedeterminatis.
1318 2551 215 62 Intellectu
1487 2551 139 62 autem
1579 2551 169 62 reflexo
1702 2551 185 62 conuenit
1825 2551 139 62 intelli

185 2604 130 69 gere
266 2604 211 69 essentiae
428 2604 309 69 indiuiduationem
688 2604 81 69 &
721 2604 341 69 diuersificationem
1013 2604 81 69 a
1046 2604 146 69 nobis
1143 2604 195 69 secundum
1289 2604 162 69 dictum
1403 2604 162 69 modum:
1517 2604 81 69 &
1549 2604 114 69 est
1614 2604 97 69 in
1663 2604 260 69 materialibus
1858 2604 97 69 illa

180 2670 195 49 reflexio
326 2670 98 49 ad
375 2670 244 49 accidentia:
570 2670 146 49 licet
668 2670 114 49 non
733 2670 195 49 realiter
879 2670 179 49 diuersa
1009 2670 98 49 ab
1058 2670 211 49 essentia,
1221 2670 244 49 derminantia
1416 2670 163 49 ipsam.
1530 2670 130 49 Hinc
1611 2670 146 49 autem
1709 2670 146 49 dicit
1790 2670 163 49 Auicenna

184 2713 108 58 in.
245 2713 108 58 vii
307 2713 169 58 metaph.
430 2713 92 58 Si
476 2713 138 58 autem
568 2713 154 58 fuerit
676 2713 169 58 species
799 2713 185 58 dilatata
938 2713 92 58 in
984 2713 231 58 indiuiduis,
1168 2713 123 58 tunc
1245 2713 108 58 non
1307 2713 123 58 erit
1384 2713 108 58 via
1445 2713 231 58 intellectui
1630 2713 92 58 ad
1676 2713 262 58 descriptionem
1876 2713 77 58 ali

182 2770 138 60 cuius
273 2770 107 60 sui
335 2770 214 60 indiuidui:
503 2770 122 60 nisi
579 2770 138 60 prius
671 2770 183 60 designet
808 2770 107 60 ei.
869 2770 76 60 &
900 2770 107 60 sit
961 2770 122 60 ista
1037 2770 214 60 designatio
1205 2770 107 60 per
1266 2770 214 60 accidentia
1435 2770 214 60 essentiae,
1603 2770 122 60 quae
1679 2770 229 60 apprihendit
1847 2770 107 60 circa

180 2821 209 54 essentiam
341 2821 241 54 intellectus
534 2821 209 54 reflexus,
695 2821 96 54 vt
743 2821 129 54 sunt
823 2821 209 54 quantitas
984 2821 80 54 &
1016 2821 177 54 materia
1145 2821 96 54 in
1193 2821 273 54 corporalibus,
1418 2821 80 54 &
1450 2821 96 54 in
1499 2821 289 54 incorporalibus
1740 2821 193 54 intentio
1869 2821 80 54 sub

175 2876 221 71 sistentiae
349 2876 79 71 &
380 2876 221 71 suppositi.
554 2876 111 71 Sed
617 2876 126 71 quia
696 2876 237 71 intellectus
886 2876 237 71 pluriumista
1075 2876 111 71 non
1138 2876 205 71 decernit:
1296 2876 126 71 ideo
1375 2876 189 71 recurrit
1517 2876 95 71 ad
1564 2876 221 71 accidentia
1738 2876 237 71 posteriora:
1912 2876 47 71 &

177 2925 196 58 secundum
324 2925 180 58 illorum
455 2925 262 58 diuersitatem
667 2925 229 58 distinguit
847 2925 213 58 indiuidua
1011 2925 114 58 sub
1076 2925 147 58 eadem
1174 2925 180 58 specie:
1305 2925 82 58 &
1338 2925 114 58 hoc
1403 2925 114 58 vel
1468 2925 180 58 singula
1599 2925 229 58 accidentia
1763 2925 196 58 posteriora

170 2979 152 57 iuxta
271 2979 152 57 illud
372 2979 135 57 quod
457 2979 152 57 dicit
558 2979 185 57 Damasc.
693 2979 118 57 vbi
760 2979 169 57 supra.
878 2979 270 57 Hypostatica,
1097 2979 236 57 proprietas
1283 2979 118 57 est
1350 2979 135 57 quae
1434 2979 185 57 diuidit
1569 2979 236 57 hypostasim
1755 2979 101 57 ab
1805 2979 135 57 alia
1873 2979 84 57 hy-

176 3033 177 69 postasi:
309 3033 133 69 velut
398 3033 148 69 simum,
501 3033 148 69 album,
604 3033 162 69 nigrum,
723 3033 162 69 caluum,
841 3033 74 69 &
870 3033 148 69 talia.
974 3033 103 69 vel
1033 3033 162 69 propter
1151 3033 162 69 plurium
1269 3033 162 69 illorum
1387 3033 251 69 coniunctionem
1594 3033 89 69 in
1638 3033 133 69 vnum:
1727 3033 177 69 secundum
1859 3033 118 69 quod

171 3086 178 68 dicitur
300 3086 243 68 Porphyrius.
495 3086 211 68 Indiuidua
657 3086 211 68 dicuntur:
819 3086 178 68 quoniam
948 3086 97 68 ex
997 3086 291 68 proprietatibus
1240 3086 178 68 constat
1369 3086 243 68 vnumquodque
1563 3086 162 68 eorum,
1677 3086 162 68 quorum
1774 3086 178 68 collectio

174 3138 169 84 numquam
296 3138 92 84 in
342 3138 123 84 alic
419 3138 138 84 eadem
511 3138 138 84 erit.
603 3138 184 84 Socratis
741 3138 138 84 enim,
833 3138 245 84 proprietates
1033 3138 169 84 numquam
1155 3138 92 84 in
1201 3138 123 84 alio
1278 3138 138 84 erunt
1355 3138 245 84 particularium.
