2492 3719
497 231 106 119 eo
550 231 141 119 quod
638 231 176 119 ponunt
762 231 176 119 animam
885 231 247 119 rationalem
1080 231 123 119 cum
1150 231 141 119 illa
1238 231 141 119 esse
1326 231 159 119 actum
1432 231 88 119 &
1468 231 176 119 formam
1591 231 229 119 corporis:
1767 231 159 119 sicut
1873 231 106 119 ei
1926 231 282 119 attribuerunt
2156 231 123 119 has
2209 231 123 119 vires

495 326 121 80 non
564 326 225 80 sequentes
737 326 260 80 philosophum
946 326 277 80 Aristotelem:
1171 326 104 80 eo
1223 326 139 80 quod
1310 326 139 80 ipse
1396 326 121 80 non
1466 326 173 80 posuit
1587 326 173 80 animam
1709 326 243 80 rationalem
1899 326 121 80 cum
1969 326 139 80 illa
2056 326 156 80 forma
2142 326 191 80 corporei-

503 382 163 82 tatis
611 382 145 82 esse
702 382 163 82 actum
810 382 90 82 &
846 382 181 82 formam
973 382 235 82 corporis:
1153 382 126 82 sed
1226 382 181 82 posuit
1352 382 235 82 separatam
1533 382 217 82 secundum
1696 382 217 82 rationem
1858 382 181 82 actus:
1985 382 90 82 &
2021 382 163 82 solum
2111 382 217 82 coniunctam

508 438 164 64 nobis
617 438 127 64 per
690 438 200 64 nostrum
836 438 291 64 phantasticum
1072 438 219 64 secundum
1236 438 219 64 rationem
1400 438 219 64 motoris:
1564 438 219 64 secundum
1728 438 146 64 quod
1819 438 200 64 exponit
1965 438 164 64 ipsum
2074 438 200 64 Commen.
2202 438 127 64 super

505 485 129 71 iii.
585 485 97 71 de
634 485 161 71 anima.
746 485 97 71 Ex
795 485 97 71 eo
843 485 129 71 enim
923 485 129 71 quod
1004 485 193 71 theologi
1149 485 209 71 posuerunt
1310 485 129 71 quod
1390 485 145 71 anima
1487 485 225 71 rationalis
1664 485 145 71 esset
1761 485 145 71 actus
1857 485 209 71 corporis:
2018 485 80 71 &
2050 485 129 71 quod
2131 485 225 71 singulorum

500 539 221 79 corporum
666 539 184 79 essent
795 539 221 79 singulae
961 539 203 79 animae:
1108 539 240 79 potuerunt
1293 539 184 79 ponere
1422 539 148 79 quod
1514 539 166 79 forma
1625 539 314 79 corporeitatis
1883 539 184 79 educta
2012 539 111 79 de
2068 539 221 79 potentia
2215 539 111 79 mate

501 593 133 80 riae
584 593 116 80 non
651 593 183 80 haberet
784 593 150 80 vires
884 593 183 80 animae:
1017 593 133 80 quia
1100 593 266 80 conuenienter
1316 593 133 80 ipsi
1399 593 166 80 animae
1515 593 216 80 rationali
1682 593 183 80 possunt
1815 593 216 80 attribui:
1981 593 100 80 vt
2031 593 133 80 ipsa
2114 593 100 80 ex
2164 593 100 80 se
2197 593 133 80 habeat

505 654 192 59 aliquid
644 654 122 59 quo
714 654 245 59 convenimus
907 654 122 59 cum
976 654 192 59 brutis,
1116 654 87 59 &
1151 654 192 59 aliquid
1291 654 122 59 quo
1361 654 245 59 differimus
1553 654 105 59 ab
1606 654 192 59 eisdem:
1746 654 122 59 sed
1816 654 105 59 in
1868 654 157 59 eadem
1973 654 262 59 substantia:
2183 654 157 59 licet
2270 654 70 59 ex

498 706 110 70 se
553 706 128 70 non
626 706 183 70 habeat
754 706 128 70 quo
827 706 274 70 conveniamus
1046 706 128 70 cum
1119 706 293 70 corporalibus
1357 706 274 70 inanimatis.
1576 706 128 70 hoc
1650 706 146 70 enim
1741 706 128 70 est
1814 706 256 70 contrarium
2015 706 146 70 suae
2107 706 201 70 naturae
2235 706 91 70 cum

499 755 120 76 sit
567 755 188 76 aliquid
704 755 274 76 incorporeum:
927 755 137 76 quia
1012 755 154 76 sicut
1115 755 240 76 contrarium
1303 755 120 76 non
1372 755 171 76 potest
1491 755 137 76 esse
1577 755 154 76 ratio
1680 755 205 76 formalis
1834 755 120 76 sui
1902 755 240 76 contrarii:
2090 755 120 76 sic
2159 755 120 76 nec
2210 755 120 76 incor

507 815 177 82 poreum
631 815 177 82 potest
755 815 141 82 esse
843 815 159 82 ratio
949 815 212 82 formalis
1108 815 230 82 corporei,
1285 815 159 82 dando
1391 815 141 82 esse
1480 815 247 82 corporeum:
1674 815 106 82 in
1727 815 159 82 cuius
1833 815 194 82 ratione
1974 815 141 82 ipsa
2063 815 212 82 realiter
2204 815 124 82 inclu

502 872 170 78 datur.
621 872 136 78 Quod
706 872 170 78 reuera
824 872 204 78 videntur
977 872 187 78 sentire
1113 872 255 78 tractatores
1317 872 221 78 catholici
1486 872 187 78 dicente
1622 872 170 78 Damas.
1741 872 136 78 liro
1826 872 119 78 ii.
1894 872 289 78 sententiarum.
2131 872 153 78 xiii.
2216 872 102 78 cap.

505 915 136 67 Deus
590 915 102 67 ex
641 915 204 67 visibili
794 915 85 67 &
829 915 238 67 inuisibili
1016 915 170 67 natura
1135 915 204 67 condidit
1288 915 204 67 hominem:
1442 915 102 67 ex
1493 915 153 67 terra
1595 915 170 67 quidem
1714 915 170 67 corpus
1833 915 221 67 plasmans:
2003 915 170 67 animam
2123 915 153 67 autem
2208 915 119 67 ratio

501 978 161 76 nalem
608 978 125 76 per
680 978 340 76 insufflationem.
966 978 107 76 Si
1020 978 179 76 corpus
1145 978 107 76 ex
1198 978 161 76 terra
1306 978 250 76 plasmatum:
1502 978 125 76 non
1574 978 143 76 ergo
1663 978 107 76 ab
1717 978 161 76 anima
1824 978 125 76 est
1896 978 197 76 corpus:
2039 978 143 76 quia
2128 978 143 76 tunc
2218 978 143 76 quid

508 1034 160 73 esset
615 1034 177 73 corpus
739 1034 177 73 potius
863 1034 160 73 esset
970 1034 213 73 inflatum
1129 1034 142 73 quam
1218 1034 248 73 plasmatum.
1413 1034 124 73 non
1484 1034 142 73 enim
1573 1034 124 73 est
1644 1034 231 73 plasmatio
1821 1034 177 73 sumere
1945 1034 106 73 de
1999 1034 160 73 terra
2105 1034 160 73 nudam
2194 1034 124 73 mate-

505 1088 164 57 tiam,
614 1088 128 57 cui
687 1088 164 57 anima
797 1088 164 57 esset
906 1088 274 57 coniungenda
1125 1088 146 57 dans
1217 1088 146 57 esse
1308 1088 256 57 corporeum.
1509 1088 146 57 vnde
1600 1088 183 57 subdit
1728 1088 128 57 ca.
1801 1088 183 57 xiiii.
1928 1088 256 57 Communicat
2129 1088 146 57 enim
2202 1088 128 57 inani

503 1138 158 77 matis
609 1138 176 77 quidem
732 1138 211 77 secundum
891 1138 176 77 corpus
1014 1138 88 77 &
1049 1138 282 77 concretionem
1278 1138 141 77 quae
1366 1138 123 77 est
1437 1138 106 77 ex
1489 1138 194 77 quatuor
1630 1138 247 77 elementis.
1824 1138 194 77 Constat
1965 1138 158 77 autem
2070 1138 141 77 quod
2159 1138 106 77 si
2194 1138 123 77 anima

505 1191 157 73 daret
609 1191 139 73 esse
696 1191 209 73 corpori:
853 1191 122 73 non
922 1191 157 73 esset
1027 1191 122 73 ibi
1096 1191 174 73 aliqua
1218 1191 157 73 forma
1322 1191 157 73 mixti
1427 1191 104 73 ex
1479 1191 244 73 elementis:
1670 1191 122 73 nec
1740 1191 157 73 esset
1844 1191 209 73 alterius
2001 1191 191 73 naturae
2140 1191 104 73 in
2175 1191 139 73 homine

512 1241 131 84 alia
594 1241 148 84 forma
692 1241 115 84 qua
758 1241 115 84 est
823 1241 164 84 corpus
938 1241 82 84 a
971 1241 148 84 forma
1069 1241 180 84 animae.
1200 1241 115 84 cui
1266 1241 246 84 contradicit
1462 1241 197 84 Damalis.
1610 1241 148 84 libro
1708 1241 131 84 iii.
1790 1241 115 84 ca.
1856 1241 131 84 iii.
1938 1241 246 84 Impossibile
2135 1241 115 84 est
2184 1241 131 84 inquit

515 1293 160 85 vnius
622 1293 196 85 naturae
765 1293 178 85 dicere
890 1293 178 85 animam
1014 1293 89 85 &
1050 1293 178 85 corpus
1175 1293 232 85 adinuicem
1353 1293 250 85 comparata.
1549 1293 143 85 Vnde
1638 1293 196 85 propter
1781 1293 160 85 istam
1888 1293 285 85 diuersitatem
2120 1293 160 85 dicit
2209 1293 107 85 cap.

504 1342 120 74 vi.
572 1342 171 74 Vnitum
692 1342 120 74 est
761 1342 154 74 carni
863 1342 120 74 per
932 1342 171 74 medium
1052 1342 257 74 intellectum
1257 1342 120 74 dei
1326 1342 188 74 verbum.
1463 1342 137 74 Quam
1548 1342 274 74 diuersitatem
1771 1342 154 74 magis
1874 1342 205 74 explicat
2028 1342 137 74 cap.
2114 1342 137 74 xvi.
2182 1342 137 74 dicens

510 1402 224 79 Singularis
686 1402 128 79 homo
766 1402 96 79 ex
814 1402 160 79 duabus
926 1402 176 79 naturis
1054 1402 224 79 compositus
1230 1402 128 79 est:
1310 1402 144 79 anima
1406 1402 80 79 &
1438 1402 192 79 corpore.
1582 1402 176 79 seruat,
1710 1402 96 79 nm
1758 1402 208 79 alterutra
1918 1402 80 79 &
1950 1402 128 79 post
2030 1402 176 79 vnionem
2142 1402 176 79 naturalem

505 1458 262 67 proprietatem.
720 1458 77 67 &
751 1458 154 67 infra.
859 1458 139 67 Quare
951 1458 170 67 necesse
1075 1458 108 67 est
1136 1458 170 67 hominem
1260 1458 154 67 dicere
1368 1458 92 67 ad
1414 1458 139 67 minus
1506 1458 92 67 ex
1552 1458 170 67 quinque
1676 1458 216 67 compositum
1845 1458 123 67 esse
1922 1458 200 67 naturisid
2076 1458 92 67 i.
2123 1458 92 67 ex
2169 1458 185 67 quaetuor

511 1519 199 70 elementis
664 1519 77 70 &
695 1519 153 70 anima.
802 1519 199 70 Intelligo
955 1519 92 70 ex
1001 1519 184 70 quaetuor
1139 1519 199 70 elementis
1293 1519 107 70 non
1354 1519 215 70 manentibus
1523 1519 184 70 quantuor
1661 1519 123 70 nisi
1737 1519 169 70 virtute
1860 1519 123 70 tama
1937 1519 184 70 scilicet
2075 1519 92 70 in
2121 1519 138 70 forma
2197 1519 123 70 mixti.

506 1571 91 68 vt
551 1571 121 68 vere
627 1571 106 68 non
687 1571 166 68 dicatur
808 1571 211 68 compositus
974 1571 121 68 nisi
1049 1571 91 68 ex
1095 1571 166 68 duplici
1215 1571 166 68 natura.
1336 1571 181 68 scilicet
1472 1571 91 68 ex
1517 1571 136 68 mixto
1608 1571 75 68 &
1638 1571 151 68 anima:
1743 1571 106 68 vel
1804 1571 91 68 ex
1849 1571 181 68 triplici
1985 1571 181 68 scilicet
2121 1571 91 68 ex
2166 1571 166 68 materia
2272 1571 45 68 &

502 1622 186 74 duplici
637 1622 169 74 forma:
755 1622 169 74 quarum
874 1622 118 74 vna
941 1622 118 74 est
1009 1622 152 74 forma
1110 1622 169 74 mixti:
1228 1622 135 74 alia
1313 1622 152 74 anima
1414 1622 253 74 rationalis:
1617 1622 186 74 quoniam
1752 1622 203 74 secundum
1904 1622 135 74 quod
1988 1622 186 74 subdit,
2123 1622 152 74 omnis
2208 1622 101 74 com-

496 1672 196 82 positio
639 1672 107 82 ex
693 1672 125 82 his
764 1672 143 82 quae
853 1672 196 82 proxime
996 1672 286 82 composuerunt
1228 1672 232 82 composita
1407 1672 196 82 dicitur
1549 1672 161 82 esse.
1656 1672 125 82 lta
1728 1672 89 82 &
1764 1672 107 82 in
1817 1672 179 82 domino
1942 1672 143 82 lesu
2031 1672 196 82 Christo
2174 1672 125 82 non
2228 1672 89 82 par

501 1735 139 74 tes
581 1735 218 74 partium
739 1735 258 74 intuemur:
938 1735 139 74 sed
1017 1735 159 74 quae
1117 1735 218 74 proxime
1276 1735 278 74 componunt.
1494 1735 119 74 i.
1553 1735 238 74 deitatem
1732 1735 99 74 &
1772 1735 318 74 humanitatem.
2030 1735 218 74 Amplius
2169 1735 139 74 homi-

506 1788 126 72 nem
578 1788 180 72 duarum
704 1788 233 72 naturarum
883 1788 233 72 dicentes,
1063 1788 144 72 tres
1153 1788 108 72 in
1206 1788 198 72 Christo
1350 1788 180 72 dicere
1476 1788 216 72 cogemur.
1638 1788 198 72 Propter
1781 1788 144 72 quod
1871 1788 108 72 in
1925 1788 198 72 symbolo
2069 1788 233 72 Athanasii
2248 1788 108 72 di

495 1834 187 81 citur.
626 1834 169 81 Sicut
739 1834 169 81 anima
851 1834 262 81 rationalis
1057 1834 94 81 &
1095 1834 150 81 caro
1189 1834 150 81 vnus
1282 1834 131 81 est
1357 1834 169 81 homo:
1470 1834 131 81 ita
1545 1834 150 81 deus
1638 1834 94 81 &
1676 1834 150 81 homo
1770 1834 150 81 vnus
1863 1834 131 81 est
1938 1834 244 81 Christus.
2126 1834 94 81 &
2144 1834 169 81 constat

506 1896 143 70 quod
595 1896 107 70 in
649 1896 197 70 Christo
792 1896 143 70 duae
881 1896 197 70 naturae
1024 1896 143 70 sunt
1114 1896 161 70 vnius
1221 1896 232 70 suppositi
1400 1896 143 70 deus
1489 1896 89 70 &
1525 1896 161 70 homo:
1632 1896 143 70 ergo
1721 1896 89 70 &
1757 1896 107 70 in
1811 1896 179 70 homine
1936 1896 161 70 anima
2043 1896 89 70 &
2079 1896 161 70 caro:
2186 1896 125 70 aut
2240 1896 71 70 ni

510 1942 112 79 hil
574 1942 144 79 esset
670 1942 128 79 quod
750 1942 160 79 dicunt
862 1942 96 79 de
910 1942 176 79 homine.
1037 1942 128 79 Hinc
1117 1942 176 79 dicitur
1245 1942 96 79 de
1293 1942 176 79 spiritu
1421 1942 80 79 &
1453 1942 160 79 anima.
1565 1942 112 79 ca.
1629 1942 144 79 xiii.
1725 1942 128 79 Mira
1805 1942 192 79 focietas
1948 1942 160 79 carnis
2060 1942 80 79 &
2092 1942 176 79 animae,
2204 1942 112 79 spiri

507 2000 156 75 ritus
611 2000 156 75 vitae
715 2000 87 75 &
750 2000 139 75 limi
837 2000 174 75 terrae
958 2000 156 75 sicut
1062 2000 208 75 scriptum
1219 2000 139 75 est:
1306 2000 156 75 fecit
1410 2000 139 75 deus
1497 2000 191 75 hominem
1636 2000 104 75 de
1688 2000 139 75 limo
1775 2000 191 75 terrae,
1914 2000 87 75 &
1948 2000 243 75 inspirauit
2139 2000 104 75 in
2174 2000 139 75 faciem

507 2054 142 69 eius
596 2054 248 69 spiraculum
791 2054 177 69 vitae:
915 2054 142 69 dans
1003 2054 106 69 ei
1056 2054 177 69 sensum
1180 2054 89 69 &
1216 2054 283 69 intellectum:
1446 2054 106 69 vt
1499 2054 124 69 per
1570 2054 177 69 sensum
1694 2054 159 69 limum
1800 2054 142 69 sibi
1889 2054 213 69 sociatum
2048 2054 283 69 viuificaret:
2261 2054 53 69 &

509 2107 113 79 per
573 2107 242 79 intellectum
767 2107 193 79 regeret.
912 2107 81 79 &
944 2107 161 79 infra.
1057 2107 161 79 Plenum
1169 2107 129 79 fuit
1250 2107 193 79 miraculo
1395 2107 129 79 quod
1475 2107 113 79 tam
1540 2107 177 79 diuersa
1669 2107 81 79 &
1701 2107 113 79 tam
1765 2107 161 79 diuisa
1878 2107 226 79 abinuicem,
2055 2107 209 79 adinuicem
2200 2107 113 79 potue

499 2168 145 59 runt
590 2168 236 59 coniungi:
771 2168 127 59 nec
844 2168 163 59 minus
953 2168 145 59 fuit
1044 2168 218 59 mirabile
1207 2168 145 59 quod
1298 2168 145 59 limo
1389 2168 182 59 nostro
1516 2168 145 59 deus
1607 2168 200 59 seipsum
1752 2168 254 59 coniunxit:
1952 2168 109 59 vt
2006 2168 145 59 sibi
2097 2168 200 59 inuicem
2224 2168 91 59 vni

509 2216 177 76 rentur
633 2216 141 76 deus
722 2216 88 76 &
757 2216 177 76 limus,
881 2216 159 76 tanta
987 2216 265 76 sublimitas,
1199 2216 88 76 &
1234 2216 159 76 tanta
1340 2216 212 76 vilitas.
1500 2216 141 76 ltem
1588 2216 106 76 de
1641 2216 195 76 spiritu
1783 2216 88 76 &
1818 2216 159 76 anima
1924 2216 141 76 cap.
2012 2216 195 76 penult.
2136 2216 177 76 dicitur.

505 2263 193 71 Dicimus
646 2263 176 71 corpus
769 2263 123 71 per
840 2263 211 71 coniugii
998 2263 193 71 copulam
1139 2263 229 71 seminari:
1314 2263 123 71 dei
1385 2263 141 71 vero
1473 2263 193 71 iudicio
1613 2263 229 71 coagulari
1789 2263 106 71 in
1842 2263 158 71 vulua
1948 2263 88 71 &
1983 2263 211 71 compingi
2141 2263 158 71 atque
2229 2263 88 71 for

508 2328 161 56 mari:
615 2328 107 56 ac
669 2328 197 56 formato
812 2328 125 56 iam
884 2328 197 56 corpore
1027 2328 179 56 animam
1152 2328 179 56 creari
1277 2328 89 56 &
1313 2328 215 56 infundi:
1474 2328 107 56 vt
1528 2328 161 56 viuat
1635 2328 107 56 ex
1689 2328 161 56 vtero
1796 2328 143 56 homo
1886 2328 107 56 ex
1939 2328 161 56 anima
2047 2328 215 56 constans
2208 2328 89 56 &
2226 2328 89 56 cor

504 2371 169 85 pore.
617 2371 132 85 Non
692 2371 150 85 duas
786 2371 188 85 animas
918 2371 225 85 credimus
1087 2371 150 85 esse
1181 2371 113 85 in
1237 2371 207 85 homine:
1387 2371 150 85 vnam
1481 2371 225 85 animalem
1650 2371 132 85 qua
1726 2371 188 85 animat
1857 2371 207 85 corpus:
2007 2371 94 85 &
2045 2371 207 85 alteram
2176 2371 132 85 spiri

501 2436 174 60 talem
616 2436 135 60 qua
694 2436 231 60 rationem
867 2436 270 60 ministret:
1079 2436 135 60 sed
1157 2436 212 60 dicimus
1311 2436 193 60 eandem
1446 2436 154 60 esse
1542 2436 193 60 animam
1677 2436 116 60 in
1735 2436 212 60 homine:
1890 2436 154 60 quae
1986 2436 96 60 &
2025 2436 193 60 corpus
2160 2436 135 60 sua
2218 2436 96 60 so-

512 2485 182 67 cietate
645 2485 231 67 viuificet,
826 2485 83 67 &
860 2485 149 67 semet
959 2485 149 67 ipsam
1058 2485 116 67 sua
1124 2485 182 67 ratione
1256 2485 215 67 disponat.
1422 2485 132 67 Ecce
1504 2485 132 67 quid
1587 2485 182 67 clarius
1719 2485 132 67 quam
1802 2485 165 67 dicere
1917 2485 116 67 iam
1983 2485 182 67 formato
2116 2485 182 67 corpore
2231 2485 83 67 ani

510 2537 128 81 mam
583 2537 183 81 creari
711 2537 91 81 &
747 2537 219 81 infundi:
912 2537 128 81 non
985 2537 164 81 autem
1095 2537 219 81 formatum
1259 2537 128 81 est
1332 2537 146 81 nisi
1424 2537 183 81 aliqua
1551 2537 183 81 forma.
1679 2537 146 81 Hinc
1771 2537 164 81 etiam
1880 2537 164 81 dicit
1990 2537 201 81 Richar.
2136 2537 110 81 de
2173 2537 146 81 sancto

517 2589 168 81 Victo.
635 2589 151 81 iiii.
735 2589 101 81 de
786 2589 168 81 Trini.
903 2589 117 81 ca.
970 2589 134 81 xvi.
1054 2589 201 81 Proprium
1205 2589 117 81 est
1272 2589 185 81 hominis
1406 2589 168 81 habere
1524 2589 268 81 substantiale
1742 2589 134 81 esse
1826 2589 101 81 ex
1876 2589 268 81 propagatione
2094 2589 151 81 simul
2195 2589 84 81 &
2228 2589 117 81 pro

509 2653 269 69 creatione,
720 2653 135 69 nam
797 2653 173 69 anima
912 2653 288 69 procreatur:
1143 2653 192 69 corpus
1277 2653 288 69 propagatur.
1508 2653 231 69 Proprium
1681 2653 135 69 est
1758 2653 231 69 brutorum
1931 2653 192 69 habere
2046 2653 269 69 substantiale

507 2700 144 75 esse
597 2700 108 75 ex
651 2700 289 75 propagatione
886 2700 162 75 sola.
994 2700 217 75 Proprium
1157 2700 126 75 est
1229 2700 235 75 angelorum
1409 2700 181 75 habere
1536 2700 289 75 substantiale
1770 2700 144 75 esse
1861 2700 108 75 ex
1915 2700 144 75 sola
2005 2700 307 75 procreatione.
2240 2700 72 75 Si

507 2748 171 81 autem
621 2748 265 81 propagatur
829 2748 227 81 secundum
1000 2748 209 81 corpus:
1152 2748 265 81 propagatio
1360 2748 133 81 non
1436 2748 133 81 est
1512 2748 190 81 solius
1644 2748 227 81 materiae
1815 2748 341 81 ministratione:
2099 2748 133 81 sed
2156 2748 152 81 alicu-

503 2801 128 84 ius
576 2801 183 84 formae
704 2801 110 84 ex
758 2801 201 84 materia
905 2801 292 84 productione:
1142 2801 146 84 quod
1233 2801 256 84 propagatio
1434 2801 219 84 dicitur.
1599 2801 146 84 Vnde
1690 2801 164 84 super
1800 2801 164 84 illud
1909 2801 164 84 psal.
2019 2801 164 84 Filii
2128 2801 128 84 tui
2183 2801 128 84 sicut

504 2862 212 65 nouellae
663 2862 230 65 oliuarum.
840 2862 159 65 dicit
946 2862 141 65 Amb.
1035 2862 230 65 Generauit
1211 2862 106 65 te
1264 2862 159 65 pater
1370 2862 283 65 conmunicando
1600 2862 177 65 carnem
1724 2862 159 65 suam,
1830 2862 194 65 creauit
1971 2862 106 65 te
2024 2862 141 65 deus
2113 2862 230 65 adhibendo

504 2918 232 78 potentiam
683 2918 161 78 suam.
790 2918 179 78 Aliter
915 2918 143 78 enim
1004 2918 125 78 non
1076 2918 161 78 esset
1183 2918 268 78 propagatio:
1398 2918 125 78 nec
1469 2918 214 78 parentes
1630 2918 197 78 aliquid
1773 2918 197 78 agerent
1916 2918 107 78 in
1969 2918 304 78 propagatione,
2202 2918 107 78 vnde

515 2976 141 66 vere
603 2976 211 66 parentes
761 2976 141 66 dici
849 2976 211 66 possent:
1007 2976 123 66 nec
1077 2976 158 66 Maria
1183 2976 141 66 vera
1271 2976 158 66 mater
1376 2976 193 66 Christi
1517 2976 176 66 posset
1640 2976 158 66 dici,
1745 2976 105 66 si
1798 2976 123 66 non
1868 2976 141 66 vere
1956 2976 211 66 secundum
2114 2976 176 66 carnis
2219 2976 88 66 sub

512 3019 191 73 stantiam
655 3019 111 73 eum
719 3019 254 73 procreasset.
925 3019 127 73 Hinc
1004 3019 222 73 Augustinus
1179 3019 143 73 super
1274 3019 175 73 lonnem.
1401 3019 143 73 parid
1496 3019 111 73 is.
1560 3019 143 73 sere.
1655 3019 143 73 viii.
1750 3019 159 73 contra
1862 3019 175 73 quosdam
1989 3019 111 73 qui
2052 3019 159 73 Matiam
2163 3019 127 73 vera
2227 3019 79 73 ma-

507 3072 128 85 trem
587 3072 176 85 Christi
716 3072 128 85 esse
796 3072 209 85 negabant:
956 3072 160 85 dicit.
1069 3072 144 85 Mater
1165 3072 128 85 erat
1245 3072 176 85 carnis:
1373 3072 144 85 mater
1470 3072 257 85 humanitatis.
1678 3072 128 85 Vnde
1758 3072 176 85 Damais.
1887 3072 144 85 libro
1983 3072 128 85 iii.
2063 3072 193 85 capitulo
2208 3072 96 85 v.
2240 3072 64 85 lo

509 3135 162 95 quens
617 3135 108 95 de
671 3135 198 95 Christo
815 3135 180 95 dicit.
941 3135 234 95 Confinxit
1120 3135 144 95 sibi
1210 3135 108 95 ex
1264 3135 180 95 castis
1390 3135 90 95 &
1426 3135 252 95 purissimis
1624 3135 270 95 sanguinibus
1840 3135 180 95 carnem
1965 3135 180 95 puram.
2091 3135 90 95 &
2127 3135 144 95 cap.
2199 3135 108 95 xii.
