2391 3685
503 204 177 104 corpus
627 204 106 104 vt
680 204 124 104 est
751 204 177 104 genus.
874 204 106 104 In
927 204 177 104 homine
1051 204 159 104 autem
1157 204 177 104 corpus
1281 204 106 104 vt
1334 204 230 104 accipitur
1511 204 159 104 sicut
1617 204 141 104 quid
1705 204 283 104 determinatum
1935 204 106 104 in
1988 204 159 104 forma
2076 204 177 104 naturali

507 292 288 64 corpereitatis
744 292 254 64 differentis
948 292 85 64 a
982 292 322 64 corporeitatibus
1253 292 271 64 existentibus
1473 292 102 64 in
1524 292 153 64 aliis
1626 292 119 64 cui
1694 292 186 64 aduenit
1829 292 153 64 forma
1931 292 136 64 alia
2016 292 186 64 praeter
2134 292 119 64 corpo

503 342 194 68 reitatem
648 342 161 68 addita
761 342 129 68 illi
842 342 81 68 &
874 342 97 68 in
923 342 97 68 ea
971 342 242 68 sustentata,
1165 342 113 68 sic
1229 342 113 68 est
1294 342 145 68 pars.
1391 342 97 68 Vt
1439 342 129 68 vero
1520 342 210 68 accipitur
1681 342 145 68 sicut
1778 342 129 68 quid
1859 342 291 68 indeterminatum
2085 342 161 68 incorpo-

509 397 163 67 reitate
627 397 118 67 quae
701 397 89 67 in
746 397 133 67 bruto
834 397 163 67 aliquam
953 397 236 67 differentia,
1145 397 177 67 propriae
1278 397 251 67 corporeitatis
1485 397 251 67 determinatur:
1691 397 74 67 &
1721 397 89 67 in
1765 397 148 67 homine
1869 397 148 67 aliqua
1972 397 118 67 alia
2046 397 192 67 nobiliori
2179 397 74 67 dif

501 452 195 66 ferentia
647 452 276 66 corporeitatis
875 452 276 66 determinatur,
1102 452 276 66 differentibus
1330 452 146 66 solum
1427 452 146 66 inter
1525 452 98 66 se
1574 452 244 66 determinato
1769 452 81 66 &
1801 452 276 66 indeterminato
2029 452 146 66 sicut
2110 452 130 66 inten-

502 503 150 69 tiones
607 503 105 69 non
667 503 135 69 sicut
757 503 105 69 res
817 503 195 69 diuersae:
968 503 105 69 sic
1028 503 150 69 corpus
1133 503 105 69 est
1193 503 135 69 genus
1283 503 165 69 hominis
1403 503 135 69 sicut
1493 503 150 69 bruti:
1598 503 120 69 quid
1673 503 195 69 descendit
1824 503 90 69 in
1869 503 150 69 homine
1974 503 105 69 per
2034 503 210 69 nobiliorem
2184 503 60 69 di

506 561 190 70 ferentiam
652 561 263 70 corporeitatis.
871 561 88 70 Et
915 561 102 70 est
974 561 131 70 illud
1061 561 204 70 compositum
1222 561 175 70 secundum
1353 561 175 70 rationem
1485 561 88 70 ex
1529 561 204 70 intentione
1689 561 161 70 generis
1806 561 73 70 &
1835 561 248 70 differentiae,
2040 561 190 70 includens
2186 561 88 70 in

497 615 89 71 se
542 615 177 71 materiam
675 615 148 71 corpus
778 615 118 71 quid
852 615 103 71 est
911 615 118 71 pars
985 615 177 71 hominis.
1118 615 118 71 illi
1192 615 118 71 enim
1266 615 163 71 aduenit
1384 615 133 71 anima
1473 615 207 71 rationalis
1635 615 89 71 vt
1680 615 222 71 differentia
1857 615 103 71 qua
1916 615 236 71 constituitur
2108 615 89 71 in
2138 615 118 71 specie

498 670 295 67 specialissima:
743 670 82 67 &
776 670 98 67 in
825 670 115 67 qua
890 670 147 67 habet
989 670 147 67 trium
1087 670 295 67 differentiarum
1332 670 245 67 intentiones
1529 670 164 67 quibus
1643 670 262 67 distinguitur
1856 670 82 67 a
1889 670 278 67 vegetabilibus
2118 670 82 67 &
2134 670 131 67 brutis

505 722 77 60 &
535 722 185 60 angelis:
674 722 92 60 vt
720 722 247 60 differentia,
921 722 185 60 propriae
1060 722 277 60 corporeitatis,
1291 722 170 60 proprie
1414 722 185 60 differat
1553 722 92 60 ab
1599 722 231 60 inanimatis:
1784 722 247 60 differentia,
1985 722 185 60 propriae
2108 722 154 60 vegetabi

501 781 159 73 litatis
616 781 72 73 a
645 781 173 73 plantis:
774 781 231 73 differentia,
962 781 173 73 propriae
1092 781 130 73 sensi
1178 781 187 73 bilitatis
1322 781 72 73 a
1351 781 159 73 brutis:
1466 781 216 73 differentia
1639 781 288 73 rationabilitatis
1884 781 86 73 ab
1927 781 173 73 angelis.
2057 781 101 73 Est
2115 781 115 73 enim
2173 781 86 73 con-

506 833 162 69 finium
619 833 129 69 homo
700 833 243 69 corporalium
894 833 81 69 &
926 833 275 69 incorporalium
1153 833 259 69 creaturarum:
1363 833 210 69 differens
1525 833 113 69 suo
1590 833 210 69 rationali
1751 833 81 69 a
1784 833 162 69 brutis
1897 833 113 69 sic
1962 833 97 69 ab
1994 833 259 69 irratinalibus.

503 889 122 62 Hinc
579 889 138 62 dicit
671 889 138 62 Auic.
762 889 92 62 de
808 889 168 62 corpore
931 889 122 62 quod
1007 889 107 62 est
1068 889 153 62 genus.
1175 889 229 62 Praedicatur
1358 889 92 62 de
1404 889 199 62 composito
1557 889 92 62 ex
1603 889 244 62 corporeitate
1802 889 122 62 quae
1878 889 107 62 est
1939 889 138 62 sicut
2031 889 183 62 materia,
2168 889 92 62 &e
2199 889 61 62 ex

502 947 147 61 anima.
605 947 192 61 Collectio
753 947 118 61 enim
827 947 133 61 horum
915 947 206 61 substantia
1077 947 118 61 est:
1151 947 162 61 quamuis
1269 947 103 61 sit
1328 947 206 61 coniunctio
1490 947 88 61 ex
1534 947 162 61 multis.
1652 947 118 61 Vnde
1726 947 88 61 si
1770 947 221 61 vegetatiuum
1947 947 88 61 in
1992 947 147 61 homine
2095 947 133 61 esset
2169 947 88 61 for-

509 1002 96 64 ma
557 1002 272 64 corporeitatis
781 1002 160 64 educta
893 1002 96 64 de
941 1002 192 64 potentia
1085 1002 192 64 materiae
1229 1002 144 64 sicut
1325 1002 96 64 in
1373 1002 176 64 brutis:
1500 1002 80 64 &
1532 1002 144 64 anima
1628 1002 224 64 rationalis
1804 1002 112 64 cum
1868 1002 128 64 sola
1948 1002 192 64 potentia
2076 1002 176 64 rationali

505 1056 129 61 siue
586 1056 274 61 intellectuali
812 1056 145 61 esset
908 1056 97 61 ab
957 1056 242 61 extrinseco:
1150 1056 129 61 tunc
1231 1056 210 61 consimili
1393 1056 129 61 modo
1473 1056 161 61 animal
1586 1056 113 61 vno
1651 1056 129 61 modo
1732 1056 145 61 esset
1828 1056 145 61 genus
1925 1056 194 61 hominis,
2070 1056 129 61 alio
2151 1056 129 61 modo

500 1112 129 65 pars:
586 1112 72 65 &
614 1112 129 65 esset
700 1112 115 65 homo
772 1112 201 65 compositus
930 1112 86 65 ex
973 1112 172 65 animali,
1102 1112 72 65 &
1130 1112 129 65 anima
1216 1112 201 65 rationali.
1374 1112 158 65 dicente
1489 1112 129 65 Auic.
1575 1112 86 65 Si
1618 1112 201 65 accipiatur
1776 1112 143 65 animal
1876 1112 115 65 tali
1948 1112 201 65 conditione
2105 1112 86 65 vt
2148 1112 100 65 non
2191 1112 72 65 sit

513 1166 94 62 in
560 1166 110 62 sua
623 1166 314 62 substantialitate
891 1166 126 62 nisi
969 1166 236 62 corporeitas
1158 1166 79 62 &
1189 1166 267 62 vegetabilitas
1410 1166 79 62 &
1441 1166 252 62 sensualitas:
1645 1166 79 62 &
1677 1166 94 62 vt
1724 1166 94 62 id
1771 1166 126 62 quod
1850 1166 110 62 est
1913 1166 173 62 praeter
2039 1166 110 62 hoc
2101 1166 110 62 sic
2149 1166 94 62 prae

504 1221 111 67 ter
567 1221 158 67 ipsum:
678 1221 126 67 tunc
757 1221 111 67 non
820 1221 126 67 erit
899 1221 142 67 longe
994 1221 126 67 quin
1073 1221 111 67 sit
1136 1221 174 67 materia
1262 1221 158 67 homini
1373 1221 79 67 &
1404 1221 221 67 subiectum:
1578 1221 142 67 cuius
1673 1221 142 67 forma
1767 1221 111 67 est
1830 1221 142 67 anima
1925 1221 237 67 rationalis.
2115 1221 95 67 Ex
2162 1221 111 67 quo

512 1273 162 65 claret
625 1273 178 65 multum:
755 1273 178 65 quomodo
884 1273 162 65 brutum
997 1273 146 65 nullo
1095 1273 130 65 modo
1176 1273 162 65 potest
1289 1273 130 65 dici
1370 1273 227 65 compositum
1548 1273 97 65 ex
1596 1273 178 65 corpore
1726 1273 81 65 &
1758 1273 146 65 anima
1855 1273 146 65 sicut
1953 1273 146 65 homo.
2050 1273 146 65 Patet
2147 1273 130 65 ergo

504 1335 198 65 reuertendo
660 1335 85 65 ad
702 1335 212 65 propositum,
872 1335 113 65 quod
943 1335 127 65 licet
1028 1335 170 65 secundum
1155 1335 170 65 rationem
1282 1335 127 65 vitae
1367 1335 142 65 vermis
1466 1335 170 65 nobilior
1594 1335 99 65 est
1650 1335 142 65 caelo:
1750 1335 170 65 secundum
1877 1335 127 65 tamen
1962 1335 127 65 aliam
2047 1335 170 65 rationem
2160 1335 85 65 for-

504 1397 103 56 mae
563 1397 132 56 suae:
651 1397 117 56 qua.
724 1397 176 56 scilicet
856 1397 103 56 est
915 1397 205 56 generatiua
1076 1397 147 56 formae
1178 1397 161 56 vermis:
1296 1397 103 56 est
1354 1397 132 56 multo
1442 1397 176 56 nobilior
1574 1397 117 56 quam
1647 1397 103 56 sit
1706 1397 161 56 vermis,
1823 1397 103 56 aut
1882 1397 161 56 aliquid
1999 1397 205 56 inferiorum
2160 1397 117 56 quae

507 1441 185 62 generari
645 1441 154 62 habent
753 1441 77 62 a
784 1441 154 62 caelo.
891 1441 154 62 Semper
999 1441 123 62 enim
1076 1441 138 62 agens
1168 1441 246 62 praestantius
1368 1441 108 62 est
1430 1441 200 62 patiente,
1583 1441 77 62 &
1614 1441 200 62 producens
1768 1441 185 62 producto
1907 1441 92 62 in
1953 1441 200 62 ordinatis
2091 1441 154 62 essentia

509 1494 155 72 liter:
617 1494 186 72 secundum
756 1494 124 72 quod
833 1494 217 72 ordinantur
1004 1494 170 72 caelum,
1127 1494 77 72 &
1158 1494 124 72 ista
1236 1494 201 72 inferiora
1391 1494 93 72 ab
1437 1494 124 72 ipso
1514 1494 201 72 generata.
1669 1494 108 72 SIC
1731 1494 124 72 ergo
1808 1494 139 72 patet
1901 1494 124 72 quid
1978 1494 93 72 ex
2025 1494 139 72 parte
2102 1494 155 72 corporis

507 1545 180 67 Christi
637 1545 163 67 potius
752 1545 196 67 tenendum
899 1545 114 67 est
964 1545 196 67 secundum
1111 1545 131 67 vsum
1193 1545 196 67 hactenus
1340 1545 245 67 obseruatum,
1535 1545 98 67 et
1584 1545 196 67 secundum
1731 1545 147 67 dicta
1829 1545 229 67 sanctorum,
2009 1545 180 67 signari
2123 1545 131 67 nomine

508 1606 214 69 corporis.
672 1606 99 69 Et
722 1606 198 69 sequitur
870 1606 247 69 inquirendum
1067 1606 132 69 quid
1150 1606 165 69 potius
1265 1606 198 69 tenendum
1413 1606 115 69 est
1479 1606 99 69 ex
1528 1606 148 69 parte
1627 1606 165 69 ipsius
1743 1606 263 69 conuersionis
1957 1606 99 69 in
2006 1606 165 69 corpus
2105 1606 148 69 Christi

510 1658 91 59 in
555 1658 137 59 quuad
646 1658 182 59 scilicet
783 1658 121 59 tota
859 1658 212 59 substantia
1026 1658 137 59 panis
1117 1658 76 59 &
1147 1658 182 59 secundum
1283 1658 182 59 materiam
1420 1658 76 59 &
1450 1658 182 59 secundum
1587 1658 152 59 formam
1693 1658 167 59 ponenda
1814 1658 106 59 est
1875 1658 197 59 conuerti:
2027 1658 121 59 quia
2087 1658 167 59 supponen-

509 1715 115 63 dum
574 1715 115 63 est
640 1715 131 63 quod
722 1715 147 63 nihil
820 1715 246 63 substantiae
1016 1715 131 63 eius
1098 1715 213 63 permaneat
1262 1715 197 63 completa
1410 1715 262 63 conversione,
1623 1715 131 63 quia
1704 1715 115 63 cum
1770 1715 147 63 verum
1868 1715 164 63 corpus
1983 1715 180 63 Christi
2098 1715 147 63 conuer-

511 1768 132 68 sione
599 1768 176 68 perfecta
732 1768 176 68 ponendum
864 1768 103 68 est
922 1768 103 68 ibi
981 1768 117 68 esse
1055 1768 73 68 &
1084 1768 117 68 vere
1157 1768 132 68 esse:
1246 1768 132 68 licet
1334 1768 103 68 non
1392 1768 88 68 vt
1436 1768 88 68 in
1480 1768 117 68 loco
1554 1768 103 68 vel
1613 1768 132 68 sicut
1701 1768 191 68 subiectum
1848 1768 103 68 sub
1906 1768 250 68 accidentibus,
2112 1768 117 68 quid
2185 1768 88 68 pr

511 1824 146 66 priis
608 1824 260 66 accidentibus
819 1824 276 66 commensuratur
1046 1824 146 66 loco:
1144 1824 114 66 nec
1209 1824 146 66 sicut
1306 1824 97 66 in
1355 1824 146 66 signo
1452 1824 178 66 tantum:
1582 1824 114 66 sed
1647 1824 162 66 quodam
1760 1824 130 66 modo
1841 1824 130 66 huic
1922 1824 227 66 sacramento
2085 1824 162 66 proprio.

503 1883 90 65 Et
548 1883 105 65 non
608 1883 105 65 est
668 1883 105 65 ibi
728 1883 105 65 per
788 1883 165 65 aliquam
908 1883 120 65 loci
984 1883 225 65 mutationem:
1164 1883 120 65 quia
1239 1883 120 65 tunc
1314 1883 210 65 descendens
1479 1883 90 65 de
1524 1883 135 65 caelo
1614 1883 105 65 non
1674 1883 165 65 maneret
1794 1883 90 65 in
1840 1883 150 65 caelo.
1945 1883 180 65 Secundum
2080 1883 120 65 enim
2155 1883 120 65 quod

502 1942 155 65 dicit
605 1942 206 65 magister
760 1942 206 65 Guiliel.
914 1942 206 65 Altissi.
1069 1942 103 65 in
1121 1942 155 65 summa
1224 1942 138 65 sua,
1310 1942 138 65 sine
1396 1942 172 65 aliquo
1516 1942 206 65 descensu
1671 1942 86 65 &
1705 1942 138 65 motu
1791 1942 120 65 est
1860 1942 172 65 corpus
1980 1942 189 65 Christi
2118 1942 103 65 in
2152 1942 86 65 al-

503 1985 148 73 tari:
601 1985 82 73 &
634 1985 131 73 sine
716 1985 164 73 aliquo
830 1985 180 73 ascensu
962 1985 148 73 forma
1060 1985 148 73 panis
1158 1985 213 73 desinente
1322 1985 131 73 esse
1404 1985 115 73 est
1470 1985 164 73 corpus
1584 1985 180 73 Christi
1716 1985 98 73 in
1765 1985 164 73 caelo.
1879 1985 131 73 vnde
1961 1985 148 73 simul
2060 1985 115 73 est
2125 1985 98 73 in
2158 1985 82 73 al-

506 2043 126 62 tari
585 2043 79 62 &
616 2043 94 62 in
664 2043 157 62 caelo.
774 2043 157 62 Corpus
884 2043 142 62 autem
978 2043 126 62 vnum
1057 2043 110 62 non
1120 2043 157 62 potest
1230 2043 204 62 localiter
1387 2043 126 62 esse
1465 2043 94 62 in
1513 2043 189 62 diuersis
1654 2043 157 62 locis,
1764 2043 94 62 vt
1811 2043 142 62 infra
1906 2043 220 62 videbitur.
2079 2043 110 62 Aut
2142 2043 126 62 ergo

504 2101 127 72 erit
583 2101 111 72 ibi
647 2101 190 72 secundum
789 2101 143 72 modum
884 2101 190 72 proprium
1027 2101 127 72 huic
1106 2101 238 72 sacramento:
1296 2101 111 72 aut
1360 2101 127 72 erit
1439 2101 111 72 ibi
1502 2101 111 72 per
1566 2101 254 72 conuersionem
1772 2101 190 72 alterius
1914 2101 95 72 in
1962 2101 143 72 ipsum
2057 2101 127 72 illo
2136 2101 111 72 non
2184 2101 63 72 ma

499 2166 136 54 nente
589 2166 121 54 quod
665 2166 196 54 conversum
816 2166 121 54 est:
891 2166 136 54 licet
982 2166 106 54 non
1042 2166 226 54 annihilato.
1223 2166 91 54 Si
1269 2166 121 54 enim
1344 2166 166 54 aliquid
1465 2166 121 54 quid
1541 2166 136 54 erat,
1631 2166 136 54 aliud
1722 2166 151 54 fuerit
1827 2166 196 54 effectum:
1978 2166 106 54 non
2039 2166 151 54 vtique
2129 2166 121 54 omnino

508 2220 99 59 non
564 2220 127 59 erit.
649 2220 85 59 Si
691 2220 113 59 enim
762 2220 141 59 omnino
861 2220 99 59 non
917 2220 127 59 esset
1002 2220 99 59 per
1059 2220 268 59 annihilationem,
1285 2220 99 59 vel
1341 2220 141 59 omnino
1440 2220 127 59 esset
1525 2220 155 59 manendo
1638 2220 85 59 id
1680 2220 113 59 quod
1751 2220 141 59 prius,
1850 2220 99 59 non
1906 2220 127 59 esset
1991 2220 198 59 conuersio:
2146 2220 127 59 neque

510 2260 101 75 per
567 2260 130 75 illam
654 2260 346 75 transubstantiationem
957 2260 130 75 esset
1044 2260 101 75 ibi
1101 2260 159 75 aliquid
1217 2260 115 75 quid
1289 2260 130 75 prius
1376 2260 101 75 ibi
1433 2260 101 75 non
1491 2260 130 75 erat.
1578 2260 87 75 Et
1621 2260 173 75 dependet
1751 2260 115 75 pars
1823 2260 115 75 ista
1895 2260 144 75 omnino
1996 2260 72 75 a
2025 2260 130 75 parte
2097 2260 159 75 praecedem

514 2316 106 76 te.
575 2316 91 76 In
620 2316 91 76 id
666 2316 122 76 enim
742 2316 122 76 quid
818 2316 182 76 secundum
955 2316 122 76 vsum
1031 2316 198 76 ecclesiae
1183 2316 76 76 &
1213 2316 137 76 dicta
1304 2316 198 76 sanctorum
1456 2316 198 76 obtentum:
1608 2316 106 76 est
1669 2316 198 76 appellari
1821 2316 137 76 verum
1913 2316 152 76 corpus
2019 2316 182 76 Christi,
2141 2316 106 76 tenem

509 2366 118 81 dum
576 2366 118 81 est
644 2366 151 81 fieri
745 2366 269 81 conuersionem
963 2366 168 81 panis.
1081 2366 135 81 Vnde
1165 2366 151 81 sicut
1266 2366 118 81 non
1334 2366 118 81 est
1401 2366 202 81 obtentum
1552 2366 219 81 appellare
1720 2366 168 81 corpus
1838 2366 151 81 puram
1939 2366 202 81 materiam
2074 2366 168 81 habentem

510 2422 145 75 partem
611 2422 130 75 extra
698 2422 159 75 partem:
813 2422 101 75 nec
871 2422 174 75 tenendum
1001 2422 101 75 est
1059 2422 116 75 quod
1131 2422 87 75 in
1175 2422 130 75 illam
1262 2422 130 75 solam
1348 2422 116 75 fiat
1421 2422 202 75 conversio:
1580 2422 145 75 maxime
1681 2422 101 75 cum
1739 2422 130 75 tenet
1826 2422 130 75 vsus,
1912 2422 87 75 vt
1956 2422 145 75 dictum
2057 2422 116 75 est:
2129 2422 116 75 quod
2187 2422 58 75 to

513 2474 91 76 ta
558 2474 211 76 substantia
724 2474 136 76 panis
815 2474 75 76 &
845 2474 181 76 secundum
981 2474 181 76 materiam
1117 2474 75 76 &
1147 2474 181 76 secundum
1283 2474 151 76 formam
1388 2474 242 76 conuertatur.
1585 2474 121 76 quia
1660 2474 91 76 si
1706 2474 166 76 alterum
1826 2474 166 76 maneret
1947 2474 106 76 hoc
2007 2474 151 76 fieret
2098 2474 151 76 speciali

510 2532 206 77 miraculo,
669 2532 111 77 vel
732 2532 174 77 ponendo
859 2532 190 77 materiam
1002 2532 127 77 sine
1081 2532 143 77 forma
1176 2532 254 77 substantiali
1383 2532 111 77 vel
1446 2532 222 77 econverso:
1621 2532 111 77 cum
1684 2532 143 77 tamen
1779 2532 111 77 hoc
1843 2532 111 77 non
1906 2532 111 77 est
1969 2532 206 77 consuetum
2128 2532 127 77 poni
2192 2532 63 77 ni

510 2587 94 67 si
557 2587 204 67 miraculum
714 2587 266 67 conuersionis:
933 2587 78 67 &
965 2587 110 67 per
1027 2587 141 67 illam
1121 2587 157 67 corpus
1231 2587 172 67 Christi
1356 2587 125 67 esse
1434 2587 110 67 vbi
1497 2587 141 67 prius
1591 2587 110 67 non
1654 2587 141 67 fuit:
1748 2587 78 67 &
1779 2587 219 67 accidentia
1951 2587 110 67 per
2014 2587 94 67 se
2045 2587 204 67 subsistere.

504 2653 100 58 Si
554 2653 150 58 autem
654 2653 83 58 &
688 2653 183 58 materia
821 2653 150 58 panis
921 2653 83 58 &
954 2653 150 58 forma
1054 2653 133 58 eius
1138 2653 283 58 substantialis
1371 2653 300 58 conuerterentur
1621 2653 100 58 in
1671 2653 217 58 materiam:
1837 2653 117 58 cum
1904 2653 150 58 minus
2004 2653 133 58 esse
2087 2653 167 58 habeat
2187 2653 67 58 ma

507 2696 145 63 teria
603 2696 129 63 quam
684 2696 145 63 forma
780 2696 290 63 substantialis:
1022 2696 129 63 tunc
1102 2696 161 63 habens
1215 2696 145 63 magis
1311 2696 80 63 &
1343 2696 161 63 verius
1456 2696 129 63 esse
1536 2696 273 63 converteretur
1761 2696 177 63 actione
1890 2696 161 63 diuina
2003 2696 97 63 in
2051 2696 161 63 habens
2147 2696 113 63 minus

510 2751 127 72 esse:
594 2751 113 72 quod
665 2751 99 72 est
721 2751 239 72 inconueniens.
918 2751 113 72 Quia
989 2751 127 72 sicut
1073 2751 169 72 secundum
1200 2751 197 72 Augustnu.m
1355 2751 155 72 xxxiii,
1467 2751 113 72 quod
1538 2751 113 72 Deus
1608 2751 99 72 non
1665 2751 99 72 est
1721 2751 127 72 causa
1805 2751 169 72 tendendi
1932 2751 84 72 in
1974 2751 99 72 non
2031 2751 127 72 esse:
2115 2751 99 72 sic
2157 2751 99 72 nulli

504 2807 109 63 est
567 2807 141 63 causa
661 2807 188 63 tendendi
801 2807 94 63 in
848 2807 141 63 minus
942 2807 141 63 esse:
1036 2807 125 63 quia
1114 2807 172 63 vterque
1239 2807 141 63 modus
1333 2807 109 63 est
1395 2807 172 63 tendere
1520 2807 94 63 in
1567 2807 203 63 defectum.
1724 2807 203 63 Similiter
1880 2807 141 63 sicut
1974 2807 109 63 non
2036 2807 109 63 est
2099 2807 188 63 obtentum

506 2868 199 70 appellare
659 2868 153 70 corpus
765 2868 183 70 materiam
903 2868 183 70 secundum
1041 2868 183 70 rationem
1178 2868 122 70 esse
1254 2868 183 70 corporei
1392 2868 153 70 absque
1499 2868 92 70 re
1545 2868 153 70 ipsius
1652 2868 138 70 forme
1743 2868 183 70 inclusae
1881 2868 92 70 in
1927 2868 168 70 ratione
2049 2868 199 70 corporis:
2187 2868 76 70 sic

509 2914 99 71 nec
566 2914 99 71 est
622 2914 170 71 obtentum
750 2914 113 71 quod
821 2914 113 71 fiat
891 2914 184 71 conuersio
1033 2914 85 71 in
1076 2914 113 71 tale
1147 2914 156 71 corpus.
1260 2914 142 71 maxime
1359 2914 99 71 cum
1416 2914 113 71 tale
1487 2914 113 71 esse
1558 2914 142 71 absque
1657 2914 85 71 re
1699 2914 142 71 ipsius
1798 2914 142 71 formae
1898 2914 99 71 non
1954 2914 99 71 est
2011 2914 156 71 praeter
2110 2914 142 71 materiam

513 2969 121 74 nisi
588 2969 136 74 ratio
679 2969 105 74 seu
739 2969 181 74 intentio
875 2969 136 74 pura.
965 2969 75 74 &
995 2969 105 74 sic
1055 2969 105 74 non
1116 2969 136 74 esset
1206 2969 196 74 conuersio
1357 2969 90 74 in
1402 2969 151 74 corpus
1508 2969 136 74 verum
1598 2969 151 74 reale:
1703 2969 105 74 sed
1764 2969 181 74 rationis
1899 2969 105 74 vel
1960 2969 226 74 intentionis
2125 2969 121 74 solum.

514 3023 194 74 Similiter
663 3023 134 74 sicut
753 3023 104 74 non
813 3023 104 74 est
872 3023 179 74 obtentum
1006 3023 194 74 appellare
1156 3023 149 74 corpus
1260 3023 179 74 materiam
1394 3023 104 74 cum
1454 3023 134 74 anima
1544 3023 194 74 rationali
1693 3023 164 74 inclusa
1812 3023 90 74 in
1857 3023 164 74 ratione
1976 3023 194 74 corporis:
2126 3023 104 74 sic
2170 3023 75 74 nec

510 3078 100 73 ab
560 3078 184 73 antiquo
694 3078 201 73 obtentum
845 3078 117 73 est
912 3078 234 73 communiter
1096 3078 134 73 quod
1179 3078 134 73 fiat
1263 3078 217 73 conuersio
1430 3078 100 73 in
1481 3078 134 73 tale
1564 3078 184 73 corpus:
1698 3078 100 73 vt
1748 3078 184 73 materia
1882 3078 151 73 panis
1982 3078 251 73 conuertatur
2183 3078 100 73 in

503 3127 198 80 materiam
652 3127 198 80 Christi:
801 3127 83 80 &
834 3127 149 80 forma
933 3127 149 80 panis
1032 3127 99 80 in
1081 3127 165 80 animam
1197 3127 198 80 Christi:
1345 3127 149 80 sicut
1444 3127 149 80 neque
1543 3127 132 80 quod
1626 3127 99 80 in
1675 3127 231 80 diuinitate
1857 3127 198 80 Christi.
2005 3127 132 80 Dico
2088 3127 116 80 non
2137 3127 116 80 solum
