2426 3734
141 266 111 95 vt
196 266 166 95 habet
307 266 148 95 esse
399 266 111 95 in
454 266 166 95 signo
565 266 277 95 determinato
786 266 184 95 organi
915 266 166 95 motus
1026 266 221 95 localis:
1192 266 129 95 per
1265 266 111 95 se
1321 266 166 95 tamen
1431 266 166 95 motum
1542 266 129 95 non
1616 266 129 95 est
1689 266 221 95 materia.
1837 266 92 95 Nec

136 348 251 75 similiter
329 348 174 75 totum
445 348 193 75 animal
580 348 135 75 est
657 348 174 75 motum
773 348 135 75 per
850 348 116 75 se
908 348 212 75 ratione
1063 348 251 75 materiae,
1256 348 290 75 quemadmodum
1488 348 251 75 contingit
1681 348 116 75 in
1739 348 155 75 motu
1816 348 116 75 gra-

131 408 137 54 uis
210 408 98 54 &
249 408 176 54 leuis
366 408 235 54 secundum
543 408 392 54 praedeterminata.
876 408 137 54 Non
954 408 157 54 enim
1052 408 196 54 animal
1189 408 176 54 motum
1306 408 255 54 localiter
1502 408 117 54 ex
1561 408 117 54 se
1620 408 196 54 mouens
1757 408 215 54 ratione

131 454 195 79 animae,
273 454 160 79 aeque
380 454 160 79 primo
487 454 89 79 &
522 454 124 79 per
593 454 107 79 se
647 454 195 79 mouetur
789 454 213 79 secundum
949 454 160 79 omnes
1055 454 178 79 partes
1180 454 160 79 suas.
1286 454 142 79 quod
1375 454 267 79 contingeret
1588 454 107 79 si
1642 454 107 79 ex
1695 454 107 79 se
1731 454 195 79 moueretur

140 507 123 77 per
211 507 105 77 se
263 507 193 77 ratione
403 507 228 77 materiae:
579 507 158 77 sicut
684 507 123 77 per
754 507 105 77 se
807 507 158 77 mouet
912 507 193 77 ratione
1052 507 193 77 animae.
1193 507 158 77 Graue
1298 507 140 77 enim
1385 507 105 77 ex
1438 507 105 77 se
1491 507 175 77 mouens
1613 507 105 77 se
1666 507 193 77 ratione
1789 507 140 77 formae

138 562 94 64 &
176 562 113 64 ex
233 562 113 64 se
289 562 170 64 motum
402 562 208 64 ratione
554 562 245 64 materiae,
742 562 170 64 aeque
856 562 132 64 per
931 562 113 64 se
988 562 94 64 &
1026 562 170 64 primo
1139 562 208 64 mouetur
1290 562 227 64 secundum
1460 562 170 64 omnes
1573 562 189 64 partes
1705 562 170 64 suas.
1819 562 94 64 &
1838 562 94 64 hoc

136 615 155 75 multo
239 615 173 75 verius
360 615 138 75 quam
447 615 155 75 graue
550 615 190 75 mouetur
688 615 121 75 per
758 615 242 75 violentiam
948 615 173 75 sursum
1068 615 242 75 aequaliter
1258 615 207 75 secundum
1414 615 155 75 omnes
1517 615 138 75 suas
1604 615 190 75 partes.
1725 615 207 75 Proiiciens

138 672 140 66 enim
225 672 175 66 graue,
347 672 297 66 principaliter
592 672 175 66 pellit
715 672 175 66 partem
837 672 140 66 quam
925 672 227 66 immediate
1099 672 192 66 tangit,
1239 672 87 66 &
1274 672 122 66 per
1344 672 315 66 continuationem
1607 672 105 66 ad
1659 672 157 66 illam
1764 672 157 66 simul
1852 672 87 66 pel

138 731 113 60 lit
203 731 162 60 alias.
316 731 146 60 forma
413 731 146 60 autem
510 731 162 60 grauis
624 731 162 60 mouens
737 731 227 60 aequaliter
915 731 146 60 mouet
1012 731 97 60 in
1061 731 194 60 qualibet
1206 731 146 60 parte
1304 731 162 60 grauis
1417 731 81 60 &
1449 731 210 60 materiae.
1611 731 113 60 Sed
1676 731 97 60 in
1725 731 130 60 motu
1805 731 162 60 anima-

130 774 128 81 lis
203 774 220 81 secundum
368 774 165 81 locum
477 774 165 81 anima
587 774 110 81 vt
642 774 220 81 existens
807 774 110 81 in
862 774 165 81 signo
971 774 274 81 determinato
1191 774 91 81 &
1228 774 274 81 requiescens
1447 774 110 81 in
1502 774 128 81 vna
1575 774 183 81 parte,
1703 774 183 81 pellit
1832 774 91 81 a
1850 774 73 81 se

134 832 172 70 aliam,
254 832 103 70 vt
306 832 258 70 requiescens
512 832 103 70 in
563 832 206 70 finistra
718 832 172 70 pellit
838 832 86 70 a
873 832 103 70 se
924 832 189 70 dextram
1062 832 172 70 versus
1182 832 223 70 anterius:
1354 832 86 70 &
1388 832 206 70 vicissim
1543 832 223 70 econuerso
1698 832 223 70 requiescens

133 879 109 69 in
187 879 182 69 dextra
315 879 219 69 secundum
479 879 164 69 modum
588 879 164 69 supra
698 879 255 69 expositum.
898 879 109 69 Et
953 879 128 69 sic
1026 879 164 69 licet
1135 879 128 69 per
1208 879 109 69 se
1263 879 182 69 mouens
1390 879 128 69 sit
1463 879 182 69 anima,
1591 879 128 69 hoc
1664 879 128 69 non
1737 879 128 69 est
1809 879 164 69 anima

136 947 220 58 secundum
301 947 128 58 se,
374 947 128 58 sed
447 947 110 58 vt
502 947 110 58 se
557 947 165 58 tenet
667 947 128 58 cum
740 947 165 58 parte
850 947 275 58 quiescente:
1070 947 128 58 per
1143 947 110 58 se
1198 947 165 58 autem
1308 947 165 58 motum
1418 947 128 58 non
1491 947 128 58 est
1565 947 147 58 nisi
1656 947 147 58 pars
1748 947 202 58 altera,
1876 947 55 58 &

141 982 124 85 hoc
212 982 230 85 vicissim.
389 982 195 85 Propter
531 982 142 85 quod
620 982 160 85 totum
726 982 177 85 animal
850 982 124 85 per
921 982 106 85 se
975 982 195 85 mouetur
1116 982 213 85 secundum
1276 982 195 85 partes,
1418 982 124 85 sed
1489 982 124 85 per
1560 982 213 85 accidens
1719 982 213 85 secundum
1861 982 71 85 to

140 1045 145 71 tum.
230 1045 90 71 &
266 1045 127 71 sic
339 1045 127 71 est
411 1045 253 71 diuisibile
610 1045 108 71 in
664 1045 145 71 duo:
754 1045 181 71 quorum
881 1045 145 71 vnum
971 1045 127 71 est
1044 1045 127 71 per
1116 1045 108 71 se
1170 1045 181 71 motum,
1297 1045 108 71 vt
1351 1045 127 71 est
1423 1045 181 71 aliqua
1550 1045 199 71 partium
1694 1045 145 71 eius
1784 1045 127 71 sub
1857 1045 108 71 in

135 1096 263 79 differentia
346 1096 140 79 modo
434 1096 123 79 vna
504 1096 140 79 modo
591 1096 193 79 altera:
732 1096 88 79 &
767 1096 158 79 aliud
872 1096 123 79 per
942 1096 105 79 se
995 1096 193 79 mouens,
1135 1096 105 79 vt
1188 1096 123 79 est
1258 1096 158 79 anima
1363 1096 210 79 existens
1521 1096 105 79 in
1574 1096 158 79 signo
1679 1096 246 79 quiescente
1872 1096 105 79 in

144 1152 145 76 parte
240 1152 177 76 altera.
369 1152 113 76 Sed
433 1152 129 76 quia
514 1152 113 76 non
578 1152 145 76 mouet
674 1152 129 76 nisi
755 1152 113 76 per
819 1152 193 76 alterius
964 1152 161 76 partis
1076 1152 193 76 quietem,
1221 1152 96 76 vt
1269 1152 177 76 dictum,
1398 1152 113 76 est
1462 1152 161 76 supra,
1574 1152 161 76 potest
1687 1152 129 76 dici
1767 1152 129 76 quod
1848 1152 113 76 per

141 1220 107 59 se
195 1220 179 59 mouens
320 1220 125 59 sit
392 1220 161 59 anima
499 1220 125 59 cum
571 1220 161 59 parte
678 1220 269 59 quiescente,
893 1220 143 59 quae
983 1220 125 59 per
1054 1220 107 59 se
1108 1220 179 59 potest
1234 1220 143 59 dici
1323 1220 179 59 moueri
1448 1220 197 59 ratione
1592 1220 179 59 animae
1717 1220 215 59 mouentis
1860 1220 72 59 vt

132 1266 110 62 in
187 1266 110 62 ea
241 1266 238 62 quiescit:
424 1266 274 62 quemadmodum
644 1266 256 62 sacramenta
845 1266 165 62 nouae
955 1266 165 62 legis
1065 1266 220 62 dicuntur
1230 1266 165 62 causa
1339 1266 220 62 gratiae:
1504 1266 146 62 quia
1596 1266 146 62 deus
1687 1266 110 62 vt
1742 1266 110 62 in
1797 1266 128 62 eis
1852 1266 73 62 ex

136 1324 178 68 istit,
261 1324 196 68 confert
403 1324 213 68 gratiam,
563 1324 213 68 secundum
723 1324 142 68 quod
812 1324 160 68 alibi
919 1324 267 68 exposuimus.
1132 1324 107 68 Et
1186 1324 231 68 econuerso
1364 1324 142 68 pars
1453 1324 142 68 mota
1542 1324 125 68 per
1613 1324 107 68 se
1666 1324 178 68 potest
1791 1324 142 68 dici
1862 1324 71 68 mo

136 1368 153 63 ueri
231 1368 210 63 ratione
384 1368 248 63 materiae.
574 1368 114 63 vt
632 1368 229 63 secundum
803 1368 133 63 hoc
879 1368 191 63 animal
1013 1368 114 63 ex
1070 1368 114 63 se
1127 1368 172 63 motum
1242 1368 210 63 dicatur
1394 1368 191 63 diuidi
1528 1368 114 63 in
1585 1368 153 63 duo:
1680 1368 191 63 quorum
1814 1368 153 63 vnum

135 1426 115 65 est
200 1426 115 65 per
266 1426 99 65 se
316 1426 181 65 mouens,
447 1426 115 65 sed
513 1426 115 65 hoc
579 1426 181 65 ratione
710 1426 197 65 alicuius
859 1426 132 65 quod
941 1426 115 65 est
1007 1426 99 65 in
1056 1426 99 65 eo
1105 1426 165 65 forma,
1220 1426 99 65 vt
1270 1426 115 65 est
1336 1426 165 65 altera
1451 1426 181 65 partium
1582 1426 148 65 eius:
1681 1426 82 65 &
1714 1426 181 65 alterum
1846 1426 115 65 par

141 1472 100 70 se
191 1472 167 70 motum:
308 1472 117 70 sed
375 1472 183 70 ratione
508 1472 200 70 alicuius
658 1472 133 70 quod
741 1472 117 70 est
808 1472 100 70 in
858 1472 100 70 eo
908 1472 200 70 materia,
1058 1472 100 70 vt
1108 1472 133 70 pars
1192 1472 200 70 reliqua,
1342 1472 83 70 &
1375 1472 117 70 hoc
1442 1472 217 70 vicissim.
1608 1472 117 70 Non
1675 1472 150 70 tamen
1775 1472 117 70 ita
1825 1472 100 70 prin

139 1524 240 77 cipaliter
323 1524 166 77 motum
434 1524 203 77 dicitur
582 1524 185 77 moueri
711 1524 203 77 ratione
859 1524 240 77 materiae,
1044 1524 166 77 sicut
1155 1524 185 77 mouens
1284 1524 203 77 dicitur
1432 1524 185 77 mouere
1561 1524 203 77 ratione
1709 1524 203 77 formae.
1839 1524 92 77 For

139 1576 101 72 ma
190 1576 135 72 enim
274 1576 118 72 est
342 1576 135 72 quae
426 1576 101 72 in
477 1576 237 72 quiescente
663 1576 203 72 existens
815 1576 287 72 principaliter
1052 1576 169 72 mouet:
1170 1576 118 72 non
1238 1576 152 72 autem
1339 1576 152 72 ipsum
1441 1576 237 72 quiescens:
1627 1576 118 72 ita
1694 1576 135 72 quod
1762 1576 169 72 dicendum

140 1632 141 71 est
220 1632 201 71 partem
361 1632 302 71 quiescentem
603 1632 201 71 mouere
744 1632 161 71 quia
844 1632 181 71 anima
965 1632 201 71 mouet,
1106 1632 101 71 &
1146 1632 141 71 non
1227 1632 282 71 econuerso.
1448 1632 262 71 Econuerso
1649 1632 181 71 autem
1750 1632 181 71 materia

144 1683 215 73 existens
305 1683 107 73 in
359 1683 143 73 moto
449 1683 125 73 non
520 1683 304 73 principaliter
771 1683 215 73 mouetur,
932 1683 125 73 sed
1004 1683 143 73 pars
1093 1683 107 73 in
1147 1683 125 73 qua
1219 1683 143 73 est:
1308 1683 125 73 ita
1380 1683 143 73 quod
1469 1683 215 73 dicendum
1631 1683 125 73 est
1702 1683 179 73 partem
1810 1683 125 73 totam

145 1743 124 79 per
216 1743 106 79 se
269 1743 194 79 moueri,
410 1743 88 79 &
446 1743 124 79 non
516 1743 230 79 materiam:
693 1743 141 79 nisi
781 1743 141 79 quia
869 1743 124 79 est
940 1743 106 79 in
993 1743 159 79 parte
1099 1743 88 79 &
1134 1743 194 79 aliquid
1276 1743 159 79 eius.
1382 1743 124 79 Per
1452 1743 106 79 se
1505 1743 141 79 enim
1593 1743 230 79 subiectum
1770 1743 159 79 motus
1858 1743 71 79 se

144 1794 193 70 cundum
279 1794 173 70 locum
394 1794 135 70 non
471 1794 135 70 est
548 1794 154 70 nisi
644 1794 250 70 subiectum
837 1794 231 70 existens
1010 1794 116 70 in
1068 1794 154 70 actu
1164 1794 347 70 dimensionatum.
1453 1794 135 70 Per
1530 1794 116 70 se
1588 1794 173 70 autem
1703 1794 173 70 agens
1799 1794 135 70 motum

139 1849 165 70 istum
249 1849 128 70 est
322 1849 147 70 ipse
413 1849 165 70 actus
523 1849 220 70 existens
688 1849 110 70 in
743 1849 165 70 parte
853 1849 275 70 quiescente.
1073 1849 147 70 Vnde
1165 1849 128 70 non
1238 1849 202 70 dicitur
1384 1849 147 70 pars
1476 1849 238 70 quiescens
1659 1849 183 70 mouere
1787 1849 128 70 per
1842 1849 92 70 ani

141 1901 138 71 mam
220 1901 177 71 sicut
338 1901 138 71 per
417 1901 334 71 instrumentum:
692 1901 295 71 quemadmodum
928 1901 216 71 dicitur
1085 1901 177 71 ignis
1203 1901 275 71 calefacere
1419 1901 216 71 calore:
1576 1901 138 71 sed
1655 1901 118 71 si
1694 1901 236 71 comparemus

137 1967 195 67 animam
274 1967 117 67 ad
333 1967 176 67 totum
450 1967 215 67 animal,
606 1967 117 67 vt
664 1967 137 67 est
742 1967 195 67 mouens
879 1967 98 67 &
918 1967 195 67 motum,
1054 1967 156 67 tunc
1152 1967 176 67 ipsum
1269 1967 195 67 animal
1405 1967 293 67 simpliciter
1639 1967 137 67 est
1717 1967 137 67 per
1795 1967 117 67 se
1834 1967 98 67 mo-

144 2003 142 77 uens
233 2003 107 77 vt
286 2003 160 77 agens
393 2003 267 77 principale:
606 2003 124 77 sed
677 2003 160 77 anima
784 2003 231 77 existente
962 2003 107 77 in
1015 2003 160 77 parte
1122 2003 249 77 quiescente
1317 2003 107 77 vt
1370 2003 267 77 instrumento
1584 2003 231 77 naturali,
1761 2003 160 77 licet
1850 2003 89 77 non

144 2060 128 85 sit
217 2060 128 85 per
290 2060 110 85 se
345 2060 183 85 motum,
473 2060 128 85 sed
547 2060 165 85 solum
657 2060 128 85 per
730 2060 202 85 partem,
876 2060 110 85 vt
931 2060 183 85 dictum
1060 2060 147 85 est.
1151 2060 202 85 TERtium
1298 2060 275 85 concedendum
1518 2060 147 85 est,
1609 2060 92 85 &
1646 2060 110 85 vt
1701 2060 220 85 arbitror
1847 2060 92 85 fir

131 2126 215 64 miter
250 2126 263 64 tenendum.

486 2152 146 87 Irca
577 2152 219 87 secundum
741 2152 237 87 arguitur,
923 2152 146 87 quod
1014 2152 201 87 materia
1160 2152 164 87 panis
1270 2152 146 87 post
1361 2152 292 87 conuersionem
1598 2152 201 87 maneat:
1744 2152 146 87 quia
1835 2152 128 87 non

485 2221 160 73 habet
592 2221 196 73 aliquid
735 2221 267 73 corrumpens,
948 2221 107 73 eo
1002 2221 143 73 quod
1091 2221 125 73 non
1162 2221 160 73 habet
1269 2221 267 73 contrarium:
1483 2221 89 73 &
1518 2221 143 73 tale
1607 2221 160 73 manet
1714 2221 107 73 eo
1768 2221 143 73 quod
1839 2221 89 73 est

483 2287 245 69 symbolum:
672 2287 151 69 quod
766 2287 113 69 in
823 2287 340 69 transmutatione
1106 2287 227 69 naturali
1276 2287 170 69 manet
1389 2287 113 69 eo
1446 2287 151 69 quod
1540 2287 132 69 non
1616 2287 170 69 habet
1710 2287 227 69 contrarium

486 2337 277 63 corrumpens.
707 2337 203 63 CONtra.
855 2337 148 63 tunc
948 2337 129 63 non
1022 2337 166 63 esset
1133 2337 240 63 conuersio
1318 2337 129 63 aut
1392 2337 407 63 transubstantiatio,
1743 2337 148 63 quod
1817 2337 111 63 fal-

490 2383 122 65 sum
559 2383 140 65 est.
647 2383 140 65 ergo
734 2383 122 65 &c.
804 2383 209 65 EIcendum
961 2383 140 65 quod
1048 2383 157 65 aliud
1152 2383 122 65 est
1222 2383 209 65 quaerere
1379 2383 157 65 vtrum
1484 2383 192 65 materia
1623 2383 174 65 maneat
1746 2383 140 65 post
1815 2383 105 65 com-

455 2435 268 83 uersionem,
666 2435 96 83 &
704 2435 172 83 vtrum
819 2435 211 83 aliquid
972 2435 192 83 maneat
1106 2435 230 83 absolute
1279 2435 115 83 in
1336 2435 134 83 hoc
1413 2435 287 83 sacramento.
1643 2435 249 83 Haeretici
1815 2435 115 83 enim

151 2487 185 74 aliqui
281 2487 130 74 non
355 2487 222 74 ponentes
522 2487 204 74 aliquam
670 2487 315 74 conuersionem,
930 2487 130 74 aut
1004 2487 445 74 transubstantiationem
1393 2487 167 74 fieri
1504 2487 111 74 in
1559 2487 130 74 hoc
1634 2487 278 74 sacramento,
1837 2487 93 74 po-

151 2554 182 60 nebant
278 2554 146 60 quod
369 2554 109 60 in
424 2554 127 60 hoc
497 2554 255 60 sacramento
697 2554 146 60 tota
788 2554 146 60 illa
879 2554 255 60 substantia
1079 2554 164 60 panis
1189 2554 164 60 manet
1298 2554 146 60 post
1389 2554 346 60 consecrationem.
1680 2554 218 60 Putabant
1826 2554 109 60 enim

151 2598 158 72 illud
257 2598 140 72 Luc.
344 2598 158 72 xxii.
449 2598 123 72 Hoc
519 2598 123 72 est
589 2598 175 72 corpus
712 2598 158 72 meum,
817 2598 298 72 spiritualiter
1062 2598 140 72 esse
1150 2598 315 72 intelligendum:
1413 2598 88 72 &
1448 2598 123 72 non
1518 2598 140 72 esse
1605 2598 123 72 sic
1675 2598 175 72 dictum
1798 2598 140 72 nisi
1868 2598 70 72 vt

155 2664 103 61 in
206 2664 155 61 signo
309 2664 86 61 &
344 2664 189 61 figura:
481 2664 137 61 moti
567 2664 103 61 ex
618 2664 137 61 hoc,
704 2664 137 61 quod
790 2664 120 61 cum
859 2664 206 61 Christus
1013 2664 206 61 dixisset
1168 2664 206 61 ludaeis.
1322 2664 155 61 Ioan.
1425 2664 120 61 vi.
1494 2664 137 61 Nisi
1580 2664 309 61 manducaueritis
1820 2664 103 61 car-

150 2696 115 84 nem
215 2696 148 84 filii
314 2696 198 84 hominis,
463 2696 82 84 &
496 2696 214 84 biberitis
661 2696 132 84 eius
743 2696 214 84 sanguinem
908 2696 115 84 &c.
974 2696 99 84 et
1023 2696 165 84 dictum
1139 2696 115 84 est
1205 2696 115 84 ei.
1271 2696 148 84 Durus
1369 2696 115 84 est
1435 2696 115 84 hic
1501 2696 165 84 sermo.
1617 2696 214 84 respondit
1782 2696 132 84 eis.
1848 2696 82 84 Spi

150 2753 150 82 ritus
250 2753 117 82 est
317 2753 117 82 qui
384 2753 234 82 viuificat:
568 2753 134 82 caro
651 2753 117 82 non
718 2753 184 82 prodest
851 2753 217 82 quicquam,
1018 2753 150 82 quasi
1118 2753 200 82 diceret,
1268 2753 200 82 quicquid
1419 2753 100 82 de
1469 2753 184 82 corpore
1602 2753 117 82 meo
1669 2753 83 82 &
1702 2753 200 82 sanguine
1853 2753 117 82 di-

151 2804 108 79 co
205 2804 289 79 intelligatis
440 2804 325 79 spiritualiter.
711 2804 126 79 Sed
783 2804 144 79 fide
873 2804 163 79 firma
982 2804 217 79 tenendum
1144 2804 126 79 est
1217 2804 108 79 in
1271 2804 253 79 sacramento
1469 2804 144 79 esse
1560 2804 163 79 verum
1668 2804 181 79 corpus
1776 2804 163 79 Christi

154 2879 146 62 sicut
251 2879 146 62 verba
348 2879 162 62 sonant
462 2879 162 62 quibus
575 2879 178 62 dicitur
705 2879 113 62 Hoc
769 2879 113 62 est
834 2879 162 62 corpus
948 2879 146 62 meum.
1045 2879 97 62 vt
1094 2879 113 62 non
1158 2879 113 62 sit
1223 2879 113 62 hic
1288 2879 178 62 veritas
1418 2879 146 62 sicut
1515 2879 97 62 in
1563 2879 130 62 solo
1644 2879 162 62 signo,
1758 2879 146 62 sicut
1839 2879 97 62 erat

150 2925 97 64 in
198 2925 243 64 sacramentis
393 2925 178 64 veteris
522 2925 162 64 legis.
636 2925 130 64 Vnde
717 2925 146 64 illud
814 2925 162 64 Matth.
927 2925 146 64 vlti.
1025 2925 194 64 Vobiscum
1171 2925 113 64 sum
1235 2925 146 64 vsque
1333 2925 97 64 ad
1381 2925 292 64 consummationem
1624 2925 194 64 saeculi,
1754 2925 178 64 intellige

159 2976 104 71 re
211 2976 191 71 debemus
350 2976 104 71 de
402 2976 208 71 veritate
558 2976 243 71 corporalis
749 2976 260 71 praesentiae
957 2976 104 71 in
1010 2976 260 71 sacramento,
1218 2976 104 71 vt
1270 2976 174 71 corpus
1392 2976 139 71 quid
1478 2976 122 71 est
1548 2976 122 71 vno
1617 2976 139 71 modo
1704 2976 191 71 essendi
1826 2976 104 71 prae

153 3027 145 79 sens
244 3027 236 79 solummodo
425 3027 109 79 in
480 3027 182 79 caelo,
607 3027 145 79 alio
698 3027 145 79 modo
789 3027 200 79 essendi
934 3027 218 79 praesens
1098 3027 164 79 nobis
1207 3027 127 79 est
1280 3027 109 79 in
1334 3027 273 79 sacramento.
1552 3027 91 79 &
1589 3027 127 79 hoc
1661 3027 109 79 in
1716 3027 218 79 veritate
1861 3027 73 79 ea

156 3077 134 76 dem
232 3077 211 76 eiusdem
386 3077 230 76 corporis
558 3077 211 76 essendo
711 3077 230 76 praesens
884 3077 134 76 ibi
960 3077 96 76 &
999 3077 153 76 hic.
1094 3077 153 76 quod
1190 3077 153 76 sola
1286 3077 153 76 fide
1382 3077 345 76 deprehenditur.
1669 3077 230 76 Secundum
1822 3077 115 76 enim

157 3133 145 95 quod
247 3133 163 95 dicit
356 3133 253 95 Augustinus
555 3133 163 95 ursum
663 3133 127 95 est
735 3133 217 95 dominus:
898 3133 163 95 tamen
1006 3133 127 95 hic
1079 3133 217 95 nobiscum
1241 3133 127 95 est
1314 3133 217 95 dominus.
1476 3133 181 95 Corpus
1603 3133 145 95 enim
1693 3133 108 95 in
1747 3133 127 95 quo
1801 3133 145 95 resur
