2444 3730
137 242 142 100 suam
226 242 232 100 materiam,
404 242 89 100 &
440 242 196 100 materia
582 242 142 100 ipsa
671 242 125 100 sic
743 242 178 100 vnitur
867 242 214 100 materiae
1028 242 214 100 corporis
1188 242 196 100 Christi
1330 242 107 100 vt
1384 242 142 100 fiat
1473 242 125 100 vna
1544 242 196 100 materia
1687 242 125 100 cum
1758 242 160 100 illa,
1847 242 89 100 vir

141 335 148 57 tute
233 335 185 57 diuina
362 335 203 57 vniente
510 335 222 57 materiam
676 335 166 57 panis
787 335 129 57 cum
860 335 203 57 materia
1008 335 222 57 corporis
1174 335 222 57 Christi:
1340 335 277 57 quemadmodum
1562 335 129 57 sit
1636 335 129 57 vna
1710 335 203 57 materia
1857 335 111 57 nu

150 384 184 68 trimenti
288 384 107 68 cum
349 384 169 68 materia
472 384 123 68 eius
549 384 123 68 quod
626 384 215 68 nutritur,:
795 384 230 68 conuersione
979 384 138 68 facta
1071 384 169 68 virtute
1194 384 169 68 agentis
1317 384 215 68 naturalis.
1486 384 107 68 Hoc
1547 384 107 68 non
1609 384 154 68 potest
1716 384 138 68 stare
1808 384 107 68 quo
1870 384 92 68 ad

146 443 168 66 primum
264 443 219 66 articulum
432 443 202 66 scilicet
584 443 135 66 quod
668 443 152 66 forma
769 443 152 66 panis
870 443 236 66 resoluatur
1055 443 101 66 in
1106 443 219 66 materiam:
1274 443 185 66 quoniam
1409 443 118 66 non
1476 443 118 66 est
1544 443 202 66 tenendum
1695 443 135 66 quod
1779 443 118 66 hic
1830 443 101 66 fiat

148 497 170 56 aliqua
267 497 272 56 transmutatio
488 497 136 56 nisi
573 497 187 56 virtute
708 497 221 56 verborum,
878 497 170 56 quibus
997 497 204 56 dicitur,
1150 497 119 56 Hoc
1218 497 119 56 est
1286 497 170 56 corpus
1405 497 153 56 meum,
1506 497 136 56 quae
1591 497 119 56 non
1659 497 187 56 signant
1778 497 153 56 conuer-

144 553 150 55 sionem
249 553 135 55 fieri
339 553 120 55 nisi
415 553 90 55 in
460 553 90 55 id
505 553 120 55 quid
580 553 241 55 demonstratur
775 553 105 55 per
836 553 90 55 ly
881 553 120 55 hoc.
956 553 135 55 Quare
1046 553 105 55 cum
1106 553 105 55 per
1166 553 90 55 ly
1211 553 105 55 hoc
1272 553 241 55 demonstratur
1467 553 226 55 vniformiter
1647 553 226 55 compositum,
1828 553 105 55 aut
1873 553 60 55 de

140 610 261 63 monstrationi
351 610 293 63 praesupponitur
596 610 114 63 non
661 610 114 63 tam
726 610 179 63 materia
856 610 147 63 panis
954 610 130 63 quam
1035 610 163 63 forma:
1149 610 244 63 vniformiter
1345 610 130 63 ergo
1426 610 114 63 sit
1491 610 212 63 conuersio
1654 610 114 63 tam
1719 610 195 63 materiae
1866 610 98 63 in

142 665 162 65 corpus
255 665 178 65 Christi
384 665 129 65 quam
465 665 178 65 formae.
594 665 113 65 Non
659 665 129 65 ergo
740 665 226 65 resoluitur
918 665 145 65 forma
1015 665 97 65 in
1063 665 210 65 materiam:
1225 665 113 65 nec
1290 665 194 65 vlterius
1435 665 178 65 materia
1564 665 145 65 panis
1661 665 97 65 in
1710 665 194 65 materiam
1839 665 81 65 cor

136 711 164 64 poris
245 711 200 64 Christi
391 711 200 64 vnitur:
536 711 127 64 sed
609 711 164 64 totum
718 711 291 64 conuertitur,
955 711 146 64 immo
1046 711 164 64 totum
1155 711 164 64 toto.
1265 711 164 64 Illud
1374 711 146 64 enim
1465 711 255 64 repugnaret
1665 711 182 64 formae
1774 711 146 64 verbo-

140 764 120 64 rum
208 764 120 64 qua
277 764 205 64 dicitur,
431 764 120 64 Hoc
499 764 120 64 est
567 764 171 64 corpus
687 764 154 64 meum.
790 764 171 64 Corpus
909 764 137 64 enim
995 764 103 64 vt
1046 764 171 64 dictum
1166 764 120 64 est
1234 764 120 64 non
1303 764 154 64 puram
1405 764 222 64 materiam,
1576 764 120 64 sed
1644 764 171 64 formam
1764 764 120 64 cum
1833 764 120 64 ma-

138 819 158 54 teria
244 819 193 54 signat.
384 819 123 54 Quo
455 819 105 54 ad
507 819 211 54 secundum
665 819 158 54 autem
771 819 246 54 articulum,
964 819 141 54 quod
1052 819 123 54 sit
1122 819 228 54 conuersio
1298 819 211 54 materiae
1456 819 158 54 panis
1561 819 105 54 in
1614 819 211 54 materiam
1754 819 176 54 corporis

140 870 166 60 Christi
261 870 166 60 manente
381 870 166 60 materia
502 870 151 60 panis,
608 870 106 60 sic
668 870 121 60 quod
743 870 106 60 vna
804 870 121 60 fiat
879 870 166 60 materia
1000 870 91 60 ex
1045 870 151 60 illis:
1151 870 241 60 inconueniens
1347 870 121 60 est.
1422 870 121 60 quia
1498 870 121 60 tunc
1573 870 226 60 sequaeretur
1754 870 121 60 quod
1814 870 106 60 Chri-

137 923 142 62 stus
226 923 195 62 materia
368 923 159 62 panis
474 923 248 62 adueniente
669 923 266 62 nutriretur,
882 923 124 62 aut
952 923 177 62 saltem
1076 923 248 62 augeretur,
1271 923 124 62 aut
1342 923 195 62 aliquid
1484 923 195 62 haberet
1626 923 195 62 virtute
1750 923 177 62 sacramen

134 985 101 64 ti
185 985 101 64 de
235 985 237 64 substantia
421 985 118 64 sua
489 985 135 64 quod
573 985 152 64 prius
675 985 118 64 non
742 985 186 64 habuit:
877 985 84 64 &
911 985 152 64 esset
1013 985 101 64 in
1063 985 135 64 ipso
1148 985 135 64 plus
1232 985 101 64 de
1283 985 186 64 materia
1418 985 135 64 quam
1503 985 169 64 prius:
1621 985 84 64 &
1655 985 118 64 sic
1722 985 169 64 semper
1824 985 101 64 toto

147 1032 180 67 tempore
278 1032 115 67 quo
343 1032 246 67 sacramentum
540 1032 115 67 hoc
606 1032 246 67 conficitur,
803 1032 180 67 materia
934 1032 180 67 Christi
1065 1032 148 67 esset
1164 1032 164 67 habens
1279 1032 131 67 plus
1361 1032 82 67 &
1394 1032 131 67 plus
1476 1032 98 67 in
1525 1032 246 67 substantia,
1722 1032 115 67 vel
1787 1032 180 67 aliquid

145 1093 131 59 quid
226 1093 147 59 prius
325 1093 114 59 non
390 1093 180 59 habuit,
521 1093 82 59 &
553 1093 147 59 esset
652 1093 180 59 mutatio
782 1093 164 59 realis
897 1093 98 59 ex
946 1093 114 59 hoc
1011 1093 229 59 sacramento
1191 1093 147 59 circa
1289 1093 213 59 Christum.
1453 1093 131 59 quod
1535 1093 98 59 vt
1584 1093 147 59 credo
1682 1093 229 59 haereticum
1845 1093 82 59 est

139 1138 181 58 dicere.
270 1138 132 58 ldeo
352 1138 181 58 videtur
484 1138 132 58 mihi
566 1138 132 58 esse
649 1138 197 58 dicendum
797 1138 132 58 quod
879 1138 132 58 tota
961 1138 230 58 substantia
1142 1138 165 58 panis,
1257 1138 82 58 &
1290 1138 197 58 secundum
1438 1138 214 58 materiam,
1603 1138 82 58 &
1636 1138 99 58 sm
1685 1138 165 58 formam
1784 1138 148 58 conuer-

136 1191 139 66 titur
228 1191 93 66 in
275 1191 155 66 corpus
383 1191 186 66 Christi,
523 1191 108 66 non
585 1191 124 66 ambo
662 1191 93 66 in
709 1191 186 66 materiam
848 1191 155 66 solam,
956 1191 108 66 nec
1018 1191 124 66 ambo
1096 1191 93 66 in
1142 1191 155 66 formam
1251 1191 155 66 solam:
1359 1191 124 66 quia
1436 1191 108 66 hoc
1498 1191 108 66 est
1560 1191 155 66 contra
1669 1191 155 66 formam
1777 1191 186 66 verborum

144 1248 161 62 quibus
257 1248 193 62 dicitur,
401 1248 113 62 Hoc
466 1248 113 62 est
530 1248 161 62 corpus
643 1248 145 62 meum.
739 1248 161 62 Corpus
852 1248 129 62 enim
932 1248 113 62 non
997 1248 161 62 signat
1109 1248 193 62 materiam
1254 1248 177 62 tantum,
1383 1248 113 62 nec
1447 1248 161 62 formam
1560 1248 177 62 tantum,
1689 1248 113 62 sed
1737 1248 193 62 compositum

133 1308 105 62 ex
185 1308 192 62 materia
325 1308 87 62 &
360 1308 175 62 forma,
482 1308 122 62 non
552 1308 157 62 forma
656 1308 105 62 in
709 1308 227 62 materiam,
883 1308 140 62 quia
971 1308 140 62 tunc
1058 1308 140 62 esse
1145 1308 175 62 formae
1267 1308 157 62 panis
1372 1308 262 62 innouaretur
1582 1308 227 62 quodammo,
1756 1308 105 62 vt
1791 1308 140 62 dictum

134 1354 120 63 est
203 1354 120 63 iam
271 1354 172 63 supra.
392 1354 258 63 Relinquitur
598 1354 137 63 ergo
684 1354 206 63 ponendum
838 1354 137 63 quod
924 1354 189 63 materia
1062 1354 155 63 panis
1165 1354 258 63 conuertatur
1371 1354 103 63 in
1423 1354 206 63 materiam
1577 1354 206 63 corporis
1732 1354 206 63 Christi:
1869 1354 52 63 &

142 1407 136 57 forma
233 1407 91 57 in
278 1407 167 57 formam,
399 1407 76 57 &
430 1407 121 57 quod
505 1407 167 57 neutrum
627 1407 167 57 illorum
748 1407 136 57 manet
839 1407 91 57 id
884 1407 121 57 quid
960 1407 121 57 erat
1035 1407 151 57 prius,
1141 1407 106 57 ita
1202 1407 136 57 tamen
1293 1407 121 57 quod
1369 1407 167 57 neutrum
1490 1407 136 57 eorum
1581 1407 167 57 desinat
1702 1407 121 57 esse
1762 1407 167 57 simplici-

141 1462 116 64 ter.
214 1462 116 64 immo
287 1462 174 64 vtrumque
417 1462 160 64 illorum
533 1462 189 64 desinendo
678 1462 116 64 esse
751 1462 87 64 id
794 1462 116 64 quid
867 1462 116 64 erat
939 1462 87 64 in
983 1462 102 64 se,
1041 1462 102 64 iam
1099 1462 189 64 conversum
1244 1462 102 64 est
1302 1462 87 64 in
1346 1462 145 64 aliud.
1447 1462 73 64 &
1476 1462 102 64 hoc
1534 1462 218 64 quemadmodum
1708 1462 131 64 dicit
1781 1462 145 64 Ausginus

136 1512 190 66 loquendo
278 1512 95 66 de
326 1512 237 66 conversione
515 1512 111 66 seu
579 1512 316 66 convertibilitate
847 1512 158 66 animae
958 1512 221 66 rationalis
1132 1512 95 66 in
1179 1512 174 66 corpus.
1306 1512 158 66 dicit,
1416 1512 95 66 nm
1464 1512 126 66 ante
1543 1512 142 66 finem
1638 1512 95 66 de
1685 1512 269 66 immortalitate

133 1571 178 59 animae.
262 1571 178 59 Videtur
392 1571 195 59 effectum
538 1571 130 59 esse
619 1571 292 59 ratiocinatione
862 1571 113 59 hac
927 1571 97 59 vt
976 1571 162 59 animus
1089 1571 97 59 ad
1138 1571 178 59 nihilum
1267 1571 211 59 peruenire
1430 1571 113 59 non
1494 1571 178 59 possit:
1624 1571 195 59 conuerti
1770 1571 146 59 autem
1867 1571 97 59 in

143 1624 160 67 corpus
255 1624 192 67 forsitan
399 1624 176 67 possit.
527 1624 96 67 Si
575 1624 128 67 enim
655 1624 128 67 quid
735 1624 128 67 erat
815 1624 160 67 animus
927 1624 96 67 in
975 1624 160 67 corpus
1088 1624 160 67 fuerit
1200 1624 208 67 effectum,
1360 1624 112 67 non
1424 1624 160 67 vtique
1536 1624 160 67 omnino
1648 1624 112 67 non
1712 1624 144 67 erit.
1808 1624 96 67 Et
1840 1624 80 67 sic

136 1675 100 63 sm
186 1675 133 63 quod
270 1675 150 63 dicit
369 1675 200 63 magister
519 1675 233 63 Guilielmus
702 1675 183 63 Altisi.
836 1675 150 63 panis
936 1675 183 63 transit
1069 1675 100 63 in
1119 1675 167 63 corpus
1235 1675 200 63 Christi,
1385 1675 117 63 ita
1452 1675 133 63 quod
1535 1675 150 63 nihil
1635 1675 100 63 de
1685 1675 133 63 pane
1751 1675 167 63 remaneat

136 1730 109 66 sed
199 1730 171 66 transit
323 1730 93 66 in
370 1730 93 66 id
416 1730 124 66 quid
494 1730 140 66 prius
587 1730 140 66 erat.
680 1730 93 66 in
727 1730 109 66 quo
789 1730 109 66 non
851 1730 249 66 annihilatur.
1054 1730 155 66 Quorum
1162 1730 187 66 vtrumque
1302 1730 124 66 bene
1380 1730 202 66 inuenitur
1535 1730 218 66 sigillatim
1706 1730 93 66 in
1737 1730 187 66 creaturis,

140 1779 147 77 licet
238 1779 114 77 non
303 1779 131 77 ambo
385 1779 163 77 simul.
499 1779 163 77 Primum
613 1779 147 77 enim,
711 1779 98 77 vt
760 1779 163 77 dicit,
874 1779 212 77 inuenitur
1038 1779 98 77 in
1086 1779 196 77 transitu
1233 1779 212 77 formarum,
1397 1779 131 77 quia
1478 1779 147 77 nihil
1576 1779 98 77 de
1625 1779 229 77 transeunte
1788 1779 131 77 manet.

138 1838 176 55 Secundum
270 1838 117 55 non,
343 1838 117 55 quia
417 1838 103 55 non
475 1838 103 55 sit
534 1838 190 55 transitus
680 1838 88 55 in
724 1838 88 55 id
768 1838 117 55 quid
841 1838 117 55 erat
915 1838 176 55 scilicet
1046 1838 103 55 quo
1105 1838 88 55 ad
1149 1838 117 55 eius
1222 1838 117 55 esse
1295 1838 190 55 completum
1442 1838 176 55 respectu
1574 1838 117 55 esse
1647 1838 117 55 eius
1720 1838 117 55 quod
1793 1838 103 55 non
1852 1838 103 55 ma-

139 1893 110 57 net
202 1893 94 57 in
249 1893 110 57 se,
312 1893 110 57 sed
375 1893 94 57 in
423 1893 142 57 alio:
517 1893 126 57 quid
596 1893 142 57 tamen
690 1893 142 57 prius
785 1893 110 57 non
848 1893 142 57 erat.
942 1893 173 57 propter
1068 1893 126 57 quod
1147 1893 110 57 non
1210 1893 252 57 annihilatur.
1414 1893 79 57 &
1446 1893 110 57 hoc
1509 1893 94 57 sm
1556 1893 189 57 ponentes
1698 1893 94 57 in
1745 1893 142 57 eodem
1824 1893 94 57 gra-

140 1945 116 69 dus
207 1945 200 69 formarum
357 1945 133 69 modo
440 1945 216 69 praedicto
606 1945 100 69 in
656 1945 233 69 quaestione
839 1945 100 69 de
889 1945 266 69 compositione
1105 1945 233 69 scientiae.
1288 1945 116 69 Cum
1355 1945 150 69 enim,
1454 1945 100 69 vt
1504 1945 166 69 dicit,
1621 1945 100 69 in
1671 1945 249 69 generatione
1853 1945 67 69 ho

137 2001 153 66 minis
239 2001 153 66 primo
341 2001 119 66 est
409 2001 187 66 materia
545 2001 119 66 sub
613 2001 136 66 vili
698 2001 170 66 forme.
817 2001 204 66 scilicet
970 2001 119 66 sub
1039 2001 153 66 forma
1141 2001 204 66 seminis:
1294 2001 170 66 postea
1413 2001 187 66 recipit
1549 2001 204 66 meliorem
1702 2001 170 66 formam
1821 2001 136 66 quo-

139 2051 148 72 usque
237 2051 231 72 habilitata
419 2051 115 72 sit
485 2051 280 72 habilitatione
715 2051 165 72 vltima
831 2051 132 72 siue
913 2051 280 72 organizatione
1144 2051 99 72 ad
1193 2051 247 72 receptionem
1391 2051 181 72 animae,
1523 2051 115 72 ibi
1588 2051 231 72 manifestum
1770 2051 115 72 est
1819 2051 99 72 quod

150 2107 150 57 forma
251 2107 184 57 transit
384 2107 100 57 in
434 2107 184 57 formam:
568 2107 84 57 &
602 2107 150 57 tamen
702 2107 150 57 nihil
802 2107 100 57 de
852 2107 150 57 forma
953 2107 234 57 transeunte
1136 2107 201 57 remanet.
1287 2107 201 57 Secundum
1437 2107 134 57 vero
1521 2107 217 57 inuenitur
1688 2107 100 57 in
1721 2107 201 57 nutrimento

134 2157 255 58 Nutrimentum
338 2157 136 58 enim
423 2157 187 58 transit
559 2157 102 58 in
611 2157 170 58 corpus
730 2157 136 58 quid
815 2157 153 58 erat,
917 2157 119 58 sed
985 2157 170 58 primum
1104 2157 119 58 non
1172 2157 238 58 inuenitur:
1359 2157 136 58 quod
1444 2157 187 58 aliquid
1581 2157 102 58 de
1632 2157 238 58 nutrimento
1802 2157 119 58 relin

143 2212 166 62 quitur
260 2212 100 62 in
310 2212 200 62 nutrito.
459 2212 133 62 Vnde
543 2212 133 62 ista
626 2212 116 62 duo
692 2212 150 62 simul
792 2212 116 62 non
859 2212 249 62 inueniuntur
1058 2212 100 62 in
1108 2212 200 62 naturis,
1258 2212 116 62 sed
1324 2212 100 62 in
1374 2212 266 62 differentiis
1590 2212 116 62 quo
1657 2212 100 62 ad
1690 2212 233 62 conversionem

135 2269 177 59 dictam:
264 2269 80 59 &
296 2269 113 59 fit
360 2269 129 59 illa
441 2269 209 59 conuersio
602 2269 129 59 sic,
682 2269 129 59 quod
762 2269 97 59 in
811 2269 129 59 toto
891 2269 177 59 tempore
1020 2269 241 59 prolationis
1213 2269 193 59 verborum
1358 2269 225 59 substantia
1535 2269 145 59 panis
1631 2269 113 59 est
1696 2269 97 59 id
1744 2269 129 59 quid
1808 2269 113 59 prius

140 2319 128 64 erat
220 2319 96 64 in
268 2319 112 64 se,
332 2319 112 64 sed
396 2319 96 64 in
444 2319 160 64 vltimo
557 2319 192 64 instanti
701 2319 192 64 conuersa
845 2319 112 64 est
909 2319 96 64 in
957 2319 144 64 aliud
1054 2319 112 64 non
1118 2319 160 64 manens
1230 2319 176 64 aliquid
1358 2319 128 64 quid
1438 2319 128 64 ipsa
1518 2319 144 64 prius
1614 2319 144 64 erat,
1711 2319 112 64 aut
1775 2319 128 64 quod
1839 2319 80 64 iam

144 2373 134 68 facta
234 2373 119 68 est,
308 2373 104 68 sed
368 2373 149 68 tantum
472 2373 134 68 manet
561 2373 89 68 in
606 2373 149 68 alique
711 2373 179 68 scilicet
845 2373 89 68 in
889 2373 119 68 quod
964 2373 104 68 iam
1024 2373 179 68 conuersa
1158 2373 119 68 est.
1232 2373 89 68 Et
1277 2373 179 68 conuenit
1411 2373 119 68 ista
1486 2373 239 68 transmutatio
1679 2373 104 68 cum
1739 2373 134 68 aliis
1829 2373 119 68 quod

140 2423 114 66 est
205 2423 97 66 in
253 2423 97 66 ea
302 2423 130 66 ordo
383 2423 146 66 huius
480 2423 130 66 post
562 2423 130 66 hoc,
643 2423 146 66 sicut
740 2423 81 66 &
772 2423 97 66 in
821 2423 162 66 aliis.
935 2423 114 66 Est
999 2423 130 66 enim
1081 2423 114 66 sub
1145 2423 146 66 illis
1243 2423 211 66 speciebus
1405 2423 162 66 corpus
1518 2423 178 66 Christi
1648 2423 195 66 postquam
1794 2423 114 66 sub
1843 2423 81 66 eis

141 2484 130 62 fuit
222 2484 162 62 corpus
336 2484 162 62 panis,
449 2484 146 62 sicut
547 2484 97 62 in
596 2484 211 62 creatione
758 2484 97 62 id
807 2484 130 62 quod
888 2484 146 62 prius
985 2484 114 62 non
1050 2484 114 62 est
1115 2484 162 62 postea
1229 2484 130 62 est:
1310 2484 81 62 &
1343 2484 97 62 in
1391 2484 244 62 generatione
1586 2484 130 62 quid
1667 2484 146 62 prius
1765 2484 114 62 est
1814 2484 97 62 aer,

147 2534 151 65 postea
252 2534 105 65 est
313 2534 151 65 ignis.
418 2534 90 65 Et
463 2534 181 65 conuenit
598 2534 120 65 ista
674 2534 196 65 conversio
824 2534 105 65 cum
884 2534 211 65 creatione,
1050 2534 120 65 quia
1125 2534 90 65 in
1170 2534 151 65 neutra
1276 2534 105 65 est
1336 2534 166 65 aliquid
1456 2534 166 65 commune
1577 2534 196 65 subiectum
1712 2534 211 65 praeexistens

142 2589 102 68 in
193 2589 170 68 actum,
312 2589 85 68 &
346 2589 237 68 subsistens
532 2589 187 68 ambobus
668 2589 221 68 terminis.
837 2589 102 68 In
888 2589 119 68 quo
956 2589 136 68 ambo
1041 2589 221 68 differunt
1211 2589 85 68 a
1245 2589 305 68 transmutatione
1499 2589 204 68 naturali
1652 2589 136 68 quae
1736 2589 119 68 non
1804 2589 119 68 est
1855 2589 68 68 si

136 2641 101 65 ne
187 2641 185 65 communi
321 2641 219 65 subiecto.
490 2641 185 65 Propter
624 2641 135 65 quod
708 2641 118 65 cum
776 2641 185 65 dicitur
910 2641 101 65 in
961 2641 252 65 generatione
1163 2641 219 65 naturali,
1331 2641 135 65 quid
1415 2641 151 65 prius
1516 2641 135 65 erat
1600 2641 151 65 aliud
1701 2641 135 65 modo
1785 2641 118 65 est
1836 2641 84 65 hoc

139 2704 95 60 ly
187 2704 127 60 quod
266 2704 190 60 supponit
409 2704 111 60 pro
472 2704 190 60 subiecto
615 2704 190 60 communi.
758 2704 111 60 Cum
821 2704 127 60 vero
901 2704 175 60 dicitur
1028 2704 95 60 in
1075 2704 222 60 creatione,
1250 2704 127 60 quid
1329 2704 143 60 prius
1424 2704 111 60 non
1488 2704 127 60 erat
1567 2704 111 60 nec
1630 2704 127 60 est,
1710 2704 95 60 ly
1757 2704 127 60 quod
1837 2704 111 60 sup

143 2748 137 78 ponit
234 2748 107 78 pro
295 2748 198 78 essentia:
447 2748 122 78 quae
524 2748 107 78 est
585 2748 137 78 quasi
676 2748 168 78 commune
798 2748 91 78 ad
844 2748 122 78 esse
920 2748 76 78 &
950 2748 91 78 ad
996 2748 107 78 non
1057 2748 137 78 esse.
1148 2748 107 78 Cum
1209 2748 137 78 autem
1301 2748 168 78 dicitur
1422 2748 91 78 in
1468 2748 122 78 ista
1544 2748 244 78 conversione,
1742 2748 122 78 quid
1803 2748 107 78 prius

143 2813 141 53 erat
231 2813 246 53 substantia
425 2813 158 53 panis
530 2813 141 53 modo
618 2813 229 53 conversum
794 2813 123 53 est
865 2813 106 53 in
917 2813 176 53 corpus
1041 2813 211 53 Christi,
1199 2813 106 53 lv
1252 2813 141 53 quod
1340 2813 158 53 primo
1445 2813 211 53 supponit
1603 2813 264 53 substantiam
1797 2813 123 53 panis

144 2856 121 76 pro
213 2856 241 76 substantia
402 2856 155 76 panis
506 2856 207 76 secundum
661 2856 121 76 se:
729 2856 189 76 secundo
867 2856 207 76 supponit
1022 2856 258 76 substantiam
1229 2856 155 76 panis
1332 2856 121 76 non
1401 2856 121 76 pro
1470 2856 241 76 substantia
1660 2856 172 76 panis,
1780 2856 121 76 sed
1832 2856 86 76 pro

141 2918 97 60 eo
189 2918 97 60 in
238 2918 129 60 quod
319 2918 113 60 est
383 2918 210 60 conuersa:
545 2918 129 60 quid
626 2918 113 60 est
691 2918 162 60 corpus
804 2918 194 60 Christi,
950 2918 81 60 &
982 2918 113 60 non
1047 2918 113 60 est
1111 2918 226 60 substantia
1289 2918 162 60 panis.
1402 2918 97 60 Et
1451 2918 113 60 sic
1516 2918 146 60 sicut
1613 2918 97 60 in
1661 2918 210 60 creatione
1823 2918 97 60 de
1855 2918 65 60 eo

145 2966 115 66 quod
217 2966 101 66 est
274 2966 129 66 nihil
360 2966 86 66 in
404 2966 201 66 existentia
562 2966 173 66 actuali,
691 2966 101 66 sit
749 2966 173 66 aliquid:
878 2966 101 66 sic
936 2966 86 66 in
979 2966 101 66 hac
1037 2966 216 66 conuersione
1209 2966 86 66 id
1252 2966 115 66 quid
1324 2966 101 66 est
1382 2966 158 66 aliquid
1497 2966 173 66 secundum
1626 2966 101 66 se:
1684 2966 216 66 convertitur
1856 2966 86 66 in

135 3018 178 59 aliud:
260 3018 125 59 nec
331 3018 125 59 fit
403 3018 267 59 annihilatio
617 3018 160 59 eius:
724 3018 125 59 non
795 3018 160 59 tamen
902 3018 214 59 mediante
1062 3018 178 59 aliquo
1187 3018 143 59 eius
1276 3018 143 59 quod
1365 3018 160 59 prius
1472 3018 107 59 in
1526 3018 107 59 se
1579 3018 160 59 erat.
1686 3018 107 59 Et
1722 3018 196 59 differunt

145 3072 267 71 specialiter
358 3072 107 71 in
412 3072 124 71 hoc
483 3072 195 71 termini
625 3072 160 71 huius
732 3072 284 71 conuersionis
963 3072 89 71 &
998 3072 284 71 generationis
1229 3072 249 71 naturalis:
1425 3072 142 71 quod
1513 3072 107 71 in
1567 3072 124 71 hac
1638 3072 267 71 conuersione
1833 3072 89 71 ter

140 3127 165 77 minus
250 3127 202 77 transit
397 3127 110 77 in
452 3127 239 77 terminum,
635 3127 110 77 vt
691 3127 165 77 panis
801 3127 110 77 in
856 3127 184 77 corpus
984 3127 220 77 Christi:
1150 3127 129 77 ibi
1223 3127 147 77 vero
1315 3127 129 77 non
1388 3127 202 77 transit
1535 3127 220 77 terminus
1701 3127 110 77 in
1737 3127 184 77 terminum
