2460 3706
532 208 152 86 corpus
638 208 137 86 meum,
730 208 137 86 patet
821 208 122 86 quod
897 208 137 86 aprta
988 208 107 86 est
1049 208 259 86 contradictio.
1262 208 107 86 Cum
1323 208 122 86 enim
1399 208 91 86 vt
1445 208 152 86 dictum
1551 208 107 86 est
1612 208 137 86 verba
1703 208 122 86 ista
1779 208 107 86 non
1840 208 137 86 solum
1932 208 122 86 sunt
2008 208 274 86 significatiua:
2236 208 107 86 sed

528 288 82 62 &
560 288 214 62 effectiua
725 288 132 62 eius
808 288 132 62 quod
890 288 264 62 significant:
1104 288 99 62 si
1154 288 132 62 ergo
1236 288 115 62 per
1302 288 132 62 illa
1384 288 165 62 verba,
1500 288 115 62 Hic
1566 288 115 62 est
1631 288 148 62 calix
1730 288 214 62 sanguinis
1895 288 132 62 mei,
1977 288 264 62 significatur
2175 288 132 62 conuer

523 336 106 68 sio
583 336 121 68 vini
659 336 91 68 in
704 336 211 68 sanguinem,
870 336 136 68 sicut
961 336 106 68 per
1021 336 136 68 illa,
1112 336 106 68 Hoc
1172 336 106 68 est
1233 336 151 68 corpus
1338 336 136 68 meum,
1429 336 242 68 significatur
1625 336 196 68 conuersio
1776 336 136 68 panis
1867 336 91 68 in
1912 336 151 68 corpus
2018 336 181 68 Christi:
2154 336 121 68 ergo
2214 336 91 68 illa

525 400 227 57 efficiunt
699 400 279 57 conuersionem
926 400 139 57 vini
1013 400 105 57 in
1065 400 244 57 sanguinem,
1257 400 157 57 sicut
1361 400 139 57 ista
1449 400 157 57 panis
1553 400 105 57 in
1606 400 192 57 corpus.
1745 400 139 57 Quia
1832 400 105 57 si
1885 400 139 57 sic,
1972 400 174 57 nullum
2094 400 139 57 ergo
2164 400 139 57 verbo-

530 441 136 69 rum
607 441 330 69 consequentium
879 441 136 69 est
957 441 116 69 de
1015 441 175 69 forma
1131 441 116 69 vt
1190 441 194 69 dictum
1325 441 155 69 est.
1423 441 252 69 ARgumenta
1617 441 136 69 pro
1694 441 97 69 &
1733 441 194 69 contra
1869 441 136 69 non
1947 441 194 69 habent
2063 441 233 69 efficaciam

522 502 140 59 nisi
609 502 263 59 probabilem,
819 502 158 59 maior
924 502 158 59 tamen
1029 502 228 59 efficacia
1204 502 193 59 videtur
1344 502 140 59 esse
1432 502 105 59 in
1484 502 158 59 primo
1589 502 140 59 quam
1677 502 105 59 in
1729 502 210 59 secundo,
1887 502 140 59 quia
1974 502 210 59 procedit
2114 502 175 59 secundum

522 551 330 68 pertractationem
799 551 122 68 iam
869 551 191 68 dictam,
1008 551 208 68 probando
1164 551 139 68 quod
1251 551 104 68 in
1303 551 156 68 illis
1407 551 156 68 solis
1511 551 191 68 verbis,
1650 551 122 68 Hic
1720 551 122 68 est
1789 551 156 68 calix
1893 551 226 68 sanguinis
2067 551 139 68 mei,
2154 551 122 68 sit
2206 551 104 68 tota

518 619 179 51 forma.
644 619 179 51 Potest
769 619 161 51 tamen
876 619 251 51 responderi
1074 619 108 51 ad
1127 619 197 51 medium,
1271 619 125 51 cum
1342 619 215 51 dicitur:
1504 619 143 51 nisi
1593 619 108 51 in
1647 619 125 51 his
1719 619 179 51 verbis
1844 619 161 51 forma
1952 619 287 51 consisteret,
2167 619 143 51 falsus

527 656 148 68 esset
625 656 148 68 sermo
723 656 148 68 ille,
822 656 115 68 Hic
888 656 115 68 est
953 656 148 68 calix
1052 656 213 68 sanguinis
1216 656 131 68 mei.
1298 656 131 68 quia
1380 656 98 68 in
1429 656 197 68 veritate
1577 656 115 68 non
1642 656 148 68 esset
1741 656 115 68 ibi
1806 656 180 68 sanguis
1938 656 148 68 ipsis
2036 656 213 68 prolatis.
2200 656 98 68 Et
2233 656 82 68 est

523 709 204 61 dicendum:
680 709 125 61 quod
759 709 188 61 secundum
900 709 125 61 quod
978 709 141 61 alias
1072 709 157 61 dictum
1182 709 125 61 est,
1260 709 78 61 &
1292 709 110 61 iam
1354 709 157 61 tactum
1464 709 110 61 est
1527 709 141 61 supra
1621 709 94 61 de
1668 709 141 61 forma
1762 709 188 61 verborum
1903 709 94 61 in
1950 709 267 61 consecratione
2154 709 157 61 corporis

526 770 100 63 Iy
576 770 117 63 hoc
643 770 117 63 non
710 770 233 63 demonstrat
893 770 183 63 aliquid
1026 770 117 63 pro
1092 770 183 63 tempore
1226 770 133 63 suae
1309 770 266 63 prolationis,
1525 770 117 63 sed
1592 770 117 63 pro
1659 770 183 63 termino
1792 770 250 63 prolationis
1992 770 167 63 totius
2108 770 216 63 sermonis:
2258 770 50 63 &

532 826 219 56 secundum
696 826 128 56 hoc
769 826 237 56 veritatem
952 826 164 56 habet
1061 826 146 56 ille
1152 826 183 56 sermo,
1280 826 128 56 Hoc
1353 826 128 56 est
1426 826 183 56 corpus
1554 826 164 56 meum.
1663 826 128 56 Sic
1736 826 146 56 dico
1828 826 110 56 in
1882 826 256 56 proposito,
2083 826 146 56 quod
2156 826 146 56 demon-

526 869 166 75 strat
636 869 129 75 lIy
710 869 129 75 hic
784 869 129 75 non
858 869 258 75 protempore
1061 869 111 75 in
1116 869 129 75 quo
1190 869 258 75 profertur:
1393 869 129 75 nec
1467 869 166 75 solum
1578 869 129 75 pro
1651 869 203 75 tempore
1799 869 111 75 in
1855 869 129 75 quo
1928 869 240 75 profertur
2113 869 185 75 illud,
2224 869 92 75 Hic

533 926 121 66 est
602 926 155 66 calix
705 926 224 66 sanguinis
877 926 138 66 mei,
963 926 121 66 sed
1032 926 155 66 etiam
1135 926 121 66 pro
1204 926 189 66 tempore
1342 926 103 66 in
1394 926 121 66 quo
1462 926 224 66 profertur
1635 926 155 66 totum
1738 926 224 66 residuum.
1910 926 103 66 Et
1962 926 224 66 similiter
2134 926 138 66 quod
2203 926 103 66 ille

525 982 177 64 sermo,
649 982 124 64 Hic
720 982 124 64 est
790 982 159 64 calix
896 982 229 64 sanguinis
1073 982 141 64 mei,
1161 982 124 64 non
1231 982 247 64 significat
1426 982 88 64 &
1461 982 194 64 asserit
1602 982 194 64 aliquid
1743 982 124 64 pro
1814 982 194 64 tempore
1955 982 106 64 in
2008 982 124 64 quo
2079 982 141 64 ipse
2149 982 159 64 profer-

531 1049 121 50 tur
600 1049 225 50 praecise,
773 1049 121 50 sed
843 1049 121 50 pro
912 1049 139 50 toto
999 1049 191 50 tempore
1138 1049 104 50 in
1190 1049 121 50 quo
1259 1049 139 50 ipse
1346 1049 121 50 cum
1415 1049 139 50 toto
1502 1049 191 50 residuo
1641 1049 243 50 profertur.
1831 1049 121 50 Vel
1901 1049 173 50 potest
2022 1049 139 50 dici
2109 1049 139 50 quod
2196 1049 104 50 ly
2230 1049 87 50 hic

528 1095 120 57 non
597 1095 241 57 demonstrat
786 1095 138 57 nisi
872 1095 258 57 substantiam
1078 1095 155 57 vini,
1182 1095 103 57 vt
1233 1095 120 57 est
1302 1095 189 57 aliquid
1440 1095 138 57 quod
1526 1095 120 57 est
1594 1095 103 57 in
1646 1095 103 57 se
1698 1095 155 57 vsque
1801 1095 103 57 ad
1852 1095 258 57 prolationem
2059 1095 189 57 totius:
2197 1095 86 57 &
2214 1095 103 57 toto

539 1137 183 79 prolato
672 1137 233 79 demonstrat
855 1137 216 79 sanguinem
1022 1137 200 79 Christi,
1171 1137 83 79 &
1205 1137 150 79 vinum
1304 1137 116 79 non
1371 1137 133 79 nisi
1454 1137 116 79 pro
1521 1137 100 79 eo
1571 1137 133 79 quid
1654 1137 150 79 habet
1754 1137 133 79 esse
1837 1137 100 79 in
1887 1137 150 79 illo,
1986 1137 150 79 sicut
2086 1137 116 79 iam
2153 1137 150 79 supra
2252 1137 100 79 di

534 1193 146 66 ctum
625 1193 128 66 est
698 1193 110 66 de
753 1193 329 66 demonstratione
1027 1193 110 66 ly
1082 1193 128 66 hoc
1155 1193 164 66 circa
1265 1193 274 66 substantiam
1484 1193 183 66 panis.
1612 1193 91 66 &
1648 1193 219 66 secundum
1813 1193 128 66 hoc
1886 1193 164 66 verba
1995 1193 146 66 illa
2087 1193 164 66 prima
2178 1193 128 66 nihil

535 1255 261 57 significant
743 1255 122 57 vel
813 1255 209 57 asserunt
970 1255 209 57 perfecte
1126 1255 157 57 vsque
1230 1255 104 57 ad
1283 1255 261 57 prolationem
1491 1255 191 57 totius:
1631 1255 87 57 &
1665 1255 139 57 ideo
1752 1255 122 57 nec
1822 1255 157 57 prius
1926 1255 191 57 aliquid
2065 1255 244 57 efficiunt.
2239 1255 70 57 AD

538 1301 193 62 secundum
683 1301 129 62 quod
763 1301 145 62 Lucas
860 1301 177 62 aliquid
989 1301 177 62 apponit
1118 1301 129 62 quod
1198 1301 113 62 non
1263 1301 161 62 posuit
1376 1301 145 62 alius
1472 1301 258 62 euangelista:
1682 1301 113 62 qui
1746 1301 145 62 ponit
1843 1301 193 62 praecise
1988 1301 129 62 illa
2068 1301 161 62 verba.
2181 1301 113 62 Hic
2229 1301 81 62 est

531 1350 150 71 calix
631 1350 217 71 sanguinis
798 1350 133 71 mei.
881 1350 200 71 Dicendum
1031 1350 133 71 quod
1115 1350 133 71 etsi
1198 1350 183 71 aliquid
1331 1350 200 71 apposuit
1482 1350 167 71 Lucas,
1598 1350 117 71 hoc
1665 1350 117 71 non
1732 1350 150 71 fecit
1832 1350 100 71 ad
1882 1350 250 71 exprimendum
2082 1350 183 71 aliquid
2215 1350 133 71 quid

539 1405 140 86 erat
627 1405 105 86 de
680 1405 176 86 forma,
803 1405 123 86 sed
873 1405 176 86 potius
996 1405 228 86 pertinens
1172 1405 105 86 ad
1224 1405 281 86 expositionem
1453 1405 211 86 virtutis
1611 1405 88 86 &
1646 1405 246 86 efficaciae
1839 1405 263 86 sacramenti,
2050 1405 105 86 vt
2102 1405 176 86 dictum
2208 1405 105 86 est.

873 1503 138 72 Irca
959 1503 190 72 quartum
1097 1503 225 72 arguitur:
1270 1503 138 72 quod
1356 1503 121 72 cum
1426 1503 138 72 voto
1512 1503 276 72 virginitatis
1737 1503 259 72 simpliciter
1944 1503 121 72 non
2013 1503 138 72 stat
2099 1503 155 72 verum
2203 1503 86 72 &
2220 1503 104 72 per-

872 1564 159 66 fectum
983 1564 254 66 matrimonium,
1190 1564 127 66 quia
1269 1564 175 66 tradens
1396 1564 159 66 marito
1508 1564 222 66 potestatem
1682 1564 159 66 plenam
1794 1564 111 66 sui
1857 1564 207 66 corporis:
2016 1564 207 66 consentit
2175 1564 95 66 in
2207 1564 111 66 carna

871 1619 125 68 lem
943 1619 215 68 copulam:
1104 1619 143 68 quia
1194 1619 108 68 ad
1248 1619 161 68 illam
1355 1619 197 68 tradunt
1498 1619 197 68 corpora
1642 1619 125 68 sua
1714 1619 108 68 in
1767 1619 251 68 matrimonio
1964 1619 161 68 mutuo
2072 1619 161 68 inter
2180 1619 108 68 se
2215 1619 108 68 con-

872 1681 243 61 trahentes.
1063 1681 122 61 hoc
1132 1681 156 61 autem
1237 1681 209 61 repugnat
1393 1681 139 61 voto
1480 1681 278 61 virginitatis
1706 1681 278 61 simpliciter.
1932 1681 191 61 dicente
2071 1681 174 61 Hiero.
2175 1681 139 61 Vouen-

873 1726 158 72 tibus
979 1726 123 72 non
1049 1726 158 72 solum
1155 1726 193 72 nubere,
1295 1726 123 72 sed
1365 1726 158 72 velle
1471 1726 176 72 nubere
1594 1726 228 72 damnabile
1769 1726 141 72 est.
1857 1726 123 72 sed
1928 1726 123 72 sic
1998 1726 176 72 tradit
2103 1726 211 72 potestatem

842 1769 146 77 sui
925 1769 250 77 corporis
1113 1769 208 77 marito
1258 1769 291 77 contrahens
1487 1769 187 77 verum
1612 1769 104 77 &
1653 1769 270 77 perfectum
1861 1769 333 77 matrimonium.
2132 1769 166 77 ergo
2215 1769 104 77 &c.

553 1835 263 67 Contrarium
760 1835 207 67 apparet
910 1835 113 67 in
967 1835 132 67 dei
1042 1835 244 67 genitrice
1230 1835 207 67 virgine
1380 1835 188 67 Maria:
1512 1835 150 67 quae
1606 1835 169 67 verum
1719 1835 94 67 &
1756 1835 244 67 perfectum
1944 1835 282 67 matrimonium
2151 1835 169 67 contra-

545 1891 116 66 xit
612 1891 116 66 cum
678 1891 182 66 loseph,
810 1891 83 66 &
844 1891 166 66 habuit
960 1891 149 66 votum
1059 1891 265 66 virginitatis
1274 1891 265 66 simpliciter.
1490 1891 116 66 HIC
1556 1891 149 66 solet
1655 1891 215 66 distingui
1821 1891 99 66 de
1871 1891 182 66 tempore
2003 1891 166 66 emissi
2119 1891 149 66 voti.
2219 1891 133 66 quia

551 1947 110 67 aut
614 1947 172 67 emissum
739 1947 110 67 est
802 1947 125 67 ante
880 1947 235 67 matrimonium
1068 1947 235 67 contractum,
1255 1947 110 67 aut
1318 1947 141 67 post.
1412 1947 94 67 Et
1459 1947 156 67 dicunt
1568 1947 125 67 quod
1646 1947 94 67 si
1693 1947 141 67 primo
1787 1947 125 67 modo
1865 1947 110 67 (ut
1928 1947 156 67 dicunt
2037 1947 172 67 aliqui)
2163 1947 125 67 quod
2241 1947 110 67 cum

549 2004 146 67 voto
640 2004 291 67 virginitatis
877 2004 273 67 simpliciter
1095 2004 182 67 emisso
1223 2004 127 67 non
1295 2004 146 67 stat
1386 2004 164 67 verum
1496 2004 291 67 matrimonium:
1732 2004 127 67 nec
1805 2004 146 67 post
1896 2004 146 67 tale
1987 2004 164 67 votum
2097 2004 182 67 potest
2206 2004 109 67 ali-

551 2048 117 67 qua
618 2048 184 67 persona
752 2048 133 67 sine
835 2048 184 67 peccato
968 2048 234 67 consentire
1152 2048 250 67 matrimonio.
1352 2048 117 67 tum
1419 2048 133 67 quia
1502 2048 200 67 priculo,
1653 2048 133 67 immo
1736 2048 250 67 necessitati
1936 2048 217 67 amittendi
2086 2048 234 67 virginitatem

545 2114 92 60 se
591 2114 184 60 exponere
729 2114 153 60 vellet
836 2114 92 60 in
882 2114 138 60 dando
974 2114 123 60 viro
1051 2114 215 60 potestatem
1219 2114 153 60 plenam
1327 2114 184 60 corporis
1464 2114 123 60 sui,
1541 2114 107 60 tum
1602 2114 123 60 quia
1679 2114 107 60 per
1740 2114 107 60 hoc
1802 2114 92 60 in
1848 2114 184 60 carnalem
1986 2114 184 60 copulam,
2124 2114 77 60 &
2139 2114 184 60 virginita-

547 2165 129 61 tis
620 2165 259 61 amissionem
824 2165 185 61 quoquo
953 2165 148 61 modo
1046 2165 296 61 consentiret,
1286 2165 111 61 ad
1341 2165 166 61 minus
1452 2165 259 61 implicite.
1656 2165 129 61 Sed
1730 2165 129 61 cum
1803 2165 148 61 voto
1896 2165 296 61 virginitatis
2118 2165 203 61 simplici-

544 2206 132 70 ter
620 2206 95 70 &
658 2206 208 70 solenni
809 2206 189 70 emisso
941 2206 151 70 post
1036 2206 284 70 matrimonium
1263 2206 95 70 &
1301 2206 151 70 ante
1395 2206 227 70 copulam,
1565 2206 151 70 bene
1660 2206 151 70 stat
1755 2206 170 70 verum
1868 2206 95 70 &
1906 2206 246 70 perfectum
2076 2206 246 70 matrimonium

547 2266 178 61 absque
672 2266 142 61 omni
761 2266 196 61 peccato
903 2266 89 61 &
939 2266 267 61 discrimine.
1152 2266 142 61 Vnde
1241 2266 178 61 dicunt
1365 2266 142 61 quod
1454 2266 160 61 Maria
1561 2266 178 61 sciens
1686 2266 213 61 vtrunque
1846 2266 160 61 bonum
1952 2266 196 61 magnum,
2077 2266 249 61 virginitatem

551 2317 202 71 scilicet
703 2317 84 71 &
736 2317 303 71 foecunditatem,
989 2317 202 71 vtrumque
1140 2317 185 71 illorum
1275 2317 168 71 amabat
1393 2317 84 71 &
1426 2317 269 71 desiderabat,
1645 2317 118 71 sed
1712 2317 269 71 virginitatem
1931 2317 185 71 tanquam
2066 2317 185 71 optimum
2200 2317 84 71 &
2234 2317 118 71 deo

546 2373 290 64 acceptissimum
785 2373 273 64 praeferebat.
1007 2373 188 64 dicente
1143 2373 239 64 Augustinus
1331 2373 102 64 in
1382 2373 171 64 sermo.
1502 2373 171 64 quodam
1621 2373 102 64 de
1672 2373 239 64 natiuitate
1860 2373 222 64 virginis.
2031 2373 137 64 Haec
2116 2373 119 64 duo
2184 2373 137 64 ipsa
2253 2373 68 64 iu

556 2436 208 58 cundius
708 2436 208 58 amabat:
859 2436 303 58 virginitatem
1105 2436 227 58 scilicet
1276 2436 95 58 &
1314 2436 341 58 foecunditatem.
1598 2436 322 58 Virginitatem,
1863 2436 152 58 quia
1958 2436 152 58 hanc
2053 2436 133 58 deo
2129 2436 133 58 per
2185 2436 133 58 omnia

549 2479 197 73 placere
692 2479 305 73 intelligebat.
943 2479 323 73 Foecunditatem,
1212 2479 143 73 quia
1302 2479 143 73 sine
1391 2479 125 73 hac
1463 2479 251 73 maledictum
1660 2479 161 73 legis
1768 2479 143 73 quae
1857 2479 161 73 adhuc
1965 2479 251 73 carnaliter
2162 2479 197 73 custodi

548 2536 209 71 ebatur,
700 2536 246 71 incurrere
889 2536 246 71 metuebat.
1079 2536 171 71 Vicit
1193 2536 171 71 tamen
1306 2536 152 71 amor
1401 2536 114 71 in
1458 2536 114 71 ea
1515 2536 246 71 seruandae
1704 2536 322 71 virginitatis.
1970 2536 171 71 Virgo
2084 2536 190 71 igitur
2197 2536 133 71 totam

553 2587 306 64 intentionem
798 2587 184 64 suam,
920 2587 184 64 totum
1043 2587 204 64 amorem
1186 2587 184 64 suum,
1308 2587 184 64 totum
1431 2587 225 64 studium
1594 2587 163 64 suum
1696 2587 123 64 ad
1757 2587 143 64 hoc
1839 2587 245 64 intendit
2023 2587 123 64 vt
2084 2587 204 64 corpus
2206 2587 123 64 suum

552 2652 91 58 &
588 2652 181 58 animam
715 2652 127 58 deo
788 2652 272 58 virginitate
1005 2652 218 58 perpetua
1169 2652 290 58 consecraret.
1405 2652 200 58 Sciebat
1550 2652 145 58 quia
1641 2652 181 58 quanto
1768 2652 218 58 sanctius
1931 2652 127 58 eam
2003 2652 290 58 conseruaret,
2221 2652 109 58 tan-

559 2693 106 66 to
612 2693 229 66 sublimius
789 2693 106 66 ei
841 2693 123 66 qui
912 2693 176 66 omnium
1035 2693 282 66 castissimus,
1264 2693 141 66 immo
1353 2693 123 66 qui
1423 2693 141 66 ipsa
1511 2693 212 66 castitas
1670 2693 141 66 est,
1758 2693 335 66 appropinquaret.
2040 2693 106 66 Et
2093 2693 141 66 quia
2181 2693 123 66 sic
2234 2693 88 66 vir

558 2757 248 63 ginitatem
749 2757 305 63 praeferebat:
997 2757 210 63 studium
1150 2757 191 63 habuit
1283 2757 172 63 atque
1398 2757 267 63 desiderium
1608 2757 172 63 ipsam
1722 2757 286 63 consecrandi
1951 2757 134 63 per
2028 2757 172 63 votum
2142 2757 95 63 &
2161 2757 172 63 solenne

555 2803 182 69 votum,
682 2803 145 69 quia
773 2803 200 69 sciebat
918 2803 163 69 opera
1027 2803 291 69 perfectionis
1263 2803 145 69 esse
1354 2803 272 69 perfectiora
1572 2803 91 69 &
1608 2803 163 69 magis
1717 2803 272 69 laudabilia,
1935 2803 127 69 cum
2008 2803 109 69 ex
2063 2803 145 69 voto
2135 2803 200 69 celebran-

560 2853 143 70 tur.
649 2853 161 70 Verum
756 2853 143 70 quia
846 2853 125 70 lex
917 2853 161 70 Moysi
1024 2853 161 70 adhuc
1131 2853 250 70 carnaliter
1328 2853 303 70 obseruabatur:
1577 2853 107 70 vt
1631 2853 232 70 oporteret
1809 2853 125 70 tam
1881 2853 161 70 viros
1988 2853 143 70 quam
2077 2853 214 70 mulieres
2220 2853 107 70 car-

554 2907 148 60 nali
646 2907 277 60 generationi
867 2907 240 60 insistere
1051 2907 129 60 per
1125 2907 295 60 matrimonium:
1365 2907 203 60 ideoque
1513 2907 148 60 ipsa
1605 2907 258 60 maledictum
1808 2907 166 60 legis
1918 2907 111 60 si
1974 2907 129 60 non
2047 2907 295 60 contraheret,
2269 2907 55 60 &

552 2961 261 70 generationi
760 2961 174 70 prolis
882 2961 104 70 ex
935 2961 139 70 viro
1022 2961 209 70 vacaret,
1178 2961 209 70 metuebat
1335 2961 244 70 incurrere,
1526 2961 122 70 non
1596 2961 209 70 creditur
1753 2961 122 70 (vt
1822 2961 191 70 dicunt)
1961 2961 191 70 vouisse
2083 2961 244 70 virginitatem

556 3027 198 57 antequam
705 3027 281 57 desponsaretur
936 3027 182 57 loseph,
1068 3027 149 57 licet
1168 3027 116 57 eam
1234 3027 99 57 in
1283 3027 215 57 desiderio
1448 3027 182 57 habuit,
1580 3027 132 57 quod
1663 3027 149 57 tamen
1762 3027 165 57 diuino
1878 3027 198 57 arbitrio
2026 3027 248 57 committens,
2224 3027 99 57 vt
2257 3027 83 57 le-

559 3068 136 93 gis
636 3068 271 93 maledictum
849 3068 232 93 euaderet
1024 3068 116 93 se
1082 3068 194 93 loseph
1217 3068 271 93 matrimonio
1430 3068 271 93 copulauit:
1644 3068 232 93 secundum
1818 3068 155 93 quod
1915 3068 174 93 mores
2031 3068 194 93 illius
2147 3068 194 93 temporis
