2412 3742
122 248 221 77 propria:
287 248 129 77 non
361 248 110 77 ex
416 248 221 77 consensu
581 248 147 77 viri
673 248 92 77 &
710 248 276 77 necessitate
930 248 239 77 seruiendi
1114 248 184 77 eidem.
1243 248 110 77 vt
1298 248 129 77 sic
1371 248 221 77 secundum
1537 248 184 77 Ansel.
1665 248 165 77 virgo
1776 248 165 77 tanta
1867 248 74 77 pu

130 318 174 62 ritate
251 318 209 62 polleret
408 318 122 62 qua
477 318 156 62 maior
581 318 122 62 sub
651 318 122 62 deo
720 318 139 62 esse
807 318 122 62 non
877 318 191 62 posset.
1016 318 139 62 Vnde
1103 318 87 62 &
1138 318 139 62 quod
1224 318 174 62 filium
1346 318 122 62 dei
1416 318 156 62 esset
1520 318 243 62 conceptura
1711 318 122 62 non
1781 318 156 62 prius
1867 318 70 62 no

121 369 151 69 uerat
222 369 134 69 quam
306 369 134 69 ipsi
390 369 117 69 iam
457 369 101 69 in
507 369 235 69 matrimonio
692 369 218 69 existenti
860 369 117 69 hoc
927 369 185 69 angelus
1061 369 235 69 nunciauit.
1246 369 134 69 Hinc
1330 369 235 69 Augustinus
1514 369 201 69 continue
1665 369 134 69 post
1749 369 151 69 verba
1833 369 101 69 prae

130 420 152 63 dicta.
236 420 121 63 Quod
312 420 121 63 ipsa
387 420 106 63 iam
448 420 182 63 nouerat,
584 420 167 63 subdit.
706 420 182 63 Quamquam
842 420 136 63 etiam
933 420 91 63 si
978 420 106 63 hoc
1039 420 136 63 solum
1130 420 182 63 dixisset
1266 420 182 63 scilicet
1403 420 167 63 quomodo
1524 420 121 63 fiet
1600 420 152 63 istud:
1706 420 106 63 nec
1751 420 182 63 addidisset

130 480 184 61 quoniam
264 480 151 61 virum
365 480 117 61 non
432 480 218 61 cognosco:
600 480 117 61 non
667 480 268 61 quaesiuisset
885 480 168 61 vtique
1002 480 218 61 promissum
1170 480 134 61 sibi
1254 480 168 61 filium
1371 480 184 61 quomodo
1505 480 184 61 foemina
1639 480 201 61 paritura
1790 480 151 61 esset
1874 480 67 61 si

121 537 280 60 concubitura
345 537 261 60 nupsisset.
551 537 205 60 Poterat
700 537 93 60 &
737 537 187 60 nubere
868 537 93 60 &
905 537 168 60 virgo
1017 537 261 60 permanere:
1223 537 112 60 in
1279 537 131 60 qua
1353 537 131 60 dei
1428 537 187 60 filius
1559 537 187 60 formam
1689 537 168 60 serui
1783 537 149 60 congru

122 581 147 69 enti
213 581 220 69 miraculo
379 581 257 69 acciperet:
581 581 129 69 sed
654 581 220 69 exemplum
819 581 202 69 sanctis
966 581 184 69 futura
1095 581 275 69 virginibus,
1315 581 110 69 ne
1370 581 239 69 putaretur
1554 581 147 69 sola
1645 581 165 69 virgo
1755 581 147 69 esse
1847 581 129 69 de-

125 634 203 67 buisse,
272 634 148 67 quae
364 634 185 67 prolem
494 634 166 67 etiam
604 634 148 67 fine
697 634 240 67 concubitu
881 634 240 67 concipere
1066 634 258 67 meruisset,
1269 634 295 67 virginitatem
1509 634 129 67 deo
1582 634 221 67 dicauit:
1748 634 129 67 cum
1804 634 129 67 adhuc

131 694 135 61 quid
215 694 152 61 esset
317 694 236 61 conceptura
502 694 219 61 nesciret:
671 694 101 61 vt
722 694 101 61 in
772 694 186 61 terreno
907 694 236 61 mortalique
1093 694 186 61 corpore
1228 694 219 61 caelestis
1396 694 152 61 vitae
1497 694 202 61 imitatio
1649 694 135 61 voto
1734 694 186 61 fieret,
1852 694 84 61 non

120 746 242 69 praecepto,
310 746 156 69 amore
414 746 225 69 eligendi,
587 746 121 69 non
656 746 259 69 necessitate
863 746 242 69 seruiendi.
1053 746 173 69 ltaque
1174 746 207 69 Christus
1330 746 207 69 nascendo
1486 746 104 69 de
1538 746 190 69 virgine
1676 746 138 69 quae
1745 746 173 69 antequam

127 806 176 54 sciret
251 806 141 54 quis
339 806 106 54 de
392 806 141 54 illa
480 806 176 54 fuerat
603 806 264 54 nasciturus,
814 806 159 54 virgo
920 806 229 54 statuerat
1096 806 247 54 permanere:
1290 806 282 54 virginitatem
1519 806 194 54 sanctam
1660 806 229 54 approbare
1836 806 123 54 ma-

119 852 135 63 luit
204 852 135 63 quam
288 852 220 63 imperare:
458 852 85 63 &
492 852 119 63 sic
559 852 169 63 etiam,
678 852 102 63 vt
729 852 102 63 in
779 852 135 63 ipsa
864 852 186 63 foemina
1000 852 102 63 in
1050 852 119 63 qua
1118 852 169 63 formam
1237 852 152 63 serui
1338 852 237 63 acciperet,
1525 852 271 63 virginitatem
1745 852 135 63 esse
1812 852 119 63 libe-

128 901 131 71 ram
203 901 206 71 voluit.
353 901 150 71 Vnde
447 901 150 71 quia
541 901 169 71 multo
654 901 225 71 liberius
823 901 131 71 est
898 901 169 71 votum
1010 901 300 71 virginitatis
1254 901 131 71 non
1329 901 244 71 dependens
1517 901 113 71 ex
1573 901 225 71 consensu
1742 901 150 71 viri
1817 901 113 71 post

117 958 313 68 matrimonium:
371 958 98 68 &
410 958 176 68 multo
528 958 195 68 purior
664 958 137 68 non
743 958 313 68 consentiendo
996 958 293 68 simpliciter
1231 958 117 68 in
1289 958 215 68 copulam
1446 958 234 68 carnalem
1621 958 156 68 quam
1719 958 137 68 sub
1778 958 156 68 quacun

121 1009 123 68 que
192 1009 264 68 conditione:
403 1009 159 68 etiam
509 1009 123 68 sub
579 1009 141 68 illa
668 1009 106 68 si
720 1009 123 68 deo
791 1009 229 68 placeret:
967 1009 141 68 quae
1055 1009 176 68 semper
1178 1009 317 68 intelligeretur
1443 1009 141 68 etsi
1531 1009 123 68 non
1601 1009 282 68 apponeretur:
1830 1009 88 68 &
1848 1009 88 68 sic

128 1065 105 67 vt
181 1065 245 67 dupliciter
374 1065 158 67 esset
479 1065 210 67 exemplum
637 1065 175 67 futura
760 1065 193 67 sanctis
900 1065 263 67 virginibus:
1110 1065 158 67 vouit
1215 1065 140 67 ante
1303 1065 228 67 conceptum
1478 1065 175 67 partus
1601 1065 245 67 caelestis:
1794 1065 105 67 ne
1829 1065 105 67 puta

118 1129 163 55 retur
227 1129 145 55 sola
318 1129 163 55 virgo
426 1129 145 55 esse
517 1129 236 55 debuisse:
699 1129 145 55 quae
789 1129 182 55 prolem
917 1129 145 55 fine
1007 1129 236 55 concubitu
1189 1129 236 55 concipere
1370 1129 254 55 meruisset:
1570 1129 91 55 &
1606 1129 163 55 etiam
1715 1129 145 55 ante
1788 1129 145 55 contra

120 1171 149 71 ctum
213 1171 260 71 coniugium:
418 1171 112 71 ne
474 1171 242 71 putaretur
660 1171 242 71 consimili
846 1171 205 71 ratione
994 1171 167 71 nulla
1106 1171 167 71 virgo
1217 1171 149 71 esse
1310 1171 223 71 debuisse
1478 1171 149 71 quin
1571 1171 167 71 prius
1682 1171 223 71 coniugio
1831 1171 93 71 co-

125 1237 251 59 pularetur.
322 1237 125 59 Sic
394 1237 143 59 ergo
483 1237 215 59 dicendum
644 1237 143 59 quod
734 1237 161 59 Maria
841 1237 143 59 ante
931 1237 269 59 matrimonium
1145 1237 179 59 vouit:
1271 1237 125 59 sed
1342 1237 125 59 non
1414 1237 143 59 nisi
1503 1237 269 59 certificata
1718 1237 107 59 de
1754 1237 179 59 perseue-

116 1284 168 62 rantia
234 1284 118 62 sua
301 1284 101 62 in
352 1284 269 62 virginitate.
570 1284 135 62 Quod
654 1284 151 62 etiam
755 1284 235 62 intellexit
940 1284 168 62 Augus.
1058 1284 118 62 per
1125 1284 101 62 id
1175 1284 135 62 quod
1259 1284 151 62 dixit
1360 1284 168 62 supra:
1478 1284 135 62 Quod
1562 1284 135 62 ipsa
1646 1284 118 62 iam
1713 1284 202 62 nouerat.
1848 1284 84 62 Pro

109 1335 147 67 pter
201 1335 147 67 quam
293 1335 350 67 certificationem
587 1335 239 67 contraxit
771 1335 184 67 absque
900 1335 147 67 omni
992 1335 221 67 periculo
1157 1335 110 67 de
1212 1335 276 67 virginitate
1433 1335 258 67 amittenda:
1636 1335 92 67 &
1672 1335 129 67 non
1728 1335 202 67 consensit

115 1386 107 62 in
169 1386 195 62 copulam
311 1386 231 62 carnalem:
488 1386 142 62 nisi
577 1386 124 62 sub
648 1386 249 62 conditione
844 1386 142 62 nisi
933 1386 142 62 deus
1022 1386 178 62 aliter
1146 1386 249 62 ordinaret:
1342 1386 142 62 quam
1430 1386 213 62 apposuit
1590 1386 124 62 non
1661 1386 142 62 quia
1733 1386 195 62 dubitauit

101 1438 106 58 se
154 1438 212 58 virginem
313 1438 336 58 perseueraturam:
596 1438 230 58 secundum,
773 1438 106 58 nm
826 1438 141 58 quod
914 1438 194 58 dicitur
1056 1438 106 58 in
1109 1438 106 58 S.
1162 1438 124 58 sed
1233 1438 177 58 quare,
1356 1438 159 58 nouit
1462 1438 106 58 se
1515 1438 159 58 Maria
1622 1438 212 58 virginem
1763 1438 159 58 perseue

110 1494 234 59 raturam.
286 1494 156 59 Vnde
384 1494 195 59 angelo
520 1494 156 59 ait.
618 1494 215 59 Quomodo
774 1494 156 59 fiet
871 1494 176 59 istud
988 1494 215 59 quoniam
1145 1494 176 59 virum
1262 1494 137 59 non
1340 1494 254 59 cognosco:
1535 1494 137 59 sed
1613 1494 176 59 illam
1710 1494 215 59 conditio-

106 1551 122 62 nem
175 1551 227 62 apposuit:
350 1551 140 62 quia
438 1551 157 62 illam
543 1551 280 62 certitudinem
770 1551 87 62 a
805 1551 105 62 se
857 1551 140 62 ipsa
945 1551 122 62 non
1015 1551 192 62 habuit.
1155 1551 122 62 Sed
1225 1551 122 62 est
1295 1551 297 62 intelligendum
1539 1551 140 62 quod
1627 1551 105 62 in
1679 1551 210 62 carnalem
1819 1551 105 62 copu

106 1596 129 69 lam
179 1596 184 69 potest
308 1596 147 69 esse
399 1596 239 69 consensus
583 1596 275 69 dupliciter:
803 1596 129 69 vel
877 1596 129 69 quo
950 1596 110 69 ad
1005 1596 165 69 actum
1115 1596 220 69 copulae,
1281 1596 129 69 vel
1354 1596 129 69 quo
1427 1596 110 69 ad
1482 1596 239 69 potentiam
1666 1596 257 69 copulandi.
1850 1596 73 69 Et

112 1654 213 69 propter
266 1654 251 69 veritatem
460 1654 271 69 matrimonii
673 1654 232 69 secundum
847 1654 174 69 legem
963 1654 310 69 celebrandum,
1214 1654 116 69 vt
1272 1654 193 69 dictum
1408 1654 155 69 est,
1504 1654 251 69 consensit
1679 1654 251 69 simpliciter

118 1711 106 69 in
171 1711 230 69 potentiam
348 1711 230 69 copulandi
525 1711 106 69 si
579 1711 195 69 maritus
720 1711 177 69 petere
844 1711 195 69 vellet:
986 1711 89 69 &
1021 1711 124 69 hoc
1092 1711 124 69 vel
1163 1711 230 69 implicite
1340 1711 124 69 vel
1411 1711 248 69 explicite.
1605 1711 230 69 Implicite
1782 1711 142 69 enim
1853 1711 71 69 il

113 1764 114 65 la
170 1764 248 65 consentit
361 1764 153 65 quae
456 1764 133 65 nec
532 1764 191 65 omnino
666 1764 114 65 in
723 1764 286 65 contrahendo
952 1764 114 65 de
1009 1764 191 65 copula
1142 1764 267 65 cogitauit.
1352 1764 133 65 Sed
1428 1764 210 65 propter
1581 1764 153 65 voti
1657 1764 267 65 integritatem

111 1820 117 65 non
178 1820 217 65 consensit
345 1820 100 65 in
395 1820 150 65 actum
494 1820 183 65 copulae
628 1820 217 65 carnalis:
794 1820 133 65 nisi
878 1820 117 65 sub
944 1820 233 65 conditione
1127 1820 167 65 dicta:
1244 1820 167 65 sciens
1361 1820 133 65 quod
1444 1820 183 65 nunquam
1577 1820 200 65 peteret:
1727 1820 117 65 aut
1794 1820 100 65 si
1827 1820 100 65 pete

116 1872 127 60 ret
189 1872 146 60 quod
280 1872 127 60 deo
352 1872 255 60 disponente
552 1872 200 60 nunquam
698 1872 109 60 ad
753 1872 164 60 actus
862 1872 273 60 executionem
1080 1872 273 60 perueniret.
1298 1872 91 60 &
1335 1872 200 60 propter
1480 1872 237 60 simplicem
1662 1872 237 60 consensum
1844 1872 109 60 in

121 1933 271 61 potentiam:
334 1933 97 61 &
373 1933 252 61 consensum
566 1933 116 61 in
625 1933 194 61 actum:
760 1933 174 61 licet
876 1933 136 61 sub
954 1933 155 61 tali
1051 1933 271 61 conditione
1264 1933 271 61 expressum:
1477 1933 174 61 verum
1594 1933 155 61 erat
1690 1933 97 61 &
1710 1933 213 61 perfectum

111 1990 313 52 matrimonium
361 1990 167 52 modo
466 1990 292 52 praedicto.
695 1990 167 52 Vnde
800 1990 146 52 qui
883 1990 146 52 per
966 1990 271 52 sponsalia
1175 1990 250 52 promisit
1363 1990 125 52 se
1425 1990 334 52 contracturum
1676 1990 250 52 matrimoni-

118 2027 134 63 um,
195 2027 115 63 si
252 2027 211 63 propter
406 2027 250 63 promissum
598 2027 250 63 implendum
790 2027 250 63 contrahit
982 2027 115 63 de
1040 2027 269 63 praesenti:
1251 2027 96 63 &
1289 2027 173 63 nulla
1404 2027 250 63 apponatur
1597 2027 230 63 conditio
1750 2027 173 63 expres-

114 2089 133 66 sa:
190 2089 95 66 &
228 2089 133 66 non
305 2089 267 66 consentiat
514 2089 114 66 in
571 2089 172 66 actum
686 2089 210 66 copulae
838 2089 210 66 omnino:
991 2089 172 66 verum
1105 2089 248 66 contrahit
1296 2089 305 66 matrimonium:
1544 2089 114 66 si
1601 2089 172 66 tamen
1696 2089 229 66 consentiat

118 2140 108 65 in
172 2140 235 65 potentiam
353 2140 217 65 tradendo
516 2140 108 65 se
570 2140 271 65 simpliciter
787 2140 235 65 potestati
968 2140 235 65 mulieris:
1149 2140 163 65 licet
1257 2140 127 65 cum
1329 2140 163 65 firmo
1438 2140 235 65 proposito
1619 2140 145 65 sese
1709 2140 181 65 statim
1818 2140 108 65 sub-

117 2190 226 60 trahendi
287 2190 207 60 propter
437 2190 245 60 ingressum
626 2190 283 60 religionis.
852 2190 132 60 Est
927 2190 170 60 tamen
1040 2190 113 60 in
1097 2190 245 60 proposito
1285 2190 245 60 perfectum
1474 2190 170 60 votum
1587 2190 170 60 circa
1700 2190 188 60 actum,
1813 2190 113 60 quia

111 2244 144 62 illa
201 2244 216 62 conditio
363 2244 162 62 votum
471 2244 126 62 non
543 2244 216 62 impedit:
705 2244 90 62 &
741 2244 216 62 apponere
903 2244 126 62 eam
975 2244 270 62 necessarium
1192 2244 126 62 non
1264 2244 162 62 fuit.
1372 2244 162 62 Licet
1480 2244 144 62 enim
1570 2244 216 62 conditio
1714 2244 198 62 dependens

122 2303 95 63 a
160 2303 248 63 voluntate
351 2303 191 63 humana
484 2303 229 63 apposita
656 2303 210 63 impedit
809 2303 172 63 votum
923 2303 305 63 simpliciter:
1171 2303 114 63 vt
1228 2303 172 63 siqua
1343 2303 191 63 voueat
1476 2303 305 63 virginitatem
1724 2303 114 63 si
1762 2303 153 63 placet

115 2347 161 80 matri
223 2347 161 80 suae:
330 2347 143 80 illa
419 2347 161 80 tamen
527 2347 143 80 quae
616 2347 179 80 pendet
742 2347 179 80 omnino
867 2347 90 80 a
903 2347 233 80 voluntate
1082 2347 197 80 diuina:
1225 2347 125 80 non
1297 2347 215 80 impedit:
1458 2347 125 80 nec
1529 2347 161 80 votum
1637 2347 233 80 diminuit:
1816 2347 143 80 quia

116 2406 340 60 subintelligitur
402 2406 179 60 semper
527 2406 143 60 etsi
617 2406 125 60 non
688 2406 250 60 apponatur.
885 2406 143 60 Vnde
974 2406 161 60 siqua
1082 2406 143 60 alia
1171 2406 125 60 sub
1243 2406 143 60 lege
1332 2406 215 60 vouisset
1493 2406 161 60 sicut
1600 2406 161 60 Maria
1707 2406 179 60 vouit,
1833 2406 125 60 non

120 2459 280 65 certificata:
347 2459 140 65 ipsa
434 2459 175 65 contra
556 2459 157 65 legem
661 2459 192 65 egisset
801 2459 87 65 &
836 2459 245 65 peccasset:
1028 2459 122 65 nec
1098 2459 157 65 votum
1203 2459 245 65 valuisset.
1395 2459 105 65 Si
1447 2459 122 65 qua
1517 2459 140 65 vero
1605 2459 140 65 modo
1692 2459 140 65 post
1762 2459 157 65 edictum

117 2517 228 60 ecclesiae
293 2517 105 60 ne
345 2517 175 60 valeat
468 2517 263 60 matrimonium
678 2517 140 60 post
766 2517 280 60 solemnitatem
993 2517 140 60 voti
1081 2517 140 60 quam
1169 2517 228 60 instituit
1344 2517 228 60 ecclesia,
1519 2517 140 60 post
1607 2517 158 60 votum
1712 2517 140 60 tale
1782 2517 140 60 contra

113 2576 130 63 hat
188 2576 278 63 matrimonium
410 2576 130 63 non
484 2576 297 63 consentiendo
725 2576 111 63 in
781 2576 167 63 actum
892 2576 222 63 copulae:
1059 2576 130 63 sed
1133 2576 111 63 in
1188 2576 148 63 alia
1281 2576 93 63 &
1318 2576 167 63 etiam
1429 2576 111 63 in
1485 2576 241 63 potentiam
1670 2576 111 63 ad
1726 2576 222 63 copulam:

113 2626 152 67 modo
208 2626 133 67 quo
284 2626 171 67 beata
397 2626 171 67 virgo
511 2626 265 67 consensit:
719 2626 152 67 etsi
814 2626 171 67 forte
928 2626 284 67 matrimonium
1155 2626 284 67 contraheret
1382 2626 189 67 verum,
1515 2626 171 67 sicut
1629 2626 95 67 &
1667 2626 171 67 beata
1780 2626 171 67 virgo

124 2679 226 68 contraxit:
301 2679 145 68 tamen
398 2679 97 68 si
447 2679 113 68 non
511 2679 145 68 esset
608 2679 242 68 certificata
802 2679 97 68 de
850 2679 161 68 actum:
963 2679 129 68 quod
1044 2679 113 68 sic
1109 2679 81 68 a
1141 2679 161 68 domino
1254 2679 258 68 prouideretur
1464 2679 129 68 sibi
1545 2679 97 68 ne
1593 2679 161 68 vnquam
1706 2679 194 68 veniendi
1851 2679 97 68 ad

123 2734 157 61 actum
227 2734 192 61 haberet
366 2734 296 61 necessitatem:
610 2734 139 61 ipsi
697 2734 122 61 sic
767 2734 157 61 velle
872 2734 174 61 nubere
994 2734 226 61 damnabile
1168 2734 174 61 esset:
1290 2734 139 61 quia
1377 2734 174 61 contra
1499 2734 192 61 edictum
1638 2734 226 61 ecclesiae
1795 2734 122 61 face-

124 2782 144 67 ret:
214 2782 90 67 &
250 2782 215 67 periculo
411 2782 215 67 faciendi
573 2782 179 67 contra
698 2782 161 67 votum
806 2782 108 67 se
860 2782 251 67 exponeret:
1057 2782 90 67 &
1093 2782 126 67 sic
1165 2782 161 67 etiam
1272 2782 233 67 implicite
1452 2782 108 67 in
1505 2782 197 67 copulam
1649 2782 269 67 consentiret
1846 2782 72 67 fa

114 2840 136 65 cto:
199 2840 153 65 licet
301 2840 221 65 explicite
471 2840 255 65 dissentiret
674 2840 170 65 animo.
793 2840 119 65 Sed
861 2840 119 65 vbi
929 2840 119 65 est
997 2840 221 65 certitudo
1167 2840 102 65 de
1218 2840 221 65 voluntate
1388 2840 187 65 diuina.
1523 2840 221 65 consensus
1693 2840 102 65 in
1727 2840 187 65 potentiam

131 2889 145 67 nullo
228 2889 129 67 modo
309 2889 145 67 ponit
405 2889 210 67 consensum
567 2889 97 67 in
615 2889 162 67 actum:
729 2889 113 67 nec
793 2889 145 67 etiam
890 2889 226 67 implicite:
1068 2889 129 67 quia
1149 2889 129 67 tunc
1229 2889 113 67 non
1294 2889 194 67 dependet
1439 2889 113 67 sic
1504 2889 194 67 potentia
1649 2889 81 67 a
1682 2889 210 67 voluntate
1827 2889 97 67 viri

126 2952 140 65 quod
214 2952 175 65 possit
337 2952 175 65 reduci
460 2952 105 65 ad
512 2952 158 65 actum
618 2952 175 65 stante
741 2952 140 65 illa
828 2952 333 65 certificatione,
1109 2952 263 65 quemadmodum
1319 2952 316 65 praedestinatus
1583 2952 158 65 licet
1688 2952 211 65 absolute
1828 2952 88 65 po-

121 2999 144 64 test
211 2999 216 64 damnari:
373 2999 162 64 actum
480 2999 162 64 tamen
588 2999 270 64 impossibile
804 2999 126 64 est
876 2999 144 64 poni
966 2999 180 64 stante
1091 2999 377 64 praedestinatione.
1415 2999 144 64 Vnde
1505 2999 180 64 quando
1630 2999 234 64 consensus
1810 2999 108 64 in
1846 2999 72 64 po

118 3055 217 57 tentiam
276 3055 217 57 propter
434 3055 316 57 certitudinem
691 3055 178 57 nullo
809 3055 158 57 modo
908 3055 237 57 implicat
1085 3055 316 57 obligationem
1342 3055 118 57 ad
1401 3055 197 57 actum:
1539 3055 178 57 nullo
1657 3055 158 57 modo
1736 3055 178 57 derogat

128 3107 159 80 voto:
234 3107 141 80 quia
322 3107 159 80 votum
428 3107 123 80 non
498 3107 123 80 est
569 3107 141 80 nisi
657 3107 211 80 respectu
815 3107 159 80 actus
921 3107 88 80 &
956 3107 264 80 intentionis
1168 3107 229 80 exercendi
1344 3107 176 80 actum.
1467 3107 229 80 Econuerso
1643 3107 159 80 autem
1731 3107 194 80 dissensus
