2428 3796
164 315 115 90 sed
229 315 148 90 solum
328 315 297 90 certificatione
575 315 214 90 praedicta
740 315 99 90 ad
790 315 214 90 faciendum
954 315 132 90 quod
1037 315 165 90 fecit,
1152 315 99 90 vt
1202 315 148 90 patet
1300 315 99 90 ex
1350 315 181 90 dictis.
1482 315 132 90 Quin
1564 315 148 90 tamen
1663 315 115 90 cum
1729 315 132 90 tali
1795 315 181 90 certifica

161 395 154 59 tione
264 395 240 59 reuelatio,
452 395 137 59 quam
538 395 154 59 multi
641 395 189 59 ponunt,
778 395 103 59 ei
829 395 171 59 fuerit
949 395 154 59 facta
1052 395 120 59 non
1121 395 189 59 penitus
1258 395 189 59 abnego:
1395 395 137 59 quia
1481 395 120 59 hoc
1549 395 103 59 in
1601 395 137 59 puro
1687 395 154 59 facto
1772 395 206 59 consistit.

168 443 123 73 Sed
238 443 140 73 siue
325 443 105 73 ex
378 443 140 73 tali
465 443 263 73 reuelatione
675 443 140 73 siue
763 443 140 73 alio
850 443 140 73 modo
938 443 263 73 certificata
1148 443 193 73 fuerit:
1288 443 140 73 siue
1375 443 140 73 post
1463 443 263 73 matrimonium
1673 443 193 73 vouerit
1813 443 140 73 siue
1883 443 88 73 non

161 499 104 67 de
213 499 122 67 quo
282 499 156 67 nihil
387 499 122 67 est
456 499 209 67 ponendum
613 499 139 67 nisi
700 499 209 67 secundum
856 499 139 67 quod
943 499 191 67 dictant
1082 499 156 67 recta
1187 499 156 67 ratio
1291 499 87 67 &
1326 499 156 67 dicta
1430 499 226 67 sanctorum
1604 499 174 67 factum
1726 499 174 67 fuisse
1830 499 139 67 perfe-

164 561 163 64 ctius:
278 561 130 64 quod
359 561 147 64 ipsam
457 561 261 64 praesumendum
669 561 114 64 est
734 561 195 64 fecisse:
881 561 147 64 tamen
978 561 98 64 ex
1027 561 163 64 dictis
1141 561 147 64 patet
1239 561 130 64 quod
1320 561 163 64 licite
1434 561 130 64 ante
1516 561 244 64 matrimonium
1711 561 212 64 perfectum
1858 561 114 64 subse

163 603 206 54 cuturum
313 603 243 54 potuisset
500 603 206 54 vouisse
650 603 281 54 simpliciter
856 603 206 54 absolute.

503 656 145 64 Irca
594 656 200 64 quintum
739 656 200 64 ponatur
884 656 200 64 propter
1029 656 200 64 obiecta
1174 656 91 64 &
1210 656 109 64 ad
1265 656 200 64 maiorem
1410 656 272 64 intellectum
1627 656 272 64 quaestionis
1827 656 127 64 casus

505 718 169 58 talis.
623 718 118 58 Rex
691 718 169 58 quidam
809 718 287 58 potentissimus
1045 718 186 58 peregre
1180 718 270 58 proficiscens
1399 718 118 58 cum
1467 718 152 58 filio
1568 718 186 58 haerede
1703 718 118 58 suo
1754 718 202 58 successuro

499 766 106 65 in
552 766 176 65 regno,
676 766 247 65 sepulturam
870 766 212 65 corporis
1029 766 124 65 sui
1099 766 265 65 simpliciter
1311 766 176 65 elegit
1435 766 229 65 faciendam
1611 766 106 65 in
1664 766 212 65 ecclesia
1823 766 176 65 quorum

505 819 134 65 dam
581 819 287 65 monachorum.
811 819 191 65 Mortuo
945 819 172 65 autem
1060 819 153 65 rege
1156 819 249 65 praedicto
1347 819 115 65 in
1405 819 211 65 regione
1558 819 268 65 longinqua,
1769 819 172 65 visum
1864 819 96 65 est

489 883 174 60 filio
605 883 136 60 suo
682 883 136 60 iam
760 883 271 60 succedenti
973 883 116 60 in
1031 883 174 60 regno
1148 883 233 60 onerosum
1322 883 97 60 &
1361 883 291 60 periculosum
1594 883 194 60 corpus
1729 883 213 60 deferre
1865 883 97 60 cum

485 934 227 63 intestinis
664 934 97 63 ad
712 934 146 63 locum
810 934 195 63 sepulcri
956 934 195 63 electum,
1102 934 81 63 &
1135 934 211 63 intestina
1297 934 195 63 extracta
1443 934 227 63 destinauit
1622 934 195 63 sepeliri
1768 934 97 63 in
1801 934 162 63 ecclesia

157 985 235 62 quorundam
338 985 217 62 fratrum:
500 985 126 62 sed
573 985 108 62 ad
627 985 253 62 instantiam
826 985 307 62 archiepiscopi
1079 985 145 62 loci
1169 985 90 62 &
1205 985 271 62 canonicorum
1422 985 235 62 ecclesiae
1603 985 217 62 matricis
1765 985 235 62 procurato

162 1042 133 57 quod
245 1042 216 57 intestina
411 1042 100 57 in
461 1042 199 57 ecclesia
611 1042 149 57 eorum
710 1042 282 57 sepelirentur,
943 1042 166 57 quidam
1059 1042 100 57 de
1108 1042 166 57 ordine
1225 1042 183 57 fratrum
1357 1042 266 57 praedictorum
1573 1042 232 57 procurauit
1756 1042 133 57 erga
1822 1042 133 57 dictum

160 1089 199 63 haeredem
310 1089 133 63 quod
393 1089 116 63 cor
459 1089 100 63 ei
509 1089 249 63 conferretur
709 1089 100 63 ad
759 1089 249 63 sepeliendum
958 1089 100 63 in
1008 1089 199 63 ecclesia
1157 1089 116 63 sua
1224 1089 116 63 non
1290 1089 166 63 multum
1407 1089 199 63 distante
1556 1089 100 63 ab
1606 1089 183 63 ecclsia
1739 1089 199 63 dictorum
1872 1089 83 63 mo-

151 1149 237 58 nachorum:
333 1149 128 58 quo
406 1149 182 58 facto,
533 1149 91 58 &
570 1149 164 58 corde
679 1149 128 58 cum
752 1149 200 58 corpore
898 1149 182 58 delato
1025 1149 164 58 vsque
1134 1149 109 58 in
1189 1149 237 58 ciuitatem
1371 1149 200 58 regiam:
1517 1149 164 58 abbas
1626 1149 219 58 dictorum
1772 1149 182 58 monacho-

157 1202 120 65 rum
225 1202 120 65 cum
294 1202 120 65 suo
362 1202 206 65 conuentu
517 1202 240 65 constanter
705 1202 171 65 petiit
825 1202 137 65 sibi
911 1202 120 65 cor
979 1202 120 65 cum
1048 1202 188 65 corpore
1185 1202 154 65 tradi
1288 1202 103 65 ad
1339 1202 274 65 sepeliendum:
1562 1202 137 65 quid
1648 1202 120 65 cum
1716 1202 120 65 eis
1785 1202 206 65 denegare

158 1252 128 66 tur
231 1252 257 66 constanter
433 1252 110 66 ab
488 1252 202 66 haerede
634 1252 128 66 iam
708 1252 147 66 nouo
799 1252 165 66 rege:
909 1252 183 66 tandem
1038 1252 128 66 per
1111 1252 220 66 proborum
1276 1252 330 66 intercessionem
1551 1252 147 66 post
1642 1252 183 66 multam
1752 1252 202 66 contradi-

151 1307 184 63 ctionem
285 1307 151 63 licet
386 1307 167 63 inuiti
503 1307 201 63 dixerunt
653 1307 151 63 dicti
754 1307 151 63 abbas
854 1307 84 63 &
888 1307 184 63 monachi
1022 1307 134 63 quod
1105 1307 251 63 sustinerent
1306 1307 117 63 hoc
1373 1307 134 63 quod
1457 1307 117 63 rex
1524 1307 100 63 de
1574 1307 151 63 corde
1674 1307 201 63 faceret.
1825 1307 100 63 ex
1875 1307 117 63 quo

151 1359 261 62 praesumebat
359 1359 122 62 rex
429 1359 156 62 ipsos
533 1359 208 62 adhibere
689 1359 226 62 consensum
863 1359 104 62 vt
915 1359 122 62 cor
984 1359 261 62 sepeliretur
1193 1359 104 62 in
1245 1359 208 62 ecclesia
1401 1359 156 62 dicti
1505 1359 191 62 fratris
1644 1359 87 62 &
1679 1359 243 62 confratrum
1853 1359 104 62 suo-

149 1419 126 60 rum:
228 1419 126 60 quid
306 1419 79 60 &
338 1419 110 60 sic
401 1419 157 60 factum
511 1419 157 60 fuisse
621 1419 220 60 propositum
794 1419 141 60 erat.
888 1419 141 60 super
982 1419 110 60 quo
1045 1419 110 60 est
1108 1419 204 60 quaestio:
1265 1419 141 60 vtrum
1360 1419 173 60 fratres
1485 1419 126 60 illi
1564 1419 110 60 cor
1627 1419 141 60 illud
1721 1419 220 60 tenerentur
1894 1419 94 60 di

147 1471 136 57 ctis
232 1471 204 57 monachis
385 1471 255 57 restituere:
589 1471 85 57 &
623 1471 102 57 an
674 1471 187 57 monachi
810 1471 221 57 teneantur
980 1471 153 57 illud
1082 1471 221 57 repetere.
1252 1471 102 57 Ex
1303 1471 204 57 arguitur
1456 1471 136 57 quod
1541 1471 136 57 sic:
1626 1471 136 57 quia
1711 1471 204 57 dicitur.
1847 1471 102 57 xii.

148 1521 95 63 qd
196 1521 110 63 ii.
259 1521 95 63 S.
306 1521 126 63 Nunc
385 1521 221 63 quaeritur.
558 1521 95 63 in
605 1521 142 63 glos.
700 1521 158 63 Siquis
810 1521 142 63 autem
904 1521 95 63 in
952 1521 126 63 casu
1030 1521 110 63 non
1093 1521 189 63 concesso
1235 1521 205 63 receperit
1393 1521 158 63 corpus
1503 1521 189 63 alienum,
1645 1521 142 63 etiam
1739 1521 189 63 sepultum
1865 1521 79 63 red

140 1576 143 61 dere
229 1576 196 61 cogetur
372 1576 125 61 cum
444 1576 196 61 omnibus
586 1576 143 61 quae
676 1576 89 61 a
711 1576 196 61 corpore
854 1576 179 61 ipsius
979 1576 250 61 receperat.
1175 1576 161 61 Quare
1283 1576 125 61 cum
1354 1576 161 61 eadem
1461 1576 125 61 sit
1532 1576 161 61 ratio
1640 1576 107 61 in
1693 1576 161 61 parte
1800 1576 89 61 &
1836 1576 107 61 in
1872 1576 71 61 to

146 1632 125 65 to:
218 1632 125 65 cor
289 1632 143 65 ergo
378 1632 161 65 illud
486 1632 143 65 quod
575 1632 143 65 erat
664 1632 179 65 dictis
789 1632 232 65 fratribus
968 1632 214 65 alienum:
1129 1632 143 65 quia
1218 1632 89 65 a
1254 1632 214 65 defuncto
1415 1632 125 65 cum
1486 1632 197 65 corpore
1629 1632 143 65 fuit
1719 1632 214 65 collatum
1862 1632 89 65 mo-

142 1683 205 59 nachis:
291 1683 130 59 nec
366 1683 149 59 erat
459 1683 186 59 aliquo
589 1683 149 59 iure
682 1683 242 59 concessum
868 1683 242 59 fratribus
1055 1683 112 59 vt
1110 1683 168 59 ipsum
1222 1683 112 59 ad
1278 1683 261 59 sepulturam
1483 1683 279 59 acciperent:
1706 1683 149 59 quia
1780 1683 168 59 mortuus

136 1739 126 59 nec
208 1739 126 59 pro
280 1739 197 59 corpore
423 1739 126 59 nec
495 1739 126 59 pro
567 1739 161 59 corde
674 1739 251 59 sepulturam
872 1739 144 59 apud
961 1739 197 59 fratres
1105 1739 233 59 elegerat:
1284 1739 197 59 fratres
1428 1739 144 59 ergo
1517 1739 197 59 cogendi
1661 1739 144 59 sunt
1751 1739 108 59 vt
1787 1739 161 59 restitu

141 1790 124 61 ant
212 1790 124 61 cor
283 1790 230 61 monachis:
460 1790 159 61 etiam
566 1790 124 61 cum
637 1790 195 61 omnibus
779 1790 142 61 quae
868 1790 89 61 a
903 1790 124 61 cor
974 1790 266 61 receperant:
1186 1790 89 61 &
1222 1790 106 61 si
1275 1790 142 61 illi
1363 1790 213 61 tenentur
1523 1790 266 61 restituere,
1735 1790 195 61 monachi
1859 1790 89 61 te-

150 1847 157 68 nentur
260 1847 157 68 illlud
370 1847 204 68 repetere:
527 1847 126 68 quia
606 1847 157 68 aliter
716 1847 94 68 in
763 1847 110 68 hoc
826 1847 251 68 iniuriaretur
1030 1847 204 68 ecclesiae
1188 1847 157 68 eorum:
1298 1847 79 68 &
1329 1847 126 68 ipsi
1408 1847 189 68 tenentur
1549 1847 189 68 repetere
1691 1847 94 68 ea
1738 1847 94 68 in
1785 1847 157 68 quibus
1879 1847 63 68 ec

146 1899 207 59 clesiae
296 1899 169 59 eorum
409 1899 282 59 iniuriatur.
634 1899 150 59 ITEM
728 1899 113 59 si
785 1899 188 59 alicui
916 1899 225 59 legentur
1085 1899 188 59 decem,
1217 1899 94 59 &
1254 1899 282 59 subtrahatur
1480 1899 169 59 vnum:
1592 1899 263 59 subtrahens
1780 1899 169 59 tenetur

143 1952 145 73 illud
239 1952 241 73 restituere,
432 1952 80 73 &
464 1952 96 73 si
512 1952 129 73 sint
593 1952 161 73 legata
705 1952 209 73 ecclesiae
866 1952 145 73 tutor
962 1952 177 73 eccliae
1091 1952 177 73 tenetur
1219 1952 209 73 repetere:
1380 1952 129 73 quia
1460 1952 96 73 in
1508 1952 112 73 hoc
1573 1952 193 73 ecclesia
1717 1952 129 73 illa
1797 1952 112 73 est
1862 1952 112 73 de-

143 2003 234 63 fraudata.
323 2003 144 63 ergo
413 2003 126 63 cum
485 2003 180 63 dictis
610 2003 216 63 monachis
772 2003 180 63 corpus
898 2003 270 63 simpliciter
1114 2003 144 63 fuit
1204 2003 198 63 legatum
1348 2003 108 63 ad
1402 2003 270 63 sepulturam:
1617 2003 90 63 &
1653 2003 108 63 in
1707 2003 198 63 corpore
1833 2003 108 63 sim-

145 2061 220 58 pliciter
310 2061 183 58 legato
438 2061 202 58 legatur
585 2061 220 58 quicquid
750 2061 128 58 est
823 2061 110 58 de
878 2061 275 58 integritate
1098 2061 238 58 corporis:
1281 2061 147 58 ergo
1373 2061 128 58 &c.
1446 2061 110 58 IN
1501 2061 257 58 contrarium
1703 2061 220 58 arguitur
1849 2061 92 58 mul

144 2117 266 67 tipliciter.
357 2117 160 67 Primo
464 2117 142 67 sic.
553 2117 142 67 Quod
642 2117 107 67 in
695 2117 195 67 nuilius
837 2117 178 67 vergit
961 2117 266 67 detrimentum
1174 2117 89 67 &
1210 2117 178 67 alicui
1334 2117 213 67 proficit
1494 2117 89 67 &
1530 2117 178 67 cultum
1654 2117 195 67 diuinum
1778 2117 160 67 augmen-

148 2166 137 57 tat:
233 2166 188 57 licitum
370 2166 137 57 est.
456 2166 171 57 factum
575 2166 103 57 in
627 2166 239 57 sepeliendo
815 2166 120 57 cor
883 2166 120 57 est
951 2166 239 57 huiusmodi:
1139 2166 137 57 quia
1225 2166 103 57 ex
1276 2166 120 57 hoc
1345 2166 188 57 monachi
1481 2166 171 57 nuilum
1601 2166 154 57 passi
1704 2166 137 57 sunt
1772 2166 171 57 detrimen

139 2217 135 68 tum:
223 2217 135 68 quia
308 2217 118 68 non
375 2217 219 68 pauciores
544 2217 219 68 habuerunt
712 2217 236 68 oblationes
898 2217 118 68 aut
965 2217 236 68 emolumenta
1151 2217 118 68 pro
1218 2217 135 68 solo
1302 2217 185 68 corpore
1437 2217 135 68 quam
1522 2217 101 68 si
1572 2217 118 68 cor
1640 2217 185 68 fuisset
1774 2217 152 68 simul
1859 2217 84 68 cum

142 2274 215 67 corpore
299 2274 235 67 sepultum
475 2274 156 67 apud
573 2274 156 67 eos:
671 2274 98 67 &
710 2274 137 67 hoc
788 2274 196 67 multum
925 2274 235 67 profecit
1101 2274 254 67 fratribus
1297 2274 98 67 &
1336 2274 196 67 animae
1473 2274 254 67 defuncti.
1668 2274 215 67 diuinus
1805 2274 137 67 etiam

145 2332 177 62 cultus
269 2332 266 62 augmentatus
482 2332 142 62 est:
571 2332 142 62 quia
660 2332 177 62 plures
784 2332 177 62 missae
908 2332 266 62 celebrantur
1121 2332 124 62 pro
1192 2332 213 62 defuncto
1352 2332 195 62 propter
1494 2332 142 62 hoc,
1582 2332 142 62 quam
1671 2332 106 62 si
1724 2332 160 62 simul
1813 2332 124 62 esset

145 2374 131 62 cor
220 2374 224 62 sepultum
388 2374 131 62 cum
463 2374 205 62 corpore
612 2374 149 62 apud
706 2374 243 62 monachos.
892 2374 149 62 ergo
986 2374 187 62 factum
1116 2374 205 62 fratrum
1266 2374 112 62 in
1322 2374 261 62 sepeliendo
1527 2374 149 62 cor,
1621 2374 205 62 licitum
1770 2374 168 62 fuit.
1863 2374 75 62 ex

140 2430 177 63 licite
264 2430 177 63 facto,
388 2430 159 63 nulla
494 2430 177 63 restat
618 2430 247 63 restitutio
812 2430 124 63 aut
883 2430 247 63 repetitio.
1077 2430 141 63 ergo
1165 2430 124 63 &c.
1236 2430 194 63 SEcundo
1377 2430 141 63 sic.
1466 2430 124 63 qua
1537 2430 194 63 ratione
1678 2430 194 63 monachi
1819 2430 88 63 a
1855 2430 124 63 di-

148 2490 142 66 ctis
237 2490 231 66 fratribus
415 2490 249 66 tenerentur
610 2490 213 66 repetere
770 2490 124 66 cor
841 2490 89 66 &
876 2490 195 66 fratres
1018 2490 266 66 restituere:
1232 2490 160 66 eadem
1338 2490 195 66 ratione
1480 2490 249 66 tenerentur
1676 2490 142 66 alia
1747 2490 195 66 intestina

146 2534 206 78 repetere
300 2534 86 78 a
334 2534 240 78 praedictis
523 2534 240 78 canonicis:
711 2534 86 78 &
746 2534 137 78 illi
831 2534 137 78 ipsa
917 2534 240 78 restituere
1105 2534 223 78 monachis.
1277 2534 120 78 cum
1345 2534 137 78 ergo
1431 2534 120 78 hoc
1500 2534 171 78 falsum
1620 2534 137 78 sit:
1705 2534 137 78 ergo
1791 2534 120 78 &c.
1842 2534 86 78 TER

148 2592 119 67 tio
216 2592 136 67 sic.
301 2592 204 67 secundum
454 2592 136 67 iura
540 2592 204 67 ciuilia:
693 2592 119 67 vbi
761 2592 204 67 sepultum
914 2592 119 67 est
982 2592 153 67 caput
1085 2592 170 67 ibidem
1204 2592 204 67 censetur
1357 2592 153 67 locus
1459 2592 238 67 religiosus
1647 2592 102 67 ac
1698 2592 102 67 si
1749 2592 153 67 totum
1834 2592 102 67 cor-

151 2641 124 70 pus
222 2641 124 70 ibi
293 2641 159 70 esset
399 2641 230 70 sepultum:
575 2641 159 70 etiam
681 2641 106 70 si
734 2641 177 70 membra
858 2641 141 70 alia
946 2641 159 70 alibi
1053 2641 194 70 fuerint
1194 2641 212 70 sepulta.
1353 2641 141 70 ergo
1441 2641 159 70 multo
1547 2641 194 70 fortius
1689 2641 124 70 vbi
1759 2641 159 70 caput
1848 2641 88 70 cum

146 2703 205 67 humeris
295 2703 112 67 et
351 2703 223 67 brachiis
519 2703 112 67 et
575 2703 168 67 aliis
686 2703 205 67 membris
835 2703 242 67 maioribus
1022 2703 130 67 est
1096 2703 242 67 sepultum,
1282 2703 93 67 &
1320 2703 186 67 corpus
1450 2703 279 67 simpliciter
1673 2703 242 67 censendum
1841 2703 93 67 est

144 2752 149 78 esse
238 2752 243 78 sepultum,
424 2752 168 78 quare
536 2752 131 78 cum
611 2752 149 78 haec
705 2752 205 78 sepulta
854 2752 149 78 sint
947 2752 149 78 apud
1041 2752 243 78 monachos:
1227 2752 187 78 corpus
1358 2752 280 78 simpliciter
1582 2752 149 78 apud
1676 2752 131 78 eos
1732 2752 205 78 censendum

149 2805 119 63 est
217 2805 136 63 esse
302 2805 222 63 sepultum.
473 2805 153 63 nihil
575 2805 153 63 autem
677 2805 153 63 aliud
779 2805 136 63 quam
865 2805 170 63 corpus
984 2805 256 63 simpliciter
1188 2805 187 63 legauit
1325 2805 119 63 eis
1393 2805 256 63 sepeliendum
1597 2805 239 63 defunctus.
1785 2805 136 63 ergo
1853 2805 85 63 &c.

146 2854 166 74 QVARto
263 2854 133 74 sic.
346 2854 100 74 in
396 2854 133 74 iure
479 2854 166 74 ciuili
595 2854 166 74 cautum
712 2854 116 74 est
778 2854 133 74 quod
862 2854 200 74 princeps
1011 2854 166 74 potest
1128 2854 166 74 mutare
1244 2854 200 74 tumulos:
1394 2854 133 74 quod
1477 2854 100 74 si
1527 2854 133 74 sic,
1610 2854 133 74 ergo
1693 2854 150 74 multo
1776 2854 150 74 fortius

138 2919 195 57 potest
274 2919 136 57 non
352 2919 253 57 tumulatum
546 2919 195 57 corpus
682 2919 253 57 diuidere:
877 2919 97 57 &
916 2919 195 57 partem
1052 2919 156 57 eius
1149 2919 117 57 in
1207 2919 195 57 tumulo
1343 2919 214 57 seorsum
1499 2919 214 57 ponere:
1655 2919 136 57 cum
1732 2919 156 57 ergo
1810 2919 117 57 fra-

148 2968 139 74 tres
234 2968 139 74 quod
321 2968 208 74 fecerunt
477 2968 225 74 tumulando
651 2968 139 74 cor,
737 2968 260 74 auctoritate
945 2968 225 74 principis
1119 2968 225 74 fecerunt:
1292 2968 139 74 ergo
1379 2968 121 74 &c.
1448 2968 173 74 QVINto
1570 2968 139 74 sic.
1657 2968 156 74 reges
1743 2968 191 74 praedeces

136 3016 147 75 sores
233 3016 130 75 eius
315 3016 147 75 cuius
413 3016 244 75 auctoritate
608 3016 81 75 &
641 3016 228 75 collatione
820 3016 179 75 fratres
950 3016 244 75 sepelierunt
1146 3016 130 75 cor:
1227 3016 261 75 consueuerunt
1439 3016 212 75 intestina
1602 3016 163 75 patrum
1716 3016 81 75 &
1749 3016 163 75 vxorum
1847 3016 81 75 sua

146 3078 105 58 rum
206 3078 181 58 partiri:
342 3078 75 58 &
372 3078 166 58 tradere
492 3078 211 58 sepelienda
658 3078 105 58 vbi
719 3078 196 58 voluerunt
869 3078 166 58 quoniam
990 3078 90 58 in
1035 3078 166 58 remotis
1155 3078 181 58 partibus
1291 3078 241 58 moriebantur:
1487 3078 105 58 sed
1547 3078 211 58 consuetudo
1713 3078 105 58 dat
1773 3078 105 58 ius
1818 3078 121 58 maxime

149 3130 167 72 regibus
270 3130 76 72 &
300 3130 242 72 principibus.
497 3130 121 72 ergo
573 3130 106 72 &c.
634 3130 136 72 SExto
724 3130 121 72 sic,
800 3130 121 72 quid
876 3130 167 72 possunt
997 3130 151 72 aliqui
1103 3130 182 72 tumulare
1239 3130 182 72 alicubi,
1376 3130 182 72 postquam
1512 3130 106 72 eis
1573 3130 136 72 datum
1663 3130 106 72 est
1724 3130 167 72 prasent
1830 3130 106 72 defer

142 3188 89 76 re
187 3188 74 76 &
216 3188 178 76 tumulare
349 3188 133 76 alibi
438 3188 207 76 vbicumque:
601 3188 148 76 quaere
705 3188 104 76 cum
764 3188 192 76 fratribus
912 3188 133 76 dicti
1001 3188 133 76 ordis
1089 3188 118 76 data
1163 3188 163 76 fuerunt
1282 3188 133 76 omnia
1371 3188 207 76 intestina,
1533 3188 89 76 et
1578 3188 207 76 potuissent
1741 3188 89 76 ea
1785 3188 133 76 simul
1874 3188 89 76 in
