2442 3747
201 269 104 104 in
253 269 243 104 infinitum:
444 269 104 104 in
496 269 295 104 essentialiter
738 269 156 104 tamen
843 269 226 104 ordinatis
1016 269 104 104 vt
1068 269 208 104 probatur
1224 269 191 104 secundo
1363 269 278 104 metaphysicae
1589 269 191 104 necesse
1727 269 121 104 est
1797 269 173 104 ponere
1901 269 104 104 sta-

203 367 140 62 tum.
290 367 192 62 Quantum
430 367 122 62 est
500 367 140 62 ergo
587 367 105 62 de
640 367 192 62 ratione
779 367 227 62 specierum
954 367 192 62 hominis
1094 367 87 62 &
1129 367 192 62 seminis
1269 367 87 62 &
1304 367 280 62 indiuiduorum
1531 367 192 62 ipsorum
1671 367 262 62 simpliciter
1863 367 140 62 status

201 409 142 71 est:
290 409 107 71 vt
344 409 125 71 non
415 409 178 71 semper
539 409 214 71 procedat
700 409 142 71 homo
789 409 107 71 ex
842 409 178 71 semine
967 409 89 71 &
1002 409 160 71 semen
1109 409 107 71 ex
1162 409 196 71 homine:
1305 409 125 71 sed
1376 409 267 71 simpliciter
1590 409 160 71 semen
1696 409 107 71 ex
1750 409 196 71 homine:
1892 409 89 71 &
1910 409 89 71 hoc

207 472 99 62 in
256 472 164 62 aliquo
371 472 230 62 indiuiduo,
552 472 115 62 hoc
617 472 164 62 semine
732 472 230 62 procedente
913 472 99 62 ex
962 472 131 62 isto
1044 472 164 62 homine
1159 472 115 62 qui
1225 472 115 62 non
1291 472 214 62 processit
1455 472 99 62 ex
1504 472 181 62 semine.
1636 472 246 62 Simpliciter
1833 472 131 62 ergo
1915 472 115 62 pro

200 517 243 68 ductionem
387 517 205 68 hominis
536 517 168 68 facti
648 517 112 68 ex
705 517 187 68 semine
835 517 168 68 sicut
947 517 93 68 &
985 517 299 68 productionem
1227 517 205 68 seminis
1377 517 224 68 reducere
1545 517 205 68 oportet
1694 517 112 68 ad
1732 517 261 68 productionem

199 568 195 72 hominis
341 568 159 72 facti
447 568 124 72 non
518 568 106 72 ex
571 568 195 72 semine:
713 568 89 72 &
748 568 142 72 ideo
837 568 106 72 ex
890 568 177 72 aliqua
1014 568 142 72 alia
1103 568 124 72 sua
1173 568 159 72 causa
1280 568 248 72 efficiente
1474 568 230 72 immediate
1652 568 124 72 aut
1722 568 213 72 caelesti
1864 568 124 72 corpo

198 623 103 72 re
249 623 120 72 aut
318 623 172 72 aliqua
438 623 137 72 alia
524 623 120 72 non
593 623 206 72 caelesti
748 623 206 72 corpore,
902 623 103 72 vt
954 623 120 72 iam
1023 623 189 72 habitum
1160 623 137 72 est,
1246 623 137 72 ergo
1332 623 86 72 a
1366 623 137 72 deo:
1452 623 86 72 &
1487 623 120 72 hoc
1555 623 120 72 non
1624 623 206 72 secundum
1779 623 189 72 speciem
1899 623 86 72 se-

208 674 189 73 paratam:
350 674 110 73 sed
413 674 95 73 in
461 674 158 73 aliquo
571 674 126 73 eius
650 674 205 73 indiuiduo
808 674 110 73 vno
871 674 110 73 vel
934 674 205 73 pluribus.
1092 674 110 73 Sic
1155 674 126 73 ergo
1234 674 126 73 etsi
1313 674 158 73 caelum
1423 674 79 73 &
1455 674 189 73 elementa
1597 674 158 73 essent
1707 674 189 73 aeterna,
1849 674 126 73 quae
1928 674 95 73 in

200 729 216 70 singulis
362 729 252 70 indiuiduis
560 729 162 70 facta
668 729 216 70 fuissent
830 729 90 70 a
866 729 144 70 deo:
956 729 162 70 tamen
1064 729 198 70 necesse
1207 729 126 70 est
1279 729 180 70 ponere
1405 729 198 70 aliquem
1549 729 144 70 vnum
1639 729 198 70 hominem
1783 729 126 70 aut
1837 729 144 70 plures

193 793 236 63 immediate
374 793 181 63 factos
501 793 91 63 a
538 793 145 63 deo:
628 793 145 63 ante
719 793 145 63 quos
810 793 163 63 nulli
919 793 91 63 &
955 793 91 63 a
991 793 181 63 quibus
1118 793 218 63 caeteri.
1281 793 163 63 Quare
1390 793 127 63 cum
1463 793 145 63 vnus
1554 793 145 63 homo
1644 793 127 63 vel
1717 793 181 63 plures
1844 793 145 63 idem
1916 793 73 63 nu

202 840 137 68 mero
288 840 120 68 non
356 840 223 68 potuerunt
528 840 154 68 facti
631 840 172 68 fuisse
751 840 103 68 ab
802 840 206 68 aeterno:
957 840 137 68 quia
1042 840 154 68 certa
1145 840 120 68 est
1214 840 206 68 periodus
1368 840 172 68 totius
1488 840 154 68 vitae
1591 840 257 68 generabilis
1797 840 86 68 &
1814 840 172 68 corrupti

205 890 168 74 bilis:
323 890 185 74 necesse
457 890 118 74 est
524 890 134 74 ergo
608 890 218 74 huiusmodi
776 890 218 74 indiuidua
944 890 84 74 a
978 890 118 74 deo
1045 890 235 74 incepisse:
1229 890 118 74 cum
1297 890 118 74 nec
1364 890 134 74 ipsa
1448 890 118 74 nec
1515 890 134 74 alia
1599 890 218 74 indiuidua
1767 890 185 74 hominis
1884 890 101 74 prae

200 958 262 63 cessissent.
409 958 105 63 Et
461 958 157 63 eadem
566 958 157 63 ratio
670 958 122 63 est
740 958 105 63 de
792 958 192 63 omnibus
932 958 227 63 perfectis
1106 958 139 63 quae
1193 958 227 63 immediate
1368 958 87 63 a
1403 958 157 63 caelo
1507 958 192 63 produci
1647 958 122 63 non
1716 958 209 63 possunt:
1873 958 87 63 &
1891 958 87 63 sic

201 999 183 68 necesse
334 999 116 68 est
401 999 183 68 species
534 999 166 68 omnium
650 999 166 68 talium
766 999 216 68 incepisse
932 999 116 68 cum
999 999 150 68 prius
1099 999 116 68 non
1165 999 216 68 fuissent.
1331 999 116 68 Non
1398 999 116 68 est
1464 999 133 68 ergo
1547 999 150 68 verum
1647 999 133 68 quid
1730 999 166 68 dictum
1846 999 116 68 est
1896 999 83 68 su-

204 1064 128 61 pra
277 1064 220 61 secundum
441 1064 293 61 philosophum:
679 1064 201 61 species
826 1064 293 61 generabilium
1063 1064 91 61 &
1100 1064 329 61 corruptibilium
1374 1064 128 61 non
1448 1064 146 61 esse
1539 1064 220 61 causatas
1704 1064 146 61 nisi
1795 1064 128 61 per
1850 1064 128 61 gene-

210 1116 195 58 rationem
356 1116 146 58 vnius
453 1116 97 58 ab
502 1116 130 58 alio
583 1116 81 58 &
616 1116 81 58 a
648 1116 146 58 caelo
746 1116 97 58 ex
794 1116 195 58 potentia
941 1116 211 58 materiae.
1103 1116 130 58 immo
1184 1116 179 58 necesse
1314 1116 114 58 est
1379 1116 146 58 ipsas
1477 1116 211 58 immediate
1639 1116 179 58 causari
1769 1116 81 58 a
1801 1116 114 58 deo
1866 1116 97 58 in
1899 1116 81 58 ali

204 1176 181 57 quibus
331 1176 145 57 suis
421 1176 272 57 indiuiduis:
639 1176 91 57 &
675 1176 145 57 tunc
766 1176 163 57 primo
874 1176 109 57 ex
929 1176 181 57 semine
1056 1176 199 57 illorum
1201 1176 127 57 cum
1273 1176 199 57 virtute
1418 1176 163 57 caeli
1527 1176 199 57 produci
1672 1176 236 57 indiuidua
1835 1176 145 57 consi-

192 1222 150 62 milia
292 1222 100 62 in
342 1222 166 62 specie
458 1222 100 62 ex
508 1222 199 62 materia:
658 1222 83 62 &
691 1222 166 62 aliter
807 1222 133 62 non.
890 1222 100 62 Et
940 1222 116 62 per
1007 1222 133 62 hunc
1090 1222 150 62 modum
1189 1222 116 62 cum
1256 1222 100 62 in
1306 1222 199 62 diuersis
1455 1222 150 62 actus
1555 1222 249 62 simpliciter
1754 1222 216 62 praecedat
1904 1222 83 62 po-

199 1278 206 59 tentiam:
354 1278 155 59 licet
457 1278 206 59 potentia
612 1278 103 59 in
663 1278 138 59 hoc,
749 1278 224 59 praecedat
921 1278 155 59 actum
1025 1278 103 59 in
1076 1278 155 59 illo:
1179 1278 103 59 vt
1231 1278 155 59 licet
1334 1278 206 59 potentia
1489 1278 103 59 in
1541 1278 120 59 hoc
1610 1278 120 59 ouo
1678 1278 224 59 praecedit
1833 1278 155 59 tempore

199 1326 153 68 actum
301 1326 102 68 in
352 1326 187 68 gallina
488 1326 102 68 ex
538 1326 136 68 illo
623 1326 221 68 generata:
793 1326 85 68 &
827 1326 119 68 sic
895 1326 187 68 tempore
1031 1326 221 68 praecedit
1200 1326 204 68 potentia
1353 1326 170 68 actum:
1472 1326 85 68 &
1506 1326 153 68 actus
1608 1326 102 68 in
1659 1326 119 68 hac
1726 1326 187 68 gallina
1845 1326 136 68 poten-

201 1386 133 60 tiam
285 1386 100 60 in
335 1386 117 60 ouo
401 1386 100 60 ex
451 1386 117 60 quo
518 1386 133 60 alia
601 1386 183 60 gallina
735 1386 117 60 est
801 1386 233 60 generanda:
985 1386 117 60 hoc
1051 1386 150 60 tamen
1152 1386 117 60 non
1218 1386 200 60 procedit
1368 1386 100 60 in
1418 1386 233 60 infinitum.
1602 1386 133 60 immo
1685 1386 183 60 necesse
1818 1386 117 60 est
1868 1386 117 60 stare

203 1439 104 58 in
255 1439 191 58 gallina
394 1439 139 58 quae
480 1439 122 58 non
550 1439 156 58 habet
654 1439 139 58 esse
741 1439 104 58 ex
793 1439 139 58 ouo:
880 1439 122 58 sed
949 1439 139 58 quae
1036 1439 226 58 praecedit
1210 1439 139 58 omne
1297 1439 139 58 ouum
1384 1439 87 58 &
1418 1439 156 58 omnem
1522 1439 208 58 gallinam
1679 1439 226 58 generatam
1852 1439 104 58 ex
1887 1439 87 58 ouo

193 1494 82 60 &
225 1494 115 60 sic
291 1494 148 60 actus
389 1494 246 60 simpliciter
586 1494 229 60 necessario
766 1494 213 60 praecedit
930 1494 213 60 potentiam
1094 1494 197 60 tempore.
1242 1494 131 60 Quid
1323 1494 148 60 etiam
1422 1494 131 60 ipse
1504 1494 246 60 Aristoteles
1700 1494 197 60 testatur
1848 1494 131 60 esse
1913 1494 66 60 ne

203 1538 227 72 cessarium.
381 1538 113 72 ix,
446 1538 259 72 metaphysicae
656 1538 113 72 vbi
721 1538 146 72 dicit
818 1538 130 72 quod
899 1538 146 72 licet
996 1538 97 72 in
1045 1538 146 72 eodem
1142 1538 194 72 secundum
1288 1538 178 72 numerum
1417 1538 130 72 quod
1498 1538 97 72 de
1547 1538 194 72 potentia
1693 1538 194 72 procedit
1838 1538 97 72 ad
1871 1538 113 72 actum

200 1590 205 69 potentia
354 1590 188 69 tempore
491 1590 223 69 praecedit
662 1590 171 69 actum:
782 1590 137 69 idem
867 1590 154 69 tamen
970 1590 205 69 secundum
1124 1590 188 69 speciem
1261 1590 103 69 in
1312 1590 171 69 aliquo
1432 1590 223 69 indiuiduo
1603 1590 188 69 existit
1740 1590 103 69 in
1792 1590 137 69 actu
1860 1590 120 69 prius

206 1646 133 62 quam
290 1646 183 62 aliquod
423 1646 183 62 aliorum
557 1646 183 62 existit
690 1646 100 62 in
740 1646 217 62 potentia.
907 1646 133 62 dico
990 1646 217 62 materiae:
1157 1646 100 62 vt
1207 1646 100 62 ex
1257 1646 117 62 qua
1324 1646 183 62 aliquid
1457 1646 200 62 procedit
1607 1646 100 62 de
1657 1646 200 62 potentia
1807 1646 100 62 in
1841 1646 133 62 actum.

193 1702 151 65 Quia
287 1702 151 65 ergo
382 1702 226 65 arguitur
551 1702 188 65 primo:
683 1702 151 65 quod
777 1702 226 65 secundum
947 1702 283 65 philosophum
1173 1702 151 65 homo
1267 1702 188 65 semper
1399 1702 245 65 generatur
1587 1702 113 65 ab
1644 1702 207 65 homine:
1776 1702 188 65 Dicendum

205 1753 127 67 quod
284 1753 158 67 reuera
395 1753 111 67 hoc
458 1753 127 67 erat
538 1753 95 67 de
585 1753 142 67 mente
680 1753 127 67 sua:
759 1753 111 67 sed
822 1753 111 67 non
886 1753 111 67 est
949 1753 142 67 verum
1044 1753 95 67 vt
1092 1753 158 67 dictum
1202 1753 127 67 est.
1281 1753 95 67 AD
1329 1753 206 67 secundum:
1487 1753 127 67 quod
1566 1753 158 67 formae
1677 1753 95 67 in
1725 1753 190 67 potentia
1867 1753 95 67 in
1899 1753 63 67 ma

204 1812 178 63 teria,
329 1812 143 63 sunt
418 1812 143 63 actu
508 1812 107 63 in
561 1812 178 63 motore
686 1812 161 63 primo
793 1812 125 63 &c.
864 1812 214 63 Dicendum
1025 1812 143 63 quod
1114 1812 161 63 verum
1221 1812 125 63 est
1293 1812 250 63 appellando
1489 1812 196 63 motorem
1632 1812 178 63 primum
1757 1812 161 63 deum.
1846 1812 125 63 Omnia

196 1874 138 53 enim
282 1874 207 53 antequam
438 1874 156 53 fiant
541 1874 138 53 sunt
628 1874 104 53 in
680 1874 138 53 actu
766 1874 104 53 in
818 1874 138 53 eius
904 1874 207 53 notitia:
1060 1874 86 53 &
1095 1874 104 53 in
1146 1874 138 53 eius
1233 1874 242 53 substantia
1423 1874 207 53 secundum
1578 1874 207 53 rationes
1734 1874 190 53 ideales
1872 1874 86 53 &
1890 1874 86 53 per

201 1915 262 66 fectionales
410 1915 105 66 vt
463 1915 192 66 habitum
602 1915 122 66 est
672 1915 175 66 supra:
795 1915 87 66 &
830 1915 140 66 bene
917 1915 175 66 potest
1039 1915 105 66 ex
1092 1915 192 66 materia
1232 1915 157 66 omnia
1336 1915 227 66 producere
1511 1915 245 66 immediate:
1703 1915 227 66 secundum,
1878 1915 140 66 quod

202 1969 214 67 produxit,
366 1969 99 67 vt
416 1969 181 67 habetur
548 1969 132 67 Gen.
630 1969 165 67 primo.
746 1969 115 67 Sed
812 1969 132 67 haec
894 1969 115 67 non
960 1969 115 67 est
1026 1969 198 67 intentio
1175 1969 247 67 philosophi:
1373 1969 115 67 qui
1439 1969 198 67 intendit
1587 1969 132 67 quod
1670 1969 115 67 non
1736 1969 165 67 potest
1851 1969 165 67 produ-

208 2019 121 68 cere
283 2019 166 68 aliquid
404 2019 272 68 qualitercumque
631 2019 166 68 existat
752 2019 91 68 in
797 2019 136 68 ipso,
888 2019 121 68 nisi
963 2019 181 68 mediante
1099 2019 121 68 motu
1175 2019 196 68 caelesti:
1326 2019 181 68 secundum
1461 2019 121 68 quod
1537 2019 136 68 dicit
1628 2019 227 68 Commentator
1809 2019 136 68 viii.
1884 2019 91 68 phy.

211 2075 197 64 Voluntas
358 2075 181 64 antiqua
490 2075 148 64 nihil
588 2075 148 64 nouum
687 2075 148 64 facit
785 2075 131 64 nisi
867 2075 197 64 mediante
1015 2075 131 64 alio
1097 2075 181 64 antique
1228 2075 197 64 scilicet
1376 2075 131 64 motu
1458 2075 213 64 caelesti.
1622 2075 98 64 Et
1671 2075 115 64 sic
1737 2075 230 64 argumentum
1917 2075 98 64 in

204 2137 183 62 tendit
332 2137 256 62 concludere
533 2137 146 62 quod
624 2137 165 62 motor
734 2137 183 62 primus
862 2137 220 62 naturali
1027 2137 165 62 cursu
1137 2137 220 62 mediante
1301 2137 165 62 caelo
1411 2137 183 62 posset
1539 2137 165 62 omnia
1649 2137 110 62 ex
1704 2137 201 62 materia
1832 2137 146 62 produ-

197 2181 145 67 cere:
294 2181 97 67 vt
342 2181 113 67 non
407 2181 113 67 sit
471 2181 129 67 opus
552 2181 178 67 hominem
681 2181 161 67 semper
794 2181 194 67 generari
939 2181 97 67 ab
988 2181 178 67 homine.
1117 2181 97 67 Et
1165 2181 113 67 est
1230 2181 210 67 dicendum:
1391 2181 129 67 quod
1472 2181 145 67 licet
1569 2181 145 67 omnia
1665 2181 129 67 sint
1746 2181 129 67 actu
1827 2181 97 67 in
1859 2181 113 67 primo

201 2239 167 66 motore
318 2239 134 66 quae
402 2239 134 66 sunt
486 2239 100 66 in
536 2239 201 66 potentia
686 2239 100 66 in
736 2239 201 66 materia:
887 2239 117 66 non
954 2239 151 66 tamen
1054 2239 117 66 sic
1121 2239 134 66 quin
1205 2239 184 66 oportet
1338 2239 100 66 vt
1389 2239 201 66 perfecta
1539 2239 134 66 sint
1623 2239 151 66 primo
1723 2239 100 66 ab
1773 2239 134 66 ipso
1840 2239 134 66 produ-

198 2287 125 79 cta
270 2287 233 79 immediate
449 2287 161 79 sicut
556 2287 89 79 &
592 2287 197 79 caelum.
735 2287 89 79 &
771 2287 143 79 tunc
860 2287 215 79 mediante
1021 2287 161 79 caelo
1129 2287 89 79 &
1165 2287 268 79 mediantibus
1379 2287 233 79 perfectis
1558 2287 107 79 ex
1612 2287 197 79 materia
1755 2287 215 79 producit
1898 2287 72 79 in

204 2346 197 64 diuidua
348 2346 251 64 consimilia
545 2346 108 64 in
599 2346 180 64 specie
725 2346 108 64 vt
779 2346 180 64 dictum
886 2346 108 64 est.

545 2361 117 102 lrca
618 2361 161 102 tertium
735 2361 175 102 arguitur
867 2361 117 102 quod
940 2361 161 102 nobilis
1057 2361 146 102 semper
1159 2361 175 102 procedit
1291 2361 88 102 ab
1335 2361 146 102 initio
1437 2361 88 102 ab
1481 2361 146 102 aliquo
1583 2361 161 102 nobili:
1700 2361 117 102 quia
1773 2361 132 102 cauam
1846 2361 117 102 semper

539 2459 200 59 nobilior
689 2459 117 59 est
756 2459 117 59 suo
822 2459 200 59 effectu.
972 2459 133 59 ergo
1056 2459 183 59 quanto.
1189 2459 133 59 quis
1272 2459 183 59 recedit
1405 2459 83 59 a
1439 2459 150 59 primo
1539 2459 200 59 stipite:
1689 2459 150 59 tanto
1788 2459 117 59 est
1838 2459 117 59 minus

540 2506 167 68 nobilis
661 2506 182 68 stipite.
798 2506 121 68 ergo
873 2506 106 68 &c.
934 2506 91 68 IN
980 2506 212 68 contrarium
1146 2506 106 68 est
1207 2506 227 68 philosophus
1389 2506 167 68 secundo
1510 2506 152 68 rheto.
1616 2506 182 68 DIcendum
1753 2506 121 68 quod
1813 2506 152 68 secundum

546 2553 247 75 philosophum
743 2553 148 75 primo
842 2553 198 75 politic.
990 2553 148 75 Nihil
1089 2553 148 75 aliud
1188 2553 132 75 quam
1270 2553 165 75 virtus
1386 2553 82 75 &
1418 2553 181 75 malitia
1550 2553 247 75 determinant
1748 2553 165 75 seruum
1863 2553 82 75 &
1880 2553 82 75 li-

540 2617 152 67 berum:
646 2617 76 67 &
677 2617 168 67 nobiles
799 2617 76 67 &
829 2617 213 67 ignobiles.
997 2617 107 67 Sed
1058 2617 107 67 hoc
1119 2617 107 67 non
1180 2617 107 67 est
1241 2617 107 67 tam
1302 2617 213 67 aspiciendo
1469 2617 91 67 ad
1515 2617 168 67 habitus
1637 2617 213 67 generatos,
1804 2617 122 67 quam
1881 2617 91 67 ad
1911 2617 61 67 na

494 2669 180 77 aturales
629 2669 255 77 dispositiones
839 2669 150 77 quibus
944 2669 165 77 homines
1064 2669 120 77 nati
1139 2669 120 77 sunt
1214 2669 180 77 recipere
1349 2669 120 77 eos:
1424 2669 90 77 vt
1469 2669 165 77 habetur
1589 2669 165 77 secundo
1709 2669 195 77 Ethicoru.
1859 2669 105 77 nec
1904 2669 75 77 tam

193 2714 220 72 aspiciendo
366 2714 94 72 ad
414 2714 268 72 dispositionem
634 2714 205 72 huiusmodi
791 2714 94 72 vt
839 2714 157 72 habita
949 2714 110 72 est
1012 2714 189 72 absolute
1153 2714 94 72 ab
1201 2714 173 72 aliquo:
1327 2714 126 72 quam
1405 2714 94 72 vt
1453 2714 110 72 diu
1516 2714 157 72 tracta
1626 2714 110 72 est
1689 2714 110 72 per
1752 2714 157 72 multos
1846 2714 126 72 medios

203 2769 92 73 ab
249 2769 183 73 antiquis
386 2769 275 73 progenitoribus
615 2769 214 73 nobilibus:
783 2769 107 73 qui
844 2769 168 73 propter
966 2769 198 73 naturalem
1118 2769 229 73 nobilitatem
1302 2769 122 73 quao
1378 2769 122 73 bene
1454 2769 107 73 vsi
1515 2769 122 73 sunt
1591 2769 92 73 in
1637 2769 137 73 actus
1729 2769 168 73 nobiles
1836 2769 137 73 exercen

204 2818 118 85 do:
272 2818 84 85 &
305 2818 118 85 per
373 2818 118 85 hoc
440 2818 186 85 habitus
575 2818 186 85 nobiles
710 2818 253 85 acquirendo:
913 2818 219 85 meruerunt
1082 2818 203 85 praefici
1234 2818 203 85 populis,
1385 2818 84 85 &
1419 2818 135 85 post
1504 2818 203 85 haeredes
1655 2818 118 85 sui
1723 2818 135 85 iure
1790 2818 186 85 haeredita

203 2877 108 81 rio.
271 2877 81 81 Et
312 2877 163 81 secundum
434 2877 95 81 hoc
488 2877 203 81 philosophus
651 2877 190 81 determinat
800 2877 108 81 quod
868 2877 176 81 nobilitas
1004 2877 163 81 requirit
1126 2877 231 81 antiquitatem.
1315 2877 95 81 Cum
1370 2877 108 81 ergo
1438 2877 176 81 quaeritur
1573 2877 122 81 vtrum
1655 2877 176 81 nobilitas
1790 2877 149 81 generis
1885 2877 95 81 proce

204 2931 102 69 dat
263 2931 87 69 ab
306 2931 160 69 aliquam
423 2931 145 69 nobili
524 2931 87 69 an
568 2931 189 69 ignobili:
713 2931 174 69 Dicendum
844 2931 116 69 quod
917 2931 87 69 si
960 2931 174 69 loquamur
1091 2931 87 69 de
1135 2931 204 69 nobilitate
1295 2931 218 69 simpliciter
1469 2931 174 69 secundum
1600 2931 160 69 naturam
1716 2931 116 69 rei:
1789 2931 102 69 sic
1847 2931 102 69 non
1891 2931 87 69 opor

207 2988 108 67 tet
268 2988 123 67 quod
345 2988 169 67 nobilis
468 2988 185 67 procedat
607 2988 77 67 a
638 2988 169 67 nobili.
761 2988 123 67 immo
838 2988 200 67 ignobilis
992 2988 154 67 natura
1100 2988 77 67 &
1130 2988 169 67 moribus
1253 2988 123 67 bene
1330 2988 154 67 potest
1438 2988 185 67 generare
1577 2988 169 67 nobilem
1700 2988 169 67 natura:
1823 2988 108 67 qui
1885 2988 123 67 bono

205 3045 121 63 vsu
274 3045 189 63 naturae
411 3045 121 63 sit
480 3045 138 63 vere
566 3045 189 63 nobilis
704 3045 189 63 habitu:
842 3045 155 63 sicut
945 3045 224 63 econuerso
1117 3045 86 63 a
1152 3045 138 63 vere
1238 3045 172 63 nobili
1358 3045 172 63 potest
1479 3045 224 63 procedere
1651 3045 138 63 vere
1737 3045 241 63 ignobilis:
1909 3045 69 63 vt

196 3087 118 74 iam
263 3087 202 74 dicetur.
415 3087 101 74 Si
465 3087 135 74 vero
549 3087 202 74 loquamur
701 3087 101 74 de
751 3087 235 74 nobilitate
936 3087 185 74 generis
1071 3087 202 74 secundum
1222 3087 135 74 quam
1306 3087 151 74 vulgo
1407 3087 168 74 solent
1525 3087 219 74 appellari
1693 3087 202 74 nobiles,
1844 3087 118 74 qui
1895 3087 84 74 sae

200 3147 139 89 pius
287 3147 209 89 secundum
444 3147 122 89 rei
513 3147 227 89 veritatem
688 3147 174 89 multum
810 3147 139 89 sunt
897 3147 244 89 ignobiles:
1089 3147 122 89 sic
1159 3147 227 89 nobilitas
1333 3147 209 89 includit
1490 3147 296 89 antiquitatem.
1734 3147 105 89 Et
1786 3147 139 89 tunc
1856 3147 122 89 disti
