2396 3720
486 222 186 112 guendum
621 222 101 112 de
672 222 186 112 initio:
807 222 135 112 quia
891 222 118 112 aut
959 222 118 112 est
1026 222 152 112 sermo
1127 222 101 112 de
1178 222 169 112 initio
1296 222 202 112 generis:
1448 222 118 112 vel
1515 222 101 112 de
1566 222 169 112 initio
1684 222 270 112 simpliciter.
1903 222 101 112 Si
1954 222 152 112 primo
2055 222 152 112 modo:
2140 222 84 112 sic

489 320 135 71 dico
574 320 135 71 quod
658 320 220 71 nobilitas
827 320 169 71 semper
946 320 203 71 procedit
1098 320 85 71 a
1132 320 186 71 nobili.
1267 320 118 71 Non
1335 320 135 71 enim
1419 320 220 71 inchoauit
1588 320 152 71 genus
1690 320 254 71 nobilitatis
1893 320 101 71 ab
1944 320 169 71 initio
2062 320 101 71 in
2096 320 135 71 quocum

495 381 136 63 qued
580 381 170 63 genere
699 381 204 63 nobilium
852 381 136 63 nisi
937 381 187 63 nobilis
1074 381 136 63 vere
1159 381 119 63 aut
1227 381 255 63 aestimatus.
1431 381 170 63 nullus
1550 381 136 63 enim
1635 381 102 63 ab
1686 381 170 63 initio
1806 381 187 63 incipit
1942 381 204 63 dominari
2095 381 119 63 aut
2146 381 85 63 im-

483 429 179 65 perare
609 429 179 65 populo
734 429 144 65 nisi
824 429 197 65 propter
968 429 197 65 aliquam
1111 429 251 65 probitatem
1309 429 126 65 qua
1380 429 251 65 praefertur
1578 429 144 65 eis.
1668 429 126 65 par
1739 429 144 65 enim
1829 429 108 65 in
1883 429 162 65 parem
1991 429 179 65 nullum
2098 429 126 65 debet

484 484 174 69 habere
605 484 226 69 imperium.
779 484 139 69 Vnde
866 484 209 69 Nenroth,
1023 484 209 69 secundum
1180 484 226 69 magistrum
1354 484 174 69 hist,.
1476 484 157 69 primo
1580 484 139 69 sibi
1667 484 209 69 subiecit
1824 484 209 69 populum:
1980 484 191 69 propter
2120 484 139 69 quod

482 542 187 62 dicitur
618 542 170 62 fuisse
738 542 187 62 venator
874 542 307 62 robustissimus:
1129 542 119 62 hoc
1198 542 119 62 est
1266 542 204 62 bellator
1419 542 273 62 fortissimus.
1641 542 119 62 Qui
1709 542 102 62 si
1760 542 136 62 vere
1845 542 187 62 nobilis
1981 542 136 62 fuit
2067 542 102 62 vt
2101 542 136 62 probit

488 592 108 59 te
542 592 126 59 sua
614 592 161 59 primo
721 592 215 59 inceprit
883 592 215 59 dominari
1044 592 108 59 in
1098 592 161 59 regno
1206 592 269 59 Assyriorum:
1421 592 90 59 &
1457 592 197 59 accepit
1600 592 179 59 vxorem
1726 592 144 59 sibi
1815 592 108 59 in
1869 592 251 59 nobilitate
2049 592 197 59 respondem

479 653 143 56 tem,
568 653 267 56 naturaliter
782 653 232 56 genuerunt
960 653 178 56 prolem
1085 653 214 56 nobilem.
1245 653 196 56 dicente
1388 653 249 56 philosopho
1584 653 107 56 in
1637 653 160 56 primo
1744 653 214 56 politic.
1904 653 107 56 Ex
1958 653 196 56 ambobus
2083 653 160 56 diuinis

482 697 103 61 id
533 697 121 61 est
602 697 224 61 virtuosis
775 697 86 61 &
809 697 224 61 nobilibus
982 697 328 61 progenitricibus
1258 697 224 61 radicibus
1430 697 138 61 quis
1517 697 172 61 vtique
1637 697 276 61 dignificabit
1862 697 190 61 aliquid
2000 697 172 61 dicere
2103 697 138 61 seruum

492 754 158 69 cilicet
606 754 172 69 generari
735 754 86 69 ex
778 754 143 69 illis:
878 754 129 69 quasi
964 754 143 69 dicat,
1064 754 158 69 nuilus.
1179 754 129 69 cuius
1265 754 172 69 rationem
1394 754 158 69 subdit.
1508 754 215 69 Dignificant
1680 754 129 69 enim.
1766 754 86 69 i.
1809 754 143 69 dignum
1909 754 143 69 dicunt
2010 754 158 69 homines
2124 754 72 69 &
2138 754 115 69 iustum

485 809 139 63 esse
572 809 261 63 quemadmodum
780 809 104 63 ex
832 809 174 63 homine
954 809 209 63 hominem,
1110 809 87 63 &
1145 809 104 63 ex
1197 809 191 63 bestiis
1336 809 191 63 bestiam
1475 809 174 63 fieri:
1597 809 122 63 sic
1666 809 87 63 &
1701 809 104 63 ex
1753 809 156 63 bonis
1858 809 174 63 bonum.
1979 809 104 63 Et
2031 809 122 63 hoc
2101 809 139 63 quia
2170 809 70 63 mo

484 862 129 58 res
557 862 147 58 boni
649 862 111 58 et
705 862 203 58 nobiles
852 862 240 58 informant
1037 862 240 58 nobiliter
1221 862 221 58 virtutem
1387 862 313 58 imaginatiuam:
1645 862 147 58 quae
1737 862 147 58 hora
1829 862 240 58 conceptus
2014 862 129 58 cum
2069 862 166 58 habetur

482 918 221 63 affectio
647 918 111 63 ad
703 918 184 63 prolem
832 918 276 63 generandam:
1053 918 111 63 in
1108 918 203 63 teneram
1255 918 221 63 materiam
1421 918 221 63 imprimit
1587 918 221 63 secundum
1753 918 276 63 conditionem
1956 918 276 63 imaginationis

486 969 303 63 dispositionem
736 969 107 63 ad
789 969 268 63 procreandum
1003 969 196 63 foetum:
1146 969 214 63 secundum
1307 969 232 63 naturalem
1485 969 303 63 dispositionem
1735 969 285 63 respondentem
1966 969 250 63 nobilitati
2145 969 89 63 ge-

476 1030 254 54 nerantium.
675 1030 91 54 &
712 1030 127 54 hoc
784 1030 145 54 ideo
875 1030 145 54 quia
965 1030 163 54 anima
1074 1030 272 54 simpliciter
1292 1030 127 54 non
1364 1030 163 54 solum
1473 1030 109 54 se
1527 1030 163 54 habet
1636 1030 109 54 ad
1690 1030 181 54 corpus
1817 1030 109 54 vt
1872 1030 163 54 forma
1980 1030 109 54 ad
2035 1030 236 54 materiam:

485 1082 122 57 aut
554 1082 105 57 vt
607 1082 175 57 mouens
729 1082 105 57 ad
782 1082 175 57 motum:
904 1082 122 57 sed
974 1082 105 57 vt
1027 1082 192 57 artifex
1167 1082 105 57 ad
1219 1082 297 57 artificiatum.
1464 1082 157 57 Sicut
1569 1082 140 57 enim
1657 1082 192 57 artifex
1797 1082 210 57 mediante
1954 1082 157 57 forma
2042 1082 192 57 exemplari

481 1140 153 64 artis
583 1140 119 64 per
651 1140 272 64 instrumentum
872 1140 238 64 consimilem
1059 1140 187 64 speciem
1195 1140 204 64 imprimit
1348 1140 272 64 artificiato:
1568 1140 119 64 sic
1636 1140 153 64 anima
1738 1140 153 64 forma
1840 1140 170 64 nobili
1959 1140 204 64 virtutis
2112 1140 85 64 &
2146 1140 119 64 pro

483 1195 181 55 bitatis
614 1195 181 55 affecta
746 1195 115 55 per
812 1195 198 55 virtutem
961 1195 247 55 generatiuam
1158 1195 99 55 in
1208 1195 165 55 calore
1323 1195 198 55 naturali
1472 1195 99 55 vt
1521 1195 115 55 per
1587 1195 280 55 instrumentum,
1818 1195 181 55 similem
1950 1195 115 55 aut
1999 1195 231 55 respondentem

479 1250 293 65 dispositionem
720 1250 242 65 corporalem
910 1250 207 65 imprimit
1065 1250 155 65 nato:
1169 1250 155 65 cuius
1272 1250 276 65 dispositione
1497 1250 259 65 habilitetur
1704 1250 86 65 &
1738 1250 242 65 inclinetur
1928 1250 104 65 ad
1980 1250 242 65 consimilem
2152 1250 69 65 ac

488 1304 233 63 quirendam:
672 1304 200 63 secundum
822 1304 133 63 quod
905 1304 133 63 oues
988 1304 167 63 lacob:
1105 1304 117 63 per
1171 1304 200 63 imagines
1321 1304 200 63 receptas
1471 1304 83 63 a
1505 1304 167 63 virgis
1621 1304 250 63 conceperunt
1821 1304 167 63 foetus
1938 1304 267 63 respondentes
2154 1304 100 63 in

489 1361 155 53 colore
597 1361 232 53 imaginanti.
782 1361 124 53 Quod
860 1361 155 53 ibidem
968 1361 93 53 in
1014 1361 139 53 Glos.
1107 1361 186 53 exponens
1246 1361 217 53 Augustinus
1416 1361 155 53 dicit.
1525 1361 217 53 Inhaeserat
1695 1361 155 53 animae
1803 1361 186 53 discolor
1942 1361 201 53 phantasia
2097 1361 93 53 ex
2143 1361 108 53 con
2190 1361 46 53 i

484 1415 156 67 tuitu
588 1415 208 67 variarum
743 1415 208 67 virgarum
899 1415 121 67 per
968 1415 173 67 oculos
1090 1415 225 67 impressa.
1263 1415 138 67 Hinc
1349 1415 156 67 dicit
1453 1415 242 67 Chrysosto.
1643 1415 156 67 super
1747 1415 173 67 Matth.
1868 1415 173 67 xxiii.
1990 1415 173 67 Quales
2094 1415 138 67 fuerit

490 1470 200 67 parentes
640 1470 150 67 tales
740 1470 150 67 erunt
840 1470 83 67 &
873 1470 150 67 nati.
973 1470 100 67 Et
1022 1470 100 67 ex
1072 1470 116 67 hoc
1139 1470 200 67 procedit
1288 1470 133 67 quod
1372 1470 150 67 filii
1471 1470 183 67 bonorum
1604 1470 83 67 &
1638 1470 133 67 vere
1721 1470 200 67 nobilium
1870 1470 200 67 honorati
2020 1470 133 67 sunt
2103 1470 83 67 a
2120 1470 116 67 poste

482 1529 121 66 ris
551 1529 138 66 loco
637 1529 207 66 parentum
793 1529 173 66 veluti
913 1529 138 66 vere
1000 1529 138 66 boni
1086 1529 86 66 &
1121 1529 190 66 nobiles
1259 1529 190 66 similes
1397 1529 259 66 parentibus:
1604 1529 276 66 consuetudine
1829 1529 104 66 in
1880 1529 121 66 hoc
1949 1529 328 66 consequentenatu

485 1577 143 69 ram.
574 1577 196 69 Nititur
717 1577 143 69 enim
807 1577 179 69 natura
932 1577 179 69 proles
1057 1577 250 69 assimilare
1253 1577 268 69 parentibus:
1467 1577 125 69 non
1539 1577 161 69 solum
1646 1577 107 69 in
1699 1577 339 69 dispositionibus
1985 1577 214 69 corporis
2146 1577 125 69 sed

491 1628 156 59 etiam
595 1628 191 59 animae:
734 1628 104 59 vt
786 1628 191 59 pulchri
925 1628 208 59 generent
1081 1628 226 59 pulchros:
1255 1628 87 59 &
1289 1628 174 59 turpes
1411 1628 208 59 generent
1567 1628 191 59 turpes:
1706 1628 87 59 &
1741 1628 208 59 iracundi
1897 1628 243 59 iracundos:
2071 1628 156 59 mansue-

483 1680 107 72 ti
537 1680 250 72 mansuetos:
733 1680 161 72 licet
840 1680 107 72 in
893 1680 125 72 hoc
965 1680 250 72 frequenter
1161 1680 196 72 propter
1304 1680 232 72 occurrens
1482 1680 285 72 impedimentum
1714 1680 232 72 deficiat.
1892 1680 196 72 Propter
2035 1680 143 72 quod
2106 1680 125 72 conti

489 1749 117 65 nuo
556 1749 268 65 philosophous
774 1749 167 65 subdit
891 1749 184 65 dicens.
1025 1749 167 65 Natura
1142 1749 151 65 autem
1242 1749 134 65 vult
1326 1749 117 65 hoc
1393 1749 184 65 facere:
1526 1749 234 65 multotiens
1710 1749 151 65 tamen
1811 1749 117 65 non
1878 1749 184 65 potest,
2012 1749 167 65 quiavt
2112 1749 117 65 dicit

490 1797 101 65 in
541 1797 185 65 secundo
676 1797 253 65 rhetoricae,
878 1797 135 65 quod
962 1797 169 65 quidem
1080 1797 101 65 in
1131 1797 202 65 pluribus
1282 1797 118 65 non
1350 1797 185 65 accidit
1484 1797 236 65 nobilibus:
1670 1797 118 65 sed
1737 1797 135 65 sunt
1822 1797 152 65 multi
1923 1797 152 65 leuis
2024 1797 202 65 valoris.
2159 1797 67 65 Vn

492 1855 96 65 de
540 1855 143 65 dicit
635 1855 223 65 Chrysosto.
811 1855 112 65 vbi
875 1855 159 65 supra.
986 1855 96 65 Si
1034 1855 143 65 autem
1129 1855 127 65 ambo
1209 1855 175 65 fuerint
1337 1855 207 65 aequales,
1496 1855 207 65 aliquando
1655 1855 112 65 sit
1719 1855 96 65 vt
1767 1855 96 65 de
1815 1855 143 65 bonis
1910 1855 223 65 parentibus
2086 1855 127 65 mali
2149 1855 80 65 ex-

488 1904 139 72 eant
575 1904 174 72 filii:
697 1904 87 72 &
732 1904 105 72 de
784 1904 157 72 malis
888 1904 157 72 boni:
993 1904 122 72 sed
1063 1904 157 72 raro:
1167 1904 139 72 quia
1254 1904 122 72 hoc
1324 1904 122 72 est
1394 1904 192 72 praeter
1533 1904 192 72 naturae
1672 1904 279 72 intentionem.
1899 1904 139 72 Vnde
1986 1904 209 72 continuo
2125 1904 105 72 sub-

490 1961 141 63 dit.
579 1961 141 63 Ecce
667 1961 176 63 regula
790 1961 123 63 est
861 1961 194 63 humanae
1002 1961 194 63 naturae
1143 1961 106 63 vt
1196 1961 159 63 omnis
1301 1961 141 63 homo
1389 1961 212 63 nascatur
1548 1961 141 63 duos
1636 1961 176 63 oculos
1760 1961 176 63 habens
1883 1961 88 63 &
1918 1961 176 63 quinos
2042 1961 212 63 digitos:

494 2023 225 61 aliquando
667 2023 156 61 tamen
771 2023 208 61 nascitur
927 2023 139 61 homo
1013 2023 121 61 sex
1082 2023 190 61 digitos
1221 2023 190 61 habens:
1359 2023 121 61 aut
1429 2023 173 61 oculos
1550 2023 173 61 omnino
1671 2023 121 61 non
1740 2023 190 61 habens.
1879 2023 156 61 Sicut
1983 2023 139 61 ergo
2069 2023 156 61 extra
2156 2023 69 61 na

482 2073 196 69 turalem
625 2073 196 69 regulam
768 2073 196 69 naturae
911 2073 143 69 raro
1000 2073 179 69 euenit
1125 2073 107 69 vt
1179 2073 107 69 de
1232 2073 196 69 formosa
1375 2073 214 69 nascatur
1536 2073 232 69 deformis:
1714 2073 125 69 sic
1786 2073 161 69 extra
1893 2073 196 69 regulam
2036 2073 196 69 naturae
2161 2073 71 69 ra

492 2116 102 81 ro
543 2116 205 81 procedit
697 2116 102 81 vt
748 2116 239 81 dissimilis
935 2116 205 81 nascatur
1089 2116 170 81 filius
1208 2116 256 81 parentibus.
1413 2116 239 81 Multotiens
1600 2116 153 81 tamen
1702 2116 205 81 accidit,
1856 2116 102 81 vt
1907 2116 119 81 per
1975 2116 153 81 malam
2061 2116 170 81 consuetu

492 2174 156 68 dinem
596 2174 87 68 &
630 2174 173 68 prauam
752 2174 260 68 disciplinam
960 2174 121 68 non
1029 2174 225 68 sequantur
1202 2174 225 68 naturalem
1376 2174 295 68 dispositionem
1618 2174 225 68 impressam
1792 2174 87 68 a
1826 2174 260 68 parentibus:
2034 2174 87 68 &
2069 2174 139 68 sibi
2138 2174 87 68 com

491 2227 187 62 trarios
627 2227 187 62 habitus
764 2227 256 62 adgenerant:
968 2227 102 62 vt
1019 2227 153 62 licet
1121 2227 256 62 naturaliter
1326 2227 170 62 essent
1445 2227 204 62 nobiles,
1599 2227 119 62 vsu
1667 2227 85 62 &
1701 2227 170 62 habitu
1820 2227 153 62 facti
1922 2227 136 62 sunt
2007 2227 239 62 ignobiles:
2178 2227 51 62 &

487 2282 145 69 solum
584 2282 178 69 nobiles
713 2282 129 69 sunt
794 2282 145 69 vulgi
890 2282 210 69 opinione:
1052 2282 81 69 &
1084 2282 194 69 generant
1229 2282 161 69 proles
1342 2282 145 69 minus
1439 2282 178 69 nobiles
1568 2282 194 69 secundum
1714 2282 274 69 dispositiones
1939 2282 242 69 corporales,
2133 2282 129 69 quam

487 2337 134 67 ipsi
571 2337 151 67 erant
671 2337 167 67 geniti
789 2337 84 67 a
822 2337 134 67 suis
906 2337 268 67 genitoribus:
1124 2337 84 67 &
1157 2337 117 67 sic
1224 2337 151 67 vadit
1325 2337 218 67 nobilitas
1492 2337 100 67 in
1542 2337 201 67 defectum
1693 2337 100 67 si
1743 2337 151 67 filii
1844 2337 100 67 in
1894 2337 167 67 prauis
2011 2337 184 67 moribus
2129 2337 100 67 imi-

488 2388 169 80 tantur
606 2388 220 80 parentes:
775 2388 152 80 sicut
877 2388 220 80 econuerso
1046 2388 118 80 cum
1113 2388 220 80 sequuntur
1282 2388 101 80 in
1333 2388 135 80 vsu,
1417 2388 253 80 nobilitatem
1620 2388 135 80 quam
1704 2388 236 80 acceperunt
1890 2388 84 80 a
1924 2388 253 80 parentibus:
2110 2388 118 80 trans

484 2447 196 74 fundunt
626 2447 107 74 in
680 2447 231 74 posteros,
858 2447 89 74 &
893 2447 196 74 maiorem
1036 2447 142 74 quam
1124 2447 196 74 habeant
1267 2447 107 74 in
1320 2447 196 74 seipsis
1462 2447 107 74 si
1516 2447 160 74 tamen
1622 2447 178 74 geniti
1747 2447 142 74 sunt
1836 2447 89 74 a
1871 2447 249 74 parentibus
2067 2447 196 74 ambobno

478 2489 207 89 bilibus,
633 2489 138 89 quia
719 2489 155 89 mixta
823 2489 172 89 virtus
943 2489 224 89 vtriusque
1116 2489 190 89 nititur
1254 2489 190 89 similem
1392 2489 276 89 impressionem
1616 2489 172 89 facere
1737 2489 103 89 in
1789 2489 190 89 foetum,
1927 2489 86 89 &
1961 2489 259 89 nobilitatem
2168 2489 103 89 am

478 2551 166 83 borum
588 2551 240 83 genitorum
773 2551 166 83 proli
884 2551 259 83 immittere:
1088 2551 111 83 vt
1143 2551 111 83 ex
1199 2551 129 83 hoc
1273 2551 166 83 filii
1383 2551 222 83 nobilium
1550 2551 185 83 semper
1679 2551 148 83 sunt
1772 2551 259 83 nobiliores
1975 2551 259 83 parentibus
2160 2551 74 83 ni

483 2610 108 76 si
537 2610 270 76 degenerent:
753 2610 90 76 &
790 2610 162 76 tanto
898 2610 252 76 nobiliores
1096 2610 180 76 quanto
1222 2610 162 76 magis
1330 2610 216 76 recedunt
1493 2610 90 76 a
1529 2610 180 76 primis
1655 2610 252 76 radicibus,
1853 2610 108 76 si
1907 2610 162 76 tamen
2016 2610 144 76 ambo
2088 2610 144 76 semper

481 2663 232 80 generantes
664 2663 132 80 sint
746 2663 199 80 nobiles.
895 2663 182 80 Propter
1028 2663 132 80 quid
1110 2663 149 80 dicit
1210 2663 248 80 philosophus
1408 2663 99 80 in
1458 2663 116 80 ii.
1524 2663 248 80 rhetoricae.
1723 2663 149 80 Longe
1822 2663 149 80 magis
1922 2663 132 80 quam
2004 2663 149 80 prope
2087 2663 149 80 factaho

483 2719 268 67 norabiliora
698 2719 89 67 &
733 2719 161 67 magis
840 2719 268 67 iactabilia.
1055 2719 107 67 Si
1108 2719 143 67 vero
1198 2719 161 67 alter
1305 2719 268 67 generantium
1519 2719 179 67 fuerit
1644 2719 143 67 vere
1734 2719 197 67 nobilis
1877 2719 89 67 &
1912 2719 161 67 alter
2020 2719 125 67 non
2091 2719 143 67 tunc
2163 2719 71 67 ut

483 2772 165 69 dicit
593 2772 293 69 Chrysostomus
831 2772 128 69 vbi
904 2772 183 69 supra,
1032 2772 110 69 si
1087 2772 165 69 pater
1197 2772 183 69 fuerit
1325 2772 165 69 bonus
1435 2772 92 69 &
1472 2772 165 69 mater
1582 2772 183 69 fuerit
1710 2772 165 69 mala,
1820 2772 128 69 aut
1893 2772 165 69 pater
2003 2772 165 69 malus
2113 2772 92 69 &
2149 2772 128 69 ma-

486 2828 124 68 ter
557 2828 159 68 bona,
663 2828 213 68 interdum
823 2828 159 68 filii
929 2828 177 68 patrem
1053 2828 248 68 sequuntur,
1248 2828 213 68 interdum
1407 2828 195 68 matrem.
1549 2828 89 68 &
1585 2828 142 68 tunc
1673 2828 159 68 minus
1779 2828 195 68 nobiles
1921 2828 142 68 sunt
2010 2828 142 68 quam
2098 2828 106 68 si
2134 2828 106 68 ambo

484 2889 177 63 nobiles
613 2889 161 63 essent
726 2889 81 63 &
758 2889 145 63 boni.
854 2889 97 63 Et
903 2889 177 63 quamuis
1032 2889 113 63 sic
1096 2889 209 63 quandoque
1257 2889 209 63 sequuntur
1418 2889 177 63 patrem,
1547 2889 209 63 quandoque
1708 2889 177 63 matrem:
1837 2889 145 63 tamen
1934 2889 145 63 sicut
2031 2889 145 63 dicit
2111 2889 129 63 Chnso-

485 2929 135 79 sto.
569 2929 253 79 frequentius
771 2929 118 79 est
839 2929 101 79 vt
889 2929 135 79 nati
973 2929 168 79 patrem
1091 2929 236 79 sequantur.
1276 2929 101 79 Et
1327 2929 135 79 inde
1411 2929 118 79 est
1478 2929 118 79 (ut
1546 2929 219 79 arbitror)
1714 2929 135 79 quod
1798 2929 185 79 nobiles
1933 2929 135 79 plus
2017 2929 253 79 reputantno-

483 2975 225 76 bilitatem
656 2975 191 76 generis
795 2975 191 76 paterni
933 2975 139 76 quam
1020 2975 208 76 materni.
1176 2975 104 76 Si
1228 2975 139 76 vero
1315 2975 156 76 circa
1418 2975 260 76 nobilitatem
1626 2975 191 76 generis
1765 2975 208 76 loquamur
1921 2975 104 76 de
1973 2975 173 76 initio
2077 2975 156 76 simpli-

485 3035 171 71 citer:
605 3035 120 71 sic
673 3035 205 71 secundum
827 3035 257 71 intentionem
1033 3035 240 71 philosophi
1221 3035 103 71 in
1272 3035 240 71 quaestione
1461 3035 257 71 praecedente
1666 3035 188 71 tactam,
1803 3035 223 71 quodlibet
1974 3035 154 71 genus
2060 3035 171 71 nobillum

490 3087 223 78 infinities
666 3087 160 78 potuit
777 3087 191 78 secundum
921 3087 160 78 carnem
1032 3087 80 78 a
1064 3087 160 78 nobili
1176 3087 80 78 &
1208 3087 191 78 ignobili
1352 3087 255 78 simpliciter,
1559 3087 80 78 &
1591 3087 207 78 similiter
1750 3087 144 78 genus
1846 3087 191 78 nobilium
1990 3087 239 78 praecesislu
2165 3087 64 78 ge

491 3143 105 90 nus
551 3143 224 90 ignobilium,
730 3143 75 90 &
760 3143 194 90 similiter
910 3143 135 90 sequi
999 3143 209 90 infinities
1164 3143 105 90 tam
1224 3143 75 90 a
1253 3143 135 90 parte
1343 3143 120 90 ante
1418 3143 120 90 quam
1493 3143 75 90 a
1522 3143 135 90 parte
1612 3143 135 90 post.
1702 3143 120 90 Pont
1777 3143 120 90 enim
1851 3143 194 90 ignobilis
2001 3143 164 90 aliquis
2105 3143 135 90 procrea
