2533 3745
501 243 266 92 necessitate
714 243 213 92 vrgentur
874 243 231 92 pauperes,
1051 243 89 92 &
1087 243 124 92 non
1158 243 231 92 inueniunt
1335 243 248 92 subsidium:
1530 243 124 92 aut
1601 243 124 92 non
1672 243 106 92 Si
1726 243 160 92 primo
1832 243 160 92 modo,
1939 243 142 92 bene
2027 243 195 92 potest:
2169 243 142 92 quia
2240 243 89 92 non

513 322 151 58 solum
614 322 184 58 licitum
747 322 117 58 est
814 322 117 58 sed
881 322 151 58 summe
982 322 251 58 meritorium.
1182 322 134 58 tali
1266 322 134 58 enim
1350 322 100 58 de
1400 322 151 58 causa
1500 322 151 58 vendi
1601 322 184 58 possunt
1734 322 217 58 ecclesiae
1902 322 151 58 vasa.
2002 322 184 58 Secundo
2136 322 134 58 modo
2203 322 117 58 etiam

515 376 100 58 si
565 376 167 58 liceat
683 376 184 58 facere,
816 376 167 58 melius
933 376 151 58 tamen
1034 376 151 58 esset
1134 376 184 58 tempore
1268 376 117 58 quo
1335 376 167 58 alteri
1452 376 217 58 beneficio
1619 376 201 58 vacaret,
1770 376 100 58 si
1820 376 201 58 orationi
1971 376 84 58 &
2004 376 301 58 contemplationi
2255 376 100 58 in

520 431 121 60 suo
589 431 138 60 loco
675 431 86 60 &
710 431 225 60 beneficio
883 431 207 60 vacaret.
1038 431 156 60 talis
1142 431 138 60 enim
1229 431 156 60 actio
1332 431 121 60 non
1402 431 156 60 debet
1505 431 138 60 esse
1592 431 104 60 in
1644 431 225 60 desiderio
1817 431 242 60 voluntatis
2007 431 121 60 sed
2076 431 225 60 solummodo
2249 431 104 60 in

517 484 247 63 ministerio
711 484 300 63 necessitatis.
958 484 123 63 Per
1029 484 159 63 dicta
1135 484 159 63 patet
1240 484 106 63 ad
1293 484 194 63 primum.
1434 484 106 63 AD
1487 484 212 63 secundum
1646 484 141 63 quod
1734 484 247 63 consuetudo
1928 484 106 63 ex
1981 484 159 63 parte
2087 484 265 63 praelatorum

530 538 293 62 instituentium
771 538 241 62 sacerdotes
960 538 103 62 in
1012 538 138 62 alio
1098 538 241 62 beneficio:
1288 538 121 62 non
1356 538 121 62 est
1425 538 138 62 nisi
1512 538 189 62 propter
1649 538 172 62 illius
1770 538 293 62 necessitatem:
2011 538 86 62 &
2045 538 138 62 ideo
2132 538 138 62 bona
2218 538 86 62 &
2235 538 86 62 ap-

522 595 237 63 probanda:
704 595 164 63 licet
813 595 237 63 cupiditas
995 595 255 63 sacerdotum
1195 595 146 63 quae
1287 595 109 63 ad
1341 595 127 63 hoc
1414 595 127 63 eos
1487 595 200 63 trahit,
1632 595 127 63 sit
1705 595 273 63 reprobanda.

841 643 265 70 lrcatertium
1053 643 212 70 arguitur
1212 643 141 70 quod
1300 643 212 70 sacerdos
1459 643 176 70 possit
1582 643 229 70 absoluere
1759 643 265 70 parochianam
1970 643 141 70 suam
2058 643 123 70 cum
2129 643 123 70 qua
2182 643 141 70 pecca-

851 708 138 55 uit:
937 708 121 55 nec
1006 708 138 55 ipsa
1093 708 156 55 alium
1197 708 156 55 adire
1300 708 138 55 fine
1387 708 138 55 eius
1473 708 225 55 licentia:
1646 708 138 55 quia
1733 708 104 55 ex
1785 708 190 55 peccato
1923 708 121 55 suo
1992 708 121 55 non
2062 708 173 55 amisit
2165 708 156 55 potesta

848 753 131 60 tem
923 753 169 60 super
1036 753 300 60 parochianam.
1280 753 206 60 CONtra.
1430 753 225 60 sacerdos
1599 753 131 60 non
1674 753 188 60 potest
1805 753 206 60 minuere
1956 753 225 60 virtutem
2106 753 225 60 sacramenti

846 805 116 62 sed
913 805 231 62 minueretur
1094 805 99 62 si
1144 805 116 62 eam
1210 805 182 62 audiret
1342 805 83 62 &
1375 805 248 62 absolueret:
1573 805 132 62 quia
1655 805 248 62 compellendo
1853 805 116 62 eam
1919 805 116 62 non
1985 805 165 62 posset
2101 805 149 62 adire
2200 805 165 62 alium:

851 858 82 65 &
883 858 115 65 sic
949 858 230 65 tolleretur
1130 858 132 65 eius
1212 858 280 65 erubescentia,
1443 858 132 65 quae
1525 858 115 65 est
1591 858 148 65 magna
1689 858 132 65 pars
1772 858 313 65 satisfactionis:
2035 858 132 65 quae
2117 858 115 65 est
2183 858 115 65 vna
2232 858 99 65 pars

857 914 256 73 principalis
1062 914 290 73 poenitentiae.
1301 914 137 73 Quin
1386 914 205 73 sacerdos
1540 914 154 73 licet
1643 914 154 73 esset
1745 914 256 73 perseuerans
1950 914 102 73 in
2001 914 188 73 peccato
2138 914 137 73 suo,
2224 914 102 73 si
2258 914 68 73 il

849 969 99 64 la
899 969 132 64 vere
982 969 215 64 poenitens
1147 969 265 64 confiteretur
1363 969 116 64 ei,
1429 969 166 64 posset
1545 969 116 64 eam
1611 969 166 64 audire
1727 969 83 64 &
1760 969 232 64 absoluere:
1942 969 99 64 de
1992 969 116 64 hoc
2058 969 149 64 nulla
2157 969 116 64 est
2207 969 116 64 dubi-

527 1020 168 71 tatio:
645 1020 151 71 quare
745 1020 84 71 &
779 1020 151 71 multo
880 1020 185 71 fortius
1014 1020 101 71 si
1064 1020 134 71 ipse
1148 1020 151 71 esset
1249 1020 134 71 vere
1333 1020 218 71 poenitens
1501 1020 84 71 &
1534 1020 235 71 correctus.
1719 1020 117 71 Sed
1786 1020 101 71 an
1836 1020 134 71 ipsa
1920 1020 101 71 si
1971 1020 151 71 velit
2071 1020 168 71 alteri
2172 1020 151 71 confite

518 1073 114 69 ri,
583 1073 195 69 teneatur
729 1073 98 69 ab
778 1073 130 69 ipso
859 1073 212 69 licentiam
1022 1073 179 69 petere:
1152 1073 81 69 &
1185 1073 98 69 an
1234 1073 130 69 illo
1315 1073 212 69 licentiam
1478 1073 212 69 denegante
1641 1073 130 69 ipsa
1722 1073 114 69 non
1787 1073 179 69 obtenta
1917 1073 195 69 licentia
2064 1073 163 69 possit
2178 1073 179 69 alterum

534 1129 156 58 adire:
643 1129 93 58 de
690 1129 109 58 hoc
753 1129 109 58 est
815 1129 218 58 dubitatio.
986 1129 93 58 ET
1033 1129 109 58 est
1095 1129 203 58 dicendum:
1251 1129 125 58 quod
1329 1129 187 58 quousque
1469 1129 234 58 permittitur
1656 1129 93 58 ab
1703 1129 187 58 ecclesia
1843 1129 93 58 in
1890 1129 109 58 suo
1952 1129 203 58 seruitio,
2108 1129 156 58 nullam
2201 1129 125 58 potest

522 1185 168 62 habere
640 1185 269 62 excusationem
858 1185 185 62 propter
993 1185 134 62 quam
1077 1185 118 62 non
1144 1185 151 62 debet
1245 1185 218 62 licentiam
1413 1185 168 62 petere
1530 1185 101 62 ab
1581 1185 151 62 illo,
1682 1185 202 62 secundum
1833 1185 202 62 statutum
1984 1185 202 62 concilii
2118 1185 202 62 generalis.

528 1234 133 67 Omnis
617 1234 192 67 vtriusque
765 1234 148 67 sexus.
868 1234 118 67 nisi
942 1234 133 67 forte
1031 1234 177 67 sentiens
1164 1234 89 67 se
1208 1234 177 67 fragilem
1341 1234 133 67 timet
1430 1234 118 67 quod
1503 1234 89 67 in
1548 1234 163 67 petendo
1666 1234 148 67 debeat
1769 1234 103 67 eam
1829 1234 236 67 sollicitare.
2021 1234 89 67 Si
2065 1234 133 67 autem
2154 1234 192 67 petierit:
2287 1234 44 67 &

525 1290 132 67 ille
607 1290 264 67 denegauerit:
821 1290 115 67 aut
887 1290 132 67 ergo
970 1290 148 67 timet
1069 1290 99 67 de
1118 1290 297 67 sollicitatione
1366 1290 99 67 ad
1415 1290 231 67 recidiuum:
1596 1290 231 67 cognoscens
1778 1290 264 67 fragilitatem
1992 1290 132 67 suam
2075 1290 99 67 et
2124 1290 181 67 illius:
2240 1290 82 67 aut

522 1349 138 65 non:
608 1349 120 65 sed
677 1349 207 65 confidit
832 1349 138 65 quod
918 1349 138 65 ipse
1004 1349 138 65 bene
1090 1349 120 65 sit
1159 1349 241 65 correctus:
1348 1349 120 65 nec
1417 1349 103 65 ei
1468 1349 120 65 est
1537 1349 224 65 periculum
1709 1349 103 65 de
1761 1349 241 65 confitendo
1950 1349 155 65 illi.
2054 1349 103 65 Si
2105 1349 155 65 primo
2209 1349 155 65 modo:

523 1406 151 61 nullo
624 1406 134 61 modo
707 1406 151 61 debet
808 1406 100 61 ei
858 1406 234 61 confiteri:
1042 1406 117 61 sed
1109 1406 151 61 adire
1209 1406 335 61 poenitentiarium:
1494 1406 117 61 vel
1560 1406 184 61 aliquem
1694 1406 201 61 habentem
1845 1406 201 61 absolute
1995 1406 234 61 potestatem
2163 1406 167 61 superio-

527 1459 130 61 ris:
608 1459 81 61 &
640 1459 130 61 illi
722 1459 227 61 confiteri:
900 1459 114 61 vel
965 1459 97 61 ab
1014 1459 130 61 illo
1095 1459 162 61 petere
1209 1459 211 61 licentiam
1371 1459 227 61 confitendi
1550 1459 162 61 alieno
1663 1459 227 61 sacerdoti:
1842 1459 114 61 non
1907 1459 146 61 tamen
2004 1459 114 61 sic
2069 1459 162 61 causam
2167 1459 162 61 exprime-

528 1505 118 73 re,
596 1505 101 73 vt
646 1505 169 73 possit
764 1505 118 73 per
832 1505 118 73 hoc
899 1505 169 73 quoquo
1017 1505 135 73 modo
1102 1505 236 73 sacerdotem
1287 1505 135 73 suum
1372 1505 219 73 infamare.
1540 1505 219 73 Sinautem:
1709 1505 202 73 arbitror
1861 1505 135 73 quod
1945 1505 169 73 petita
2063 1505 202 73 licentia
2215 1505 84 73 &
2249 1505 118 73 non

531 1568 190 61 obtenta
669 1568 190 61 poterit
807 1568 190 61 alterum
946 1568 173 61 adire.
1067 1568 104 61 AD
1119 1568 242 61 argumentum
1309 1568 104 61 in
1361 1568 225 61 oppositum
1534 1568 138 61 quod
1620 1568 277 61 diminueretur
1845 1568 173 61 virtus
1966 1568 242 61 sacramenti
2139 1568 190 61 poeniten-

538 1612 122 64 tiae
614 1612 106 64 per
675 1612 258 64 subtractionem
888 1612 243 64 verecundiae:
1085 1612 182 64 Dicendum
1222 1612 122 64 quod
1298 1612 167 64 quaedam
1420 1612 122 64 sunt
1496 1612 91 64 in
1541 1612 228 64 poenitentia
1724 1612 122 64 quae
1800 1612 213 64 sacramento
1967 1612 243 64 poenitentiae
2165 1612 122 64 sunt
2226 1612 106 64 essen

525 1667 176 70 tialia:
653 1667 80 70 &
685 1667 96 70 de
733 1667 128 70 eius
813 1667 256 70 integritate:
1020 1667 96 70 vt
1068 1667 208 70 competens
1228 1667 224 70 contritio,
1404 1667 176 70 integra
1532 1667 240 70 confessio:,
1724 1667 224 70 conveniens
1899 1667 256 70 satisfactio.
2107 1667 96 70 Si
2155 1667 112 70 quo
2219 1667 96 70 ad
2251 1667 80 70 ali

534 1725 140 63 quid
621 1725 157 63 horum
726 1725 245 63 minueretur
918 1725 262 63 sacramentum
1128 1725 280 63 poenitentiae
1355 1725 105 63 in
1408 1725 157 63 ipsam
1512 1725 210 63 audiendo
1670 1725 87 63 &
1705 1725 262 63 absoluendo:
1914 1725 140 63 tunc
2002 1725 157 63 nihil
2107 1725 175 63 posset
2212 1725 122 63 agere

529 1775 146 67 circa
626 1775 162 67 illam.
740 1775 130 67 Alia
821 1775 130 67 vero
902 1775 130 67 sunt
983 1775 130 67 quae
1065 1775 130 67 sunt
1146 1775 260 67 accidentalia
1357 1775 227 67 sacramento
1535 1775 276 67 poenitentiae:
1763 1775 97 67 vt
1811 1775 244 67 acerbissima
2006 1775 227 67 contritio,
2185 1775 81 67 &
2201 1775 130 67 omnium

532 1829 344 67 circunstantiarum
824 1829 120 67 non
893 1829 275 67 aggrauantium
1116 1829 241 67 confessio:
1305 1829 86 67 &
1340 1829 103 67 in
1391 1829 155 67 summo
1495 1829 275 67 satisfactio.
1718 1829 172 67 Siquid
1838 1829 155 67 autem
1942 1829 155 67 horum
2045 1829 224 67 deficiat:
2217 1829 120 67 non
2268 1829 69 67 ex

530 1881 123 68 hoc
601 1881 245 68 diminuitur
793 1881 175 68 virtus
916 1881 263 68 sacramenti,
1126 1881 88 68 &
1162 1881 210 68 effectus
1319 1881 263 68 essentialis
1530 1881 88 68 &
1565 1881 280 68 principalis,
1793 1881 123 68 qui
1863 1881 123 68 est
1933 1881 245 68 peccatorum
2126 1881 193 68 ablutio
2248 1881 88 68 per

531 1940 176 81 gratiae
659 1940 255 81 collationem:
866 1940 144 81 licet
962 1940 224 81 diminuatur
1138 1940 192 81 effectus
1281 1940 128 81 eius
1361 1940 255 81 secundarius:
1569 1940 112 81 qui
1633 1940 112 81 est
1696 1940 208 81 remissio:
1856 1940 144 81 vltra
1952 1940 128 81 quam
2032 1940 96 81 se
2080 1940 192 81 extendit
2223 1940 112 81 per
2271 1940 64 81 se

545 1993 182 61 virtus
672 1993 273 61 sacramenti.
890 1993 91 61 &
926 1993 145 61 tale
1017 1993 236 61 diminuens
1199 1993 127 61 est
1272 1993 273 61 verecundiae
1472 1993 236 61 subtractio.

860 2034 121 78 Irca
935 2034 166 78 quartum
1056 2034 181 78 arguitur
1192 2034 121 78 quod
1268 2034 136 78 iudex
1358 2034 211 78 saecularis
1524 2034 166 78 neminem
1645 2034 151 78 potest
1751 2034 151 78 cogere
1857 2034 91 78 ad
1902 2034 227 78 confitendum
2083 2034 166 78 aliquid
2204 2034 91 78 ad
2249 2034 121 78 quid

871 2096 196 65 sequitur
1018 2096 131 65 mors
1100 2096 213 65 alterius,
1263 2096 180 65 quoniam
1394 2096 98 65 in
1443 2096 114 65 hoc
1508 2096 245 65 committitur
1705 2096 229 65 frequenter
1884 2096 180 65 mortale
2015 2096 196 65 peccatum
2162 2096 196 65 puniendo

863 2152 185 73 iniuste
998 2152 253 73 innocentem:
1200 2152 135 73 quia
1284 2152 236 73 frequenter
1470 2152 202 73 sperando
1621 2152 135 73 cito
1706 2152 185 73 euadere
1840 2152 185 73 poenas,
1975 2152 202 73 accusant
2110 2152 219 73 innocentes.

861 2207 96 65 In
909 2207 224 65 contrarium
1085 2207 112 65 est
1148 2207 176 65 iudicum
1276 2207 240 65 saecularium
1468 2207 240 65 consuetudo.
1659 2207 96 65 Si
1707 2207 176 65 liceat:
1835 2207 160 65 poenis
1947 2207 240 65 extorquaere
2138 2207 208 65 veritatem
2282 2207 48 65 a

856 2260 136 65 teste
946 2260 106 65 vel
1007 2260 226 65 accusatore:
1188 2260 75 65 &
1218 2260 181 65 quomodo,
1354 2260 181 65 secundum
1490 2260 121 65 quod
1565 2260 181 65 notatur.
1701 2260 91 65 v.
1746 2260 91 65 q.
1792 2260 121 65 vii.
1867 2260 136 65 super
1958 2260 121 65 cap.
2033 2260 121 65 llli
2109 2260 121 65 qui.
2184 2260 91 65 de
2229 2260 106 65 hoc
2275 2260 60 65 ni

863 2315 112 65 hil
927 2315 96 65 ad
975 2315 208 65 praesens.
1134 2315 112 65 Sed
1198 2315 192 65 quaestio
1342 2315 112 65 est
1406 2315 96 65 de
1454 2315 144 65 illis
1550 2315 112 65 qui
1613 2315 144 65 morti
1709 2315 128 65 sunt
1789 2315 240 65 adiudicati,
1981 2315 112 65 vel
2045 2315 96 65 in
2092 2315 176 65 viculis
2204 2315 128 65 seruam

851 2372 125 59 tur
923 2372 268 59 condemnati:
1137 2372 89 59 a
1173 2372 179 59 quibus
1298 2372 197 59 iudices
1441 2372 125 59 per
1513 2372 179 59 poenas
1638 2372 215 59 nituntur
1799 2372 232 59 exquirere
1977 2372 232 59 complices
2156 2372 143 59 suos
2228 2372 107 59 male

539 2428 205 65 factores:
697 2428 142 65 vtrum
791 2428 157 65 liceat
901 2428 110 65 hoc
964 2428 220 65 iudicibus.
1138 2428 94 65 Et
1185 2428 110 65 est
1248 2428 189 65 dicendum
1389 2428 126 65 quod
1468 2428 157 65 talium
1578 2428 205 65 complicum
1736 2428 142 65 facta
1830 2428 110 65 aut
1893 2428 126 65 sunt
1972 2428 157 65 omnino
2082 2428 189 65 occulta:
2224 2428 79 65 &
2255 2428 110 65 non

540 2472 133 70 sunt
624 2472 150 70 super
723 2472 166 70 factis
840 2472 133 70 suis
923 2472 100 70 in
973 2472 200 70 iudicium
1123 2472 183 70 vocati:
1256 2472 116 70 aut
1322 2472 183 70 tanquam
1455 2472 200 70 infamati
1605 2472 150 70 super
1705 2472 166 70 factis
1821 2472 133 70 suis
1904 2472 100 70 ad
1954 2472 200 70 iudicium
2104 2472 133 70 sunt
2187 2472 183 70 vocati:

540 2526 142 72 quia
629 2526 231 72 diffamati
807 2526 160 72 sunt.
913 2526 107 72 Si
966 2526 160 72 primo
1073 2526 160 72 modo:
1179 2526 160 72 nullo
1286 2526 142 72 modo
1375 2526 178 72 debent
1499 2526 124 72 eos
1570 2526 107 72 ad
1623 2526 266 72 confitendum
1836 2526 124 72 sic
1907 2526 195 72 occulta
2049 2526 178 72 cogere
2173 2526 124 72 per
2227 2526 107 72 poe-

535 2578 141 78 nas:
623 2578 141 78 quia
712 2578 194 78 prodere
853 2578 123 78 sic
923 2578 194 78 occulta
1064 2578 211 78 peccatum
1223 2578 194 78 mortale
1364 2578 141 78 est:
1452 2578 88 78 &
1487 2578 247 78 mortaliter
1681 2578 176 78 peccat
1804 2578 229 78 quicumque
1981 2578 159 78 alium
2086 2578 106 78 ad
2122 2578 211 78 mortaliter

546 2643 235 69 peccandum
727 2643 253 69 compellit.
926 2643 145 69 Vnde
1016 2643 163 69 tales
1125 2643 181 69 nullis
1251 2643 181 69 poenis
1378 2643 217 69 compulsi
1541 2643 181 69 debent
1668 2643 163 69 talia
1776 2643 253 69 confiteri:
1975 2643 90 69 &
2011 2643 181 69 debent
2120 2643 217 69 sacerdotes

538 2697 123 64 hoc
609 2697 212 64 inhibere
768 2697 123 64 qui
838 2697 194 64 audiunt
979 2697 159 64 eorum
1085 2697 300 64 confessiones.
1332 2697 106 64 Si
1385 2697 141 64 vero
1473 2697 141 64 sunt
1561 2697 194 64 propter
1702 2697 159 64 famam
1808 2697 176 64 vocati
1931 2697 106 64 ad
1984 2697 229 64 iudicium:
2161 2697 212 64 arbitror

545 2741 132 87 quod
627 2741 148 87 super
726 2741 148 87 illis
825 2741 165 87 certis
940 2741 214 87 articulis
1105 2741 115 87 qui
1171 2741 115 87 eis
1237 2741 231 87 imponuntur
1418 2741 82 87 a
1451 2741 181 87 iudice,
1583 2741 99 87 si
1632 2741 247 87 praesumeret
1830 2741 132 87 quod
1912 2741 165 87 absque
2028 2741 165 87 poenis
2143 2741 115 87 non
2193 2741 148 87 vellent

550 2804 185 62 dicere
679 2804 258 62 veritatem,
882 2804 185 62 posset
1011 2804 129 62 eam
1085 2804 185 62 poenis
1214 2804 277 62 extorquere.
1436 2804 111 62 Vt
1491 2804 222 62 secundum
1657 2804 148 62 quod
1749 2804 203 62 dicitur
1897 2804 111 62 in
1952 2804 240 62 praedicto
2137 2804 240 62 capitulo:

547 2856 128 70 dum
620 2856 184 70 poenis
749 2856 294 70 corporalibus
987 2856 312 70 subiiciuntur,
1244 2856 147 70 quae
1336 2856 165 70 gesta
1446 2856 147 70 sunt
1538 2856 239 70 fideliter
1721 2856 92 70 &
1758 2856 239 70 veraciter
1941 2856 294 70 exprimantur,
2180 2856 128 70 sed
2253 2856 128 70 non

541 2904 113 73 ad
598 2904 132 73 hoc
673 2904 113 73 vt
730 2904 151 73 isti
825 2904 151 73 sint
919 2904 208 73 testes:
1070 2904 95 73 &
1108 2904 189 73 dictis
1241 2904 170 73 eorum
1354 2904 208 73 aliquis
1505 2904 302 73 condemnetur:
1751 2904 132 73 sed
1827 2904 113 73 vt
1883 2904 113 73 ex
1940 2904 132 73 hoc
2016 2904 284 73 praesumptio
2224 2904 113 73 ali-

539 2956 134 72 qua
615 2956 248 72 habeatur.
806 2956 134 72 PER
882 2956 153 72 haec
978 2956 172 72 patet
1092 2956 115 72 ad
1150 2956 210 72 primum:
1302 2956 210 72 dicendo
1455 2956 153 72 quod
1550 2956 115 72 ex
1608 2956 172 72 eorum
1722 2956 286 72 confessione
1951 2956 210 72 nunquam
2104 2956 172 72 debet
2199 2956 134 72 sequi

535 3009 175 78 mors.
651 3009 155 78 immo
748 3009 214 78 iniquus
904 3009 175 78 esset
1020 3009 175 78 iudex
1137 3009 136 78 qui
1214 3009 214 78 propter
1370 3009 194 78 talium
1506 3009 311 78 confessionem
1758 3009 214 78 aliquem
1914 3009 175 78 morti
2030 3009 272 78 addiceret,
2224 3009 117 78 siue

541 3070 162 66 esset
649 3070 216 66 innocens
811 3070 144 66 siue
901 3070 198 66 nocens,
1045 3070 144 66 nisi
1135 3070 180 66 aliter
1261 3070 234 66 constaret
1441 3070 198 66 facinus
1584 3070 198 66 iudici:
1728 3070 90 66 &
1764 3070 108 66 ei
1818 3070 144 66 illa
1908 3070 234 66 confessio
2088 3070 198 66 aliquam
2214 3070 126 66 prae-

540 3119 302 89 sumptionem
778 3119 194 89 daret
907 3119 151 89 Nam
994 3119 281 89 plaerique
1209 3119 173 89 ita.
1317 3119 281 89 tormenta.
1533 3119 324 89 contemnunt,
1792 3119 129 89 vt
1857 3119 237 89 exprimi
2029 3119 237 89 veritas
2202 3119 129 89 ab
2245 3119 108 89 eis
