2426 3740
409 327 140 91 suam
496 327 175 91 edidit
618 327 262 91 prophetiam.
828 327 140 91 Vnde
916 327 105 91 de
968 327 157 91 istis
1073 327 175 91 duobus
1196 327 157 91 modis
1301 327 280 91 reuelationum
1528 327 175 91 factis
1650 327 245 91 prophetis,
1843 327 192 91 dicitur
1983 327 175 91 Numeri
2105 327 140 91 duo-

428 396 171 75 decimo.
553 396 156 75 Siquis
662 396 140 75 inter
755 396 109 75 vos
817 396 156 75 fuerit
926 396 187 75 propheta
1066 396 171 75 domini,
1191 396 93 75 in
1238 396 171 75 visione
1362 396 156 75 appebo
1471 396 109 75 ei:
1533 396 109 75 vel
1596 396 109 75 per
1658 396 156 75 sonnia
1767 396 171 75 loquaer
1891 396 93 75 ad
1938 396 156 75 illum.
2047 396 93 75 AD
2094 396 156 75 primum

422 467 199 55 dicendum:
574 467 122 55 quod
651 467 137 55 licet
743 467 199 55 reuelatio
895 467 122 55 fiat
972 467 199 55 immediate
1124 467 76 55 a
1155 467 122 55 deo,
1231 467 107 55 vel
1292 467 107 55 per
1354 467 183 55 angelum:
1491 467 229 55 nihilominus
1674 467 137 55 tamen
1766 467 153 55 potest
1873 467 137 55 fieri
1965 467 168 55 vtrique
2072 467 137 55 virtuti

426 511 164 63 sicut
535 511 237 63 congruit:
718 511 128 63 nec
791 511 237 63 perfectio
974 511 256 63 reuelantis
1175 511 110 63 ad
1230 511 201 63 alterum
1376 511 274 63 determinat.
1595 511 110 63 AD
1650 511 237 63 secundum,
1832 511 146 63 quod
1924 511 128 63 cui
1997 511 183 63 fieret
2106 511 110 63 reue

425 564 152 68 latio
526 564 135 68 apud
611 564 253 68 intellectum
813 564 152 68 esset
915 564 219 68 aequiuoce
1083 564 152 68 homo:
1185 564 203 68 Dicendum
1336 564 135 68 quod
1421 564 118 68 hoc
1488 564 152 68 dixit
1590 564 152 68 iuxta
1691 564 186 68 errorem
1826 564 135 68 suae
1910 564 270 68 philosophiae
2130 564 118 68 quo

425 620 247 66 aestimauit
619 620 265 66 intellectum
831 620 194 66 humanum
972 620 159 66 nihil
1078 620 159 66 posse
1184 620 265 66 intelligere
1396 620 141 66 nisi
1484 620 123 66 per
1554 620 176 66 facien
1678 620 247 66 inferiorem
1872 620 229 66 conuersam
2048 620 106 66 ad
2084 620 123 66 phan-

421 671 200 72 tasmata,
571 671 183 72 propter
705 671 133 72 quid
788 671 167 72 posuit
905 671 133 72 quod
988 671 250 72 intellectus
1189 671 133 72 sine
1272 671 250 72 phantasmate
1472 671 117 72 per
1539 671 167 72 faciem
1656 671 250 72 intellectus
1856 671 234 72 superiorem
2039 671 117 72 qua
2106 671 133 72 deum

426 730 82 66 &
458 730 148 66 bonos
557 730 180 66 angelos
688 730 197 66 videbunt
836 730 164 66 sancti
950 730 98 66 in
1000 730 180 66 patria,
1131 730 115 66 non
1196 730 148 66 esset
1295 730 246 66 intellectus
1492 730 197 66 humanus.
1639 730 82 66 &
1672 730 131 66 ideo
1754 730 148 66 dicit
1852 730 131 66 quod
1934 730 115 66 qui
2000 730 115 66 sic
2049 730 115 66 intel

419 778 153 69 geret,
526 778 107 69 aut
587 778 107 69 non
648 778 137 69 esset
740 778 137 69 homo,
831 778 107 69 aut
892 778 137 69 esset
984 778 199 69 aequiuoce
1137 778 137 69 homo:
1228 778 122 69 quid
1305 778 137 69 error
1396 778 107 69 est
1457 778 76 69 &
1488 778 153 69 priuat
1595 778 168 69 hominem
1717 778 76 69 a
1748 778 168 69 visione
1870 778 137 69 bona,
1962 778 122 69 quae
2038 778 107 69 non
2084 778 122 69 potest

424 838 165 70 fieri
533 838 256 70 aspiciendo
734 838 110 70 ad
789 838 292 70 phantasmata:
1027 838 128 70 sed
1100 838 165 70 facie
1210 838 238 70 immediate
1393 838 110 70 ad
1447 838 238 70 superiora
1612 838 201 70 conuersa.

743 887 127 64 Irca
822 887 190 64 secundum
965 887 206 64 arguitur:
1124 887 127 64 quod
1203 887 222 64 perfectior
1378 887 111 64 est
1441 887 175 64 religio
1568 887 206 64 viuentium
1727 887 95 64 in
1775 887 143 64 magna
1870 887 222 64 focietate,
2044 887 127 64 quia
2124 887 111 64 par

743 943 148 64 fectior
850 943 94 64 est
904 943 108 64 illa
972 943 148 64 religio
1079 943 81 64 in
1120 943 94 64 qua
1174 943 189 64 perfectius
1322 943 148 64 habetur
1430 943 162 64 societas
1551 943 162 64 Christi.
1672 943 108 64 haec
1740 943 94 64 est
1794 943 108 64 illa
1861 943 108 64 quae
1928 943 94 64 est
1982 943 81 64 in
2023 943 108 64 vita
2077 943 121 64 communi

750 995 111 62 cum
814 995 175 62 multis.
941 995 191 62 secundum
1084 995 143 62 illud
1179 995 127 62 quod
1259 995 191 62 Christus
1402 995 159 62 dixit.
1513 995 111 62 Vbi
1577 995 111 62 duo
1641 995 111 62 vel
1704 995 127 62 tres
1784 995 223 62 congregati
1958 995 127 62 sunt
2038 995 95 62 in
2070 995 127 62 nomine

764 1057 132 58 meo,
846 1057 115 58 ego
912 1057 99 58 in
961 1057 148 58 medio
1060 1057 148 58 eorum
1158 1057 132 58 sum.
1241 1057 132 58 ergo
1323 1057 115 58 &c.
1389 1057 99 58 IN
1438 1057 230 58 contrarium
1619 1057 197 58 dicebat,
1767 1057 132 58 quod
1849 1057 230 58 Augustinus
2030 1057 148 58 dicit
2113 1057 82 58 il-

759 1096 101 70 los
816 1096 217 70 sanctiores,
990 1096 101 70 qui
1048 1096 87 70 ab
1092 1096 159 70 aspectu
1208 1096 174 70 hominium
1338 1096 188 70 separati,
1483 1096 87 70 vt
1526 1096 174 70 liberius
1657 1096 130 70 oroni
1744 1096 72 70 &
1773 1096 261 70 contemplationi
1990 1096 159 70 vacent,
2092 1096 101 70 nulli

751 1153 107 72 suum
817 1153 147 72 praebet
924 1153 173 72 aspectum.
1057 1153 107 72 Isti
1124 1153 120 72 autem
1204 1153 107 72 sunt
1271 1153 173 72 religiosi
1404 1153 187 72 solitarii.
1551 1153 107 72 ergo
1617 1153 93 72 &c.
1671 1153 107 72 ltem
1737 1153 213 72 consideratio
1911 1153 187 72 philosophi
2057 1153 80 72 in
2084 1153 120 72 Topicis

747 1224 129 54 est.
827 1224 97 54 si
876 1224 177 54 optimum
1005 1224 97 54 in
1053 1224 113 54 hoc
1118 1224 161 54 genere
1231 1224 113 54 est
1295 1224 161 54 melius
1408 1224 161 54 optimo
1521 1224 97 54 in
1569 1224 145 54 illo:
1666 1224 129 54 ergo
1747 1224 113 54 hoc
1811 1224 242 54 simpliciter
2005 1224 161 54 melius
2101 1224 97 54 est.

436 1260 113 61 sed
500 1260 177 61 optimus
629 1260 96 61 in
677 1260 225 61 solitariis
854 1260 161 61 melior
966 1260 113 61 est
1031 1260 161 61 optimo
1143 1260 96 61 in
1191 1260 161 61 aliis:
1304 1260 129 61 quia
1384 1260 145 61 dicit
1481 1260 241 61 philosophus
1674 1260 96 61 in
1722 1260 145 61 primo
1818 1260 225 61 Politicae.
1995 1260 129 61 Homo
2059 1260 145 61 solita-

432 1315 161 64 rius,
539 1315 125 64 aut
611 1315 143 64 deus
700 1315 89 64 &
735 1315 178 64 melior
860 1315 143 64 quam
949 1315 161 64 homo,
1056 1315 125 64 aut
1128 1315 178 64 bestia
1253 1315 89 64 &
1288 1315 232 64 pessimus.
1467 1315 143 64 ergo
1556 1315 125 64 &c.
1627 1315 143 64 QVlA
1716 1315 214 64 quaestio
1877 1315 143 64 ista
1966 1315 125 64 est
2037 1315 107 64 de
2073 1315 125 64 reli-

435 1368 168 71 gionum
553 1368 268 71 perfectione,
770 1368 201 71 videndum
921 1368 117 71 est
988 1368 151 71 primo
1089 1368 134 71 quid
1172 1368 117 71 sit
1239 1368 201 71 religio,
1390 1368 84 71 &
1424 1368 134 71 quid
1507 1368 235 71 perfectio:
1692 1368 101 71 vt
1742 1368 101 71 ex
1792 1368 117 71 his
1859 1368 168 71 duobus
1976 1368 201 71 appareat
2127 1368 117 71 quo

437 1427 130 62 modo
518 1427 195 62 perfecta
664 1427 178 62 dicatur
794 1427 195 62 religio:
940 1427 81 62 &
972 1427 130 62 quae
1053 1427 243 62 perfectior.
1248 1427 178 62 Religio
1378 1427 114 62 est
1443 1427 146 62 modus
1540 1427 162 62 quidam
1653 1427 81 62 &
1686 1427 130 62 ordo
1767 1427 178 62 viuendi
1897 1427 114 62 sub
1962 1427 162 62 certae
2059 1427 146 62 regulae

448 1478 225 69 professione
628 1478 75 69 &
658 1478 180 69 alicuius
793 1478 210 69 superioris
958 1478 195 69 regimine.
1108 1478 120 69 Vnde
1183 1478 165 69 dicitur
1303 1478 165 69 religio
1424 1478 135 69 quasi
1514 1478 165 69 quaedam
1634 1478 195 69 religatio
1784 1478 195 69 superiori
1934 1478 105 69 per
1994 1478 240 69 obedientiam:
2174 1478 45 69 &

443 1530 111 66 deo
506 1530 111 66 per
570 1530 142 66 vitae
664 1530 269 66 obseruantiam.
886 1530 95 66 DE
933 1530 237 66 perfectione
1123 1530 142 66 dicit
1217 1530 205 66 Cassianus
1376 1530 95 66 in
1423 1530 269 66 collationibus
1644 1530 174 66 patrum,
1771 1530 221 66 collatione
1944 1530 158 66 prima.
2039 1530 174 66 Apostolus

446 1584 190 64 inquit.
584 1584 104 64 Si
636 1584 260 64 distribuero
844 1584 104 64 in
896 1584 156 64 cibos
1000 1584 208 64 pauperum
1155 1584 156 64 omnes
1259 1584 242 64 facultates
1449 1584 156 64 meas,
1553 1584 104 64 et
1605 1584 104 64 si
1657 1584 225 64 tradidero
1830 1584 173 64 corpus
1951 1584 138 64 meum
2038 1584 104 64 vt
2073 1584 138 64 ardeam

443 1640 214 66 charitatem
611 1640 138 66 autem
703 1640 107 66 non
764 1640 184 66 habuero,
902 1640 138 66 nihil
993 1640 122 66 mihi
1070 1640 184 66 prodest.
1207 1640 122 66 vnde
1284 1640 168 66 liquido
1406 1640 229 66 comprobatur
1590 1640 122 66 quod
1666 1640 199 66 perfectio
1819 1640 107 66 non
1880 1640 122 66 stat
1957 1640 92 66 in
2003 1640 199 66 nuditate:
2141 1640 76 66 nec

441 1693 213 66 priuatione
608 1693 152 66 omnium
715 1693 213 66 facultatum
882 1693 107 66 seu
943 1693 213 66 dignitatum
1110 1693 213 66 abiectione
1278 1693 213 66 contingit:
1445 1693 122 66 nisi
1521 1693 152 66 fuerit
1628 1693 183 66 charitas
1765 1693 122 66 illa
1841 1693 122 66 quae
1917 1693 91 66 in
1963 1693 122 66 sola
2039 1693 152 66 cordis
2130 1693 76 66 pu-

435 1747 150 67 ritate
540 1747 210 67 consistit.
706 1747 120 67 ipsa
781 1747 120 67 enim
856 1747 180 67 secundum
991 1747 165 67 Aposto.
1112 1747 105 67 est
1172 1747 180 67 vinculum
1307 1747 256 67 perfectionis.
1517 1747 105 67 pro
1578 1747 105 67 hac
1638 1747 180 67 solitudo
1773 1747 180 67 sectanda
1908 1747 120 67 est:
1983 1747 105 67 pro
2044 1747 105 67 hac
2104 1747 135 67 ieiu-

443 1800 129 64 nia
516 1800 92 64 &
553 1800 221 64 vigilias
719 1800 92 64 &
756 1800 203 64 labores
904 1800 184 64 debere
1033 1800 129 64 nos
1106 1800 240 64 suscipere
1291 1800 258 64 nouerimus:
1494 1800 203 64 insuper
1641 1800 92 64 &
1678 1800 203 64 vincula
1826 1800 92 64 &
1863 1800 240 64 carceres,
2047 1800 92 64 &
2065 1800 148 64 deinde

443 1861 101 57 si
494 1861 135 57 opus
578 1861 118 57 est
645 1861 168 57 mortis
763 1861 168 57 subire
881 1861 252 57 supplicium,
1083 1861 118 57 vti
1150 1861 202 57 scilicet
1301 1861 118 57 per
1369 1861 135 57 illa
1453 1861 101 57 ab
1503 1861 219 57 vniuersis
1672 1861 252 57 passionibus
1873 1861 168 57 noxiis
1991 1861 202 57 illaesum
2126 1861 84 57 pa-

446 1913 149 61 rare
540 1913 130 61 cor
614 1913 205 61 nostrum
763 1913 93 61 &
800 1913 261 61 conseruare
1006 1913 242 61 possimus:
1192 1913 93 61 &
1229 1913 112 61 ad
1285 1913 298 61 perfectionem
1527 1913 261 61 charitatis
1732 1913 168 61 istis
1844 1913 224 61 gradibus
1993 1913 224 61 conscende-

448 1961 120 62 re.
516 1961 171 62 Igitur
636 1961 206 62 ieiunia,
791 1961 223 62 vigiliae,
962 1961 223 62 meditatio
1133 1961 291 62 scripturarum,
1373 1961 189 62 nuditas
1510 1961 103 62 ac
1562 1961 206 62 priuatio
1716 1961 171 62 omnium
1836 1961 257 62 facultatum,
2042 1961 86 62 &
2059 1961 154 62 caetera

452 2009 203 63 huiusmodi,
612 2009 102 63 non
670 2009 203 63 perfectio,
830 2009 102 63 sed
888 2009 232 63 perfectionis
1077 2009 218 63 instrumenta
1251 2009 131 63 sunt:
1338 2009 116 63 quia
1411 2009 102 63 non
1469 2009 87 63 in
1513 2009 131 63 ipsis
1600 2009 189 63 consistit
1745 2009 145 63 illius
1847 2009 145 63 finis:
1949 2009 102 63 sed
2007 2009 102 63 per
2065 2009 116 63 illa
2137 2009 102 63 per

446 2066 193 60 uenitur
586 2066 105 60 ad
638 2066 175 60 finem.
761 2066 210 60 Incassum
918 2066 175 60 igitur
1041 2066 140 60 haec
1128 2066 228 60 exercitia
1303 2066 210 60 molietur
1461 2066 193 60 quisque
1601 2066 123 60 his
1671 2066 158 60 velut
1776 2066 158 60 summo
1881 2066 140 60 bono
1968 2066 245 60 contentus:
2143 2066 70 60 ha

446 2117 132 64 bens
529 2117 165 64 quoque
645 2117 248 64 disciplinae
844 2117 165 64 illius
959 2117 265 64 instrumenta:
1175 2117 149 64 finem
1274 2117 132 64 vero
1357 2117 99 64 in
1406 2117 116 64 quo
1472 2117 132 64 eius
1555 2117 182 64 fructus
1687 2117 232 64 consistit,
1870 2117 215 64 ignorans.
2035 2117 116 64 Qui
2101 2117 149 64 autem

445 2172 196 70 secundum
592 2172 147 70 huius
690 2172 245 70 disciplinae
885 2172 147 70 finem
983 2172 147 70 omnes
1081 2172 147 70 vitae
1179 2172 131 70 suae
1261 2172 147 70 actus
1359 2172 196 70 dirigit:
1506 2172 82 70 &
1538 2172 196 70 secundum
1685 2172 131 70 tale
1767 2172 147 70 genus
1865 2172 147 70 vitae
1963 2172 98 70 in
2012 2172 163 70 quadam
2110 2172 114 70 prae-

455 2233 206 58 rogatiua
609 2233 189 58 regulas
746 2233 257 58 disciplinae
952 2233 154 58 huius
1055 2233 223 58 custodit,
1226 2233 103 58 de
1277 2233 120 58 hoc
1346 2233 189 58 dicimus
1483 2233 137 58 quod
1569 2233 103 58 in
1620 2233 154 58 statu
1723 2233 274 58 perfectionis
1946 2233 137 58 sit.
2031 2233 120 58 Qui
2083 2233 137 58 duplex

452 2280 134 60 est:
536 2280 202 60 secundum
687 2280 134 60 quod
772 2280 134 60 homo
856 2280 235 60 dupliciter
1040 2280 151 60 iuxta
1141 2280 185 60 regulas
1276 2280 168 60 illius
1393 2280 252 60 disciplinae
1595 2280 168 60 viuit.
1713 2280 118 60 Est
1780 2280 134 60 enim
1864 2280 168 60 quidam
1982 2280 168 60 status
2083 2280 134 60 perfe-

448 2328 187 71 ctionis
584 2328 272 71 acquirendae:
805 2328 170 71 quidam
924 2328 136 71 vero
1009 2328 272 71 persectionis
1230 2328 255 71 exercendae.
1435 2328 102 71 In
1486 2328 153 71 primo
1588 2328 136 71 enim
1673 2328 136 71 homo
1758 2328 119 71 per
1826 2328 153 71 opera
1928 2328 204 71 virtutis
2081 2328 102 71 ad
2132 2328 119 71 per

446 2384 219 60 fectionis
614 2384 185 60 habitum
749 2384 185 60 tendit.
884 2384 101 60 In
934 2384 185 60 secundo
1069 2384 135 60 vero
1153 2384 101 60 ex
1203 2384 168 60 habitu
1321 2384 269 60 perfectionis
1540 2384 219 60 acquisito
1708 2384 118 60 qui
1776 2384 168 60 homini
1893 2384 101 60 in
1944 2384 135 60 vita
2028 2384 135 60 ista
2095 2384 118 60 compe

452 2437 125 64 tit,
530 2437 109 64 iam
593 2437 125 64 opus
670 2437 202 64 perfectum
826 2437 140 64 agit.
920 2437 93 64 De
966 2437 156 64 quorum
1075 2437 171 64 statuum
1200 2437 249 64 comparatione
1402 2437 140 64 nihil
1496 2437 93 64 ad
1542 2437 202 64 praesens.
1698 2437 109 64 Est
1760 2437 140 64 autem
1854 2437 156 64 status
1963 2437 218 64 religionis
2119 2437 93 64 siue

456 2491 237 69 perfectionis
649 2491 237 69 acquirendae,
842 2491 104 69 qui
901 2491 208 69 institutus
1064 2491 104 69 est
1124 2491 89 69 ad
1168 2491 133 69 rudes
1257 2491 163 69 animos,
1376 2491 133 69 etiam
1465 2491 74 69 a
1494 2491 237 69 saecularibus
1687 2491 163 69 actibus
1806 2491 222 69 translatos,
1984 2491 148 69 omnino
2088 2491 89 69 ad
2117 2491 104 69 manda

451 2548 155 64 torum
554 2548 138 64 dei,
640 2548 86 64 &
674 2548 206 64 moralium
829 2548 292 64 institutionum
1070 2548 275 64 obseruantias
1293 2548 292 64 inexercitatos
1534 2548 241 64 erudiendum
1723 2548 120 64 per
1792 2548 258 64 instrumenta
1998 2548 206 64 virtutum
2136 2548 86 64 sub

450 2596 157 70 certae
560 2596 251 70 perfectionis
764 2596 172 70 regula.
889 2596 157 70 Status
998 2596 125 70 vero
1077 2596 251 70 perfectionis
1280 2596 219 70 exercendae
1453 2596 157 70 duplex
1562 2596 125 70 est:
1641 2596 188 70 secundum
1782 2596 125 70 quod
1860 2596 157 70 duplex
1969 2596 110 70 est
2032 2596 141 70 genus
2110 2596 110 70 vitae

440 2655 101 57 et
491 2655 169 57 duplex
609 2655 135 57 opus
694 2655 271 57 perfectionis
914 2655 101 57 in
964 2655 152 57 illis
1066 2655 237 57 exercitae:
1252 2655 135 57 opus
1337 2655 203 57 scilicet
1489 2655 152 57 vitae
1590 2655 186 57 actiuae
1726 2655 85 57 &
1759 2655 321 57 contemplatiuae.
2030 2655 169 57 Status
2131 2655 85 57 per

454 2705 197 66 fectionis
605 2705 212 66 exercendae
772 2705 136 66 vitae
862 2705 182 66 actiuae,
999 2705 227 66 praelatorum
1180 2705 106 66 est
1241 2705 91 66 in
1286 2705 166 66 publico
1407 2705 272 66 conuersantium.
1634 2705 151 66 Status
1740 2705 121 66 vero
1816 2705 242 66 perfectionis
2012 2705 136 66 vitae
2088 2705 136 66 conten-

452 2760 202 69 platiuae,
608 2760 264 69 Anachoritarum
825 2760 109 69 est
887 2760 93 69 in
933 2760 202 69 solitudie
1088 2760 217 69 degentium.
1259 2760 93 69 de
1305 2760 155 69 quorum
1414 2760 217 69 operatione
1584 2760 140 69 nihil
1677 2760 93 69 ad
1724 2760 202 69 praesens.
1879 2760 109 69 Sed
1941 2760 155 69 statum
2034 2760 186 69 anachorita

454 2818 115 62 rum
519 2818 82 62 &
552 2818 262 62 religiosorum
765 2818 180 62 videtur
896 2818 180 62 tangere
1028 2818 213 62 quaestio:
1192 2818 115 62 sed
1257 2818 115 62 non
1323 2818 164 62 tangit
1438 2818 98 62 vt
1487 2818 131 62 mihi
1569 2818 197 62 videtur.
1717 2818 164 62 Statum
1831 2818 131 62 enim
1913 2818 279 62 anachoritarum
2127 2818 98 62 sta-

442 2863 120 61 tum
510 2863 240 61 religionis
699 2863 120 61 non
768 2863 189 61 reputo,
905 2863 189 61 quamuis
1042 2863 223 61 religiosi
1214 2863 137 61 viri
1300 2863 137 61 sint
1385 2863 274 61 anachoritae,
1608 2863 154 61 sicut
1711 2863 120 61 nec
1780 2863 172 61 statum
1900 2863 274 61 praelatorum,
2106 2863 120 61 licet

449 2921 199 68 praelati
598 2921 182 68 possint
731 2921 132 68 esse
814 2921 132 68 viri
896 2921 232 68 religiosi.
1079 2921 248 68 Anachoritae
1277 2921 132 68 enim
1360 2921 132 68 sunt
1443 2921 116 68 qui
1509 2921 99 68 in
1559 2921 232 68 religione,
1741 2921 116 68 vel
1807 2921 149 68 alibi
1906 2921 215 68 religiose
2072 2921 182 68 viuendo

448 2979 124 64 iam
519 2979 213 64 perfecti
679 2979 160 64 facti
786 2979 160 64 sunt:
892 2979 89 64 &
928 2979 231 64 instinctu
1106 2979 213 64 spiritus
1266 2979 178 64 sancti
1390 2979 195 64 dimissa
1532 2979 195 64 fratrum
1674 2979 89 64 &
1710 2979 195 64 humanae
1852 2979 249 64 societatis
2030 2979 195 64 congrega-

452 3028 148 64 tione
550 3028 98 64 ad
599 3028 246 64 arctissimae
796 3028 246 64 solitudinis
993 3028 197 64 secretum
1140 3028 229 64 conuolant:
1320 3028 82 64 &
1353 3028 98 64 ab
1402 3028 164 64 humano
1517 3028 213 64 confortio
1681 3028 180 64 quantum
1812 3028 131 64 vita
1894 3028 197 64 mortalis
2042 3028 180 64 patitur
2156 3028 66 64 se

450 3080 104 64 se
502 3080 276 64 sequestrant:
726 3080 104 64 vt
778 3080 207 64 liberius
933 3080 121 64 deo
1002 3080 259 64 orationibus
1209 3080 86 64 &
1244 3080 276 64 deuotionibus
1468 3080 190 64 vacent.
1606 3080 121 64 qui
1676 3080 155 64 nulli
1779 3080 224 64 religioni
1952 3080 224 64 inquantum
2107 3080 121 64 tales

447 3131 122 57 sunt
523 3131 229 57 specialiter
707 3131 199 57 astricti:
860 3131 107 57 sed
921 3131 168 57 tamquam
1043 3131 153 57 onagri
1150 3131 92 57 in
1196 3131 184 57 montibus
1334 3131 168 57 liberi:
1456 3131 76 57 &
1487 3131 122 57 viri
1563 3131 153 57 iusti,
1670 3131 153 57 quibus
1777 3131 107 57 non
1839 3131 107 57 est
1900 3131 107 57 lex
1961 3131 168 57 posita,
2068 3131 153 57 spiritus

440 3192 151 79 sancti
545 3192 136 79 ductu
636 3192 196 79 reguntur.
787 3192 121 79 quia
862 3192 181 79 secundum
998 3192 166 79 Aposto.
1118 3192 106 79 vbi
1179 3192 181 79 spiritus
1314 3192 151 79 domini
1420 3192 106 79 ibi
1480 3192 196 79 libertas.
1631 3192 75 79 &
1661 3192 181 79 Galicoe.
1797 3192 166 79 quinto.
1917 3192 90 79 Si
1963 3192 166 79 spiritu
2068 3192 166 79 ducimini.
