2457 3735
123 314 117 86 ad
182 314 293 86 diligentiam
416 314 273 86 adhibendum
631 314 176 86 circa
748 314 254 86 custodiam
944 314 234 86 correpti
1119 314 195 86 possit
1256 314 254 86 inducere,
1451 314 137 86 per
1529 314 156 86 quam
1627 314 176 86 forte
1725 314 195 86 poterunt

120 392 172 62 ipsum
235 392 115 62 in
292 392 134 62 suo
369 392 210 62 peccato
522 392 344 62 comprehendere.
809 392 115 62 Ad
866 392 153 62 quod
962 392 172 62 tamen
1076 392 249 62 probandum
1268 392 134 62 non
1344 392 191 62 essent
1478 392 191 62 testes
1612 392 191 62 idonei
1746 392 153 62 nisi
1822 392 96 62 plu

124 452 136 60 res
201 452 175 60 simul
318 452 370 60 comprehenderent
630 452 117 60 in
688 452 175 60 eodem
805 452 175 60 facto
921 452 234 60 secundum
1097 452 234 60 numerum.
1272 452 136 60 Nec
1350 452 175 60 licet
1466 452 117 60 ad
1525 452 292 60 cognoscenda
1739 452 175 60 peccata

129 488 188 75 aliena
261 488 263 75 explorare.
468 488 207 75 dicente
618 488 245 75 Augustino
806 488 113 75 in
863 488 207 75 sermone
1013 488 263 75 praedicto.
1220 488 207 75 Admonet
1371 488 132 75 nos
1446 488 207 75 dominus
1596 488 188 75 noster
1728 488 132 75 non
1784 488 132 75 negli

130 550 145 65 gere
220 550 199 65 inuicem
365 550 199 65 peccata
510 550 199 65 nostra,
655 550 127 65 non
728 550 235 65 quaerendo
909 550 145 65 quod
999 550 290 65 reprehendas,
1235 550 127 65 sed
1307 550 199 65 videndo
1452 550 145 65 quid
1543 550 235 65 corrigas.
1724 550 145 65 Vnde
1796 550 109 65 post

125 599 225 66 secretam
294 599 263 66 monitionem
501 599 113 66 si
557 599 188 66 testes
688 599 188 66 desunt
820 599 131 66 qui
895 599 188 66 sciunt
1026 599 244 66 peccatum,
1214 599 225 66 negotium
1383 599 225 66 vlterius
1551 599 131 66 deo
1627 599 169 66 debet
1720 599 188 66 committi

127 657 127 69 cui
199 657 109 69 de
254 657 218 69 occultis
417 657 272 69 committenda
635 657 145 69 sunt
725 657 218 69 iudicia.
888 657 91 69 &
925 657 127 69 hoc
997 657 181 69 maxime
1124 657 236 69 inquantum
1306 657 109 69 de
1360 657 199 69 peccato
1505 657 199 69 occulto
1650 657 236 69 quaeritur
1813 657 91 69 cor

120 714 194 72 rectio
256 714 214 72 proximi
411 714 175 72 prout
528 714 194 72 vergit
664 714 117 72 in
722 714 272 72 nocumentum
936 714 194 72 ipsius
1072 714 272 72 personale.
1285 714 117 72 De
1344 714 233 72 peccatis
1518 714 175 72 autem
1635 714 253 72 quibusdam
1810 714 97 72 oc-

119 759 176 71 cultis
242 759 141 71 quae
330 759 158 71 etiam
436 759 193 71 vergunt
576 759 105 71 in
629 759 264 71 detrimentum
840 759 193 71 proximi
981 759 88 71 &
1016 759 281 71 reipublicae,
1244 759 176 71 dicunt
1367 759 193 71 aliqui:
1508 759 141 71 quod
1596 759 105 71 si
1648 759 246 71 delinquens
1824 759 88 71 non

134 826 257 56 corrigatur
335 826 110 56 ex
390 826 202 56 secreta
537 826 293 56 correptione,
775 826 147 56 tunc
867 826 165 56 debet
977 826 147 56 tale
1068 826 220 56 peccatum
1233 826 220 56 praelato
1398 826 275 56 denunciando
1618 826 238 56 reuelare:
1801 826 92 56 &
1819 826 92 56 hoc

134 869 245 67 quaerendo
322 869 113 67 de
379 869 207 67 peccato
529 869 151 67 illo
623 869 301 67 correctionem
868 869 301 67 delinquentis
1113 869 169 67 prout
1226 869 188 67 vergit
1357 869 113 67 in
1414 869 263 67 nocumentum
1621 869 245 67 publicum.
1809 869 132 67 Sed

126 921 156 71 licet
229 921 156 71 istud
333 921 190 71 licitum
471 921 173 71 esset,
592 921 138 71 quia
679 921 156 71 tamen
783 921 104 71 in
834 921 121 71 hac
904 921 294 71 denunciatione
1145 921 121 71 non
1215 921 225 71 quaeritur
1387 921 294 71 principaliter
1629 921 156 71 bonum
1716 921 190 71 delinquem

135 973 131 65 tis,
217 973 115 65 sed
282 973 230 65 publicum:,
463 973 131 65 ipsa
545 973 115 65 non
611 973 197 65 pertinet
759 973 99 65 ad
808 973 230 65 praeceptum
989 973 99 65 de
1038 973 197 65 fraterna
1186 973 263 65 correptione,
1400 973 99 65 in
1449 973 115 65 qua
1515 973 279 65 principaliter
1728 973 181 65 quaeritur

129 1026 162 71 bonum
237 1026 306 71 delinquentis.
489 1026 144 71 Vnde
579 1026 90 71 &
615 1026 216 71 fraterna
777 1026 234 71 correptio
957 1026 216 71 pertinet
1119 1026 108 71 ad
1173 1026 216 71 virtutem
1335 1026 270 71 charitatis,
1551 1026 90 71 &
1587 1026 126 71 est
1659 1026 108 71 de
1695 1026 216 71 effectibus

129 1082 159 70 eius:
235 1082 141 70 illa
324 1082 159 70 autem
430 1082 265 70 denunciatio
642 1082 88 70 &
677 1082 230 70 correctio
854 1082 194 70 intenta
996 1082 124 70 per
1066 1082 159 70 ipsam
1172 1082 212 70 pertinet
1332 1082 106 70 ad
1385 1082 212 70 virtutem
1544 1082 248 70 iustitiae,
1738 1082 124 70 non
1791 1082 124 70 priua

132 1148 119 53 tae
200 1148 119 53 sed
268 1148 220 53 publicae,
437 1148 85 53 &
471 1148 119 53 est
538 1148 102 53 de
589 1148 203 53 operibus
742 1148 152 53 eius.
843 1148 152 53 Illud
945 1148 152 53 autem
1046 1148 203 53 exemplum
1199 1148 135 53 quod
1283 1148 237 53 Augustinus
1470 1148 186 53 inducit
1605 1148 102 53 in
1656 1148 169 53 regula
1775 1148 102 53 de
1808 1148 102 53 vul-

126 1185 135 75 nere
210 1185 236 75 corporali.
396 1185 101 75 Si
447 1185 152 75 autem
548 1185 169 75 frater
666 1185 135 75 tuus
750 1185 152 75 habet
851 1185 169 75 vulnus
969 1185 118 75 &c.
1037 1185 202 75 Dicendum
1189 1185 135 75 quod
1273 1185 236 75 Augustinus
1459 1185 152 75 sicut
1560 1185 152 75 patet
1661 1185 253 75 inspicienti
1847 1185 67 75 li

125 1245 169 70 teram
238 1245 226 70 secundum
408 1245 132 70 iam
483 1245 245 70 exposita,
671 1245 226 70 loquitur
841 1245 132 70 ibi
916 1245 113 70 de
973 1245 264 70 silentibus
1180 1245 94 70 &
1217 1245 132 70 non
1293 1245 264 70 vocantibus
1500 1245 207 70 testes,
1650 1245 132 70 cum
1726 1245 132 70 eos
1782 1245 132 70 habe-

132 1295 104 71 re
184 1295 190 71 possunt
322 1295 104 71 ad
374 1295 225 71 arguendum
547 1295 156 71 coram
651 1295 173 71 illis,
772 1295 104 71 vt
823 1295 104 71 si
875 1295 121 71 non
945 1295 225 71 emendetur
1117 1295 225 71 correptus
1290 1295 190 71 dicatur
1429 1295 208 71 praelato
1584 1295 190 71 tanquam
1723 1295 173 71 medico
1827 1295 86 71 spi

131 1350 198 66 rituali.
280 1350 116 66 Quo
346 1350 99 66 ad
396 1350 116 66 hoc
462 1350 198 66 siquidem
610 1350 132 66 bene
693 1350 165 66 simile
808 1350 116 66 est
874 1350 132 66 quod
957 1350 132 66 iste
1039 1350 231 66 crudeliter
1221 1350 182 66 sileret
1353 1350 99 66 in
1402 1350 231 66 proposito,
1584 1350 149 66 sicut
1683 1350 231 66 crudeliter
1848 1350 66 66 si

130 1400 160 75 leret
237 1400 177 75 vulnus
361 1400 195 75 fratris
503 1400 142 75 quod
591 1400 177 75 vellet
715 1400 230 75 occultare
893 1400 106 75 in
946 1400 213 75 corpore.
1105 1400 89 75 &
1141 1400 213 75 secundum
1300 1400 124 75 hoc
1371 1400 230 75 processit
1549 1400 177 75 primum
1673 1400 213 75 obiectum
1815 1400 106 75 prin

130 1461 165 73 cipale
245 1461 99 73 ad
294 1461 247 73 quaestionem
492 1461 214 73 adductam.
656 1461 115 73 Nec
722 1461 115 73 est
788 1461 165 73 simile
903 1461 115 73 quo
969 1461 99 73 ad
1019 1461 132 73 hoc:
1101 1461 132 73 quod
1183 1461 148 73 sicut
1282 1461 165 73 vulnus
1398 1461 214 73 corporale
1562 1461 132 73 quid
1645 1461 231 73 vulneratus
1809 1461 99 73 vult

139 1510 161 69 celare
252 1510 161 69 omnino
364 1510 145 69 debet
461 1510 193 69 reuelare
606 1510 209 69 corporali
767 1510 161 69 medico
880 1510 225 69 ignoranti,
1057 1510 145 69 licet
1153 1510 145 69 illud
1250 1510 145 69 solus
1346 1510 161 69 sciat:
1459 1510 113 69 sic
1524 1510 161 69 vulnus
1636 1510 225 69 spirituale
1813 1510 129 69 quid

135 1564 237 67 vulneratus
321 1564 136 67 vult
406 1564 169 67 celare
525 1564 169 67 medico
643 1564 254 67 spirituali,
847 1564 102 67 vt
897 1564 203 67 praelato
1050 1564 220 67 ignoranti
1219 1564 220 67 reuelare,
1389 1564 152 67 licet
1490 1564 152 67 illud
1592 1564 152 67 solus
1694 1564 169 67 sciat.
1812 1564 136 67 quo-

125 1614 150 70 niam
219 1614 188 70 vulnus
350 1614 244 70 corporale
538 1614 131 70 non
613 1614 225 70 infamat,
782 1614 169 70 sicut
895 1614 169 70 facit
1007 1614 188 70 vulnus
1139 1614 281 70 spirituale:
1364 1614 94 70 &
1401 1614 206 70 propter
1551 1614 169 70 solam
1664 1614 169 70 famam
1758 1614 150 70 custo-

135 1667 181 70 diendam
266 1667 132 70 quod
349 1667 132 70 quis
431 1667 148 70 solus
530 1667 148 70 nouit
629 1667 148 70 nulli
728 1667 148 70 debet
827 1667 214 70 reuelari,
992 1667 132 70 quia
1074 1667 132 70 quid
1157 1667 115 70 est
1223 1667 198 70 secretum
1371 1667 165 70 quando
1486 1667 148 70 solus
1585 1667 165 70 nouit,
1701 1667 198 70 postquam
1849 1667 99 70 al

133 1729 154 69 teri
229 1729 270 69 reuelasset
442 1729 135 69 iam
519 1729 232 69 secretum
693 1729 135 69 non
770 1729 193 69 esset,
905 1729 97 69 &
944 1729 212 69 infamia
1098 1729 270 69 inciperet.
1310 1729 116 69 AD
1368 1729 232 69 secundum
1542 1729 270 69 argumentum
1735 1729 174 69 princi-

126 1784 203 69 paliter
273 1784 221 69 inductum
439 1784 111 69 ad
494 1784 276 69 argumentum:
715 1784 147 69 quod
807 1784 221 69 Balliuus
973 1784 184 69 potest
1102 1784 295 69 corripiendum
1341 1784 92 69 a
1378 1784 111 69 se
1433 1784 129 69 non
1507 1784 239 69 correptum
1673 1784 239 69 praesentare

128 1835 141 64 regi
216 1835 106 64 vt
269 1835 106 64 ab
322 1835 141 64 ipso
410 1835 282 64 corripiatur:
639 1835 141 64 ergo
727 1835 88 64 &
762 1835 211 64 subditus
921 1835 282 64 corripiendum
1150 1835 88 64 a
1185 1835 106 64 se
1238 1835 123 64 non
1308 1835 229 64 correptum
1484 1835 176 64 potest
1608 1835 264 64 praesentare
1801 1835 106 64 prae

137 1887 136 64 lato
222 1887 102 64 vt
273 1887 102 64 ab
323 1887 136 64 illo
408 1887 271 64 corripiatur:
628 1887 85 64 &
662 1887 119 64 sic
730 1887 203 64 reuelare
883 1887 169 64 factum
1001 1887 169 64 illius
1120 1887 169 64 absque
1238 1887 220 64 monitione
1408 1887 186 64 secreta
1543 1887 271 64 praecedente:
1747 1887 169 64 Dicendum

138 1950 132 61 quod
220 1950 115 61 non
286 1950 115 61 est
352 1950 181 61 simile,
484 1950 132 61 quia
566 1950 198 61 Balliuus
715 1950 181 61 neminem
846 1950 165 61 potest
962 1950 115 61 aut
1028 1950 148 61 debet
1127 1950 214 61 corripere
1292 1950 132 61 nisi
1374 1950 231 61 confessum,
1555 1950 115 61 aut
1621 1950 214 61 conuictum
1786 1950 115 61 per
1836 1950 82 61 te-

133 1986 143 82 stes
222 1986 107 82 in
276 1986 197 82 publico
419 1986 214 82 iudicio,
580 1986 125 82 vel
651 1986 161 82 cuius
759 1986 179 82 factum
884 1986 179 82 omnino
1009 1986 125 82 est
1080 1986 232 82 notorium.
1259 1986 89 82 &
1295 1986 125 82 sic
1366 1986 125 82 sua
1438 1986 268 82 denunciatio
1652 1986 125 82 qua
1706 1986 214 82 praesentat

131 2048 114 64 eum
196 2048 130 64 regi
277 2048 211 64 puniendum
439 2048 114 64 non
504 2048 195 64 infamat,
651 2048 146 64 sicut
748 2048 179 64 faceret
878 2048 244 64 denunciatio
1073 2048 146 64 facta
1171 2048 211 64 praelato.
1333 2048 179 64 propter
1463 2048 130 64 quid
1544 2048 97 64 vt
1593 2048 162 64 dictum
1707 2048 114 64 est
1772 2048 130 64 ista
1837 2048 81 64 nul

132 2112 97 55 lo
180 2112 130 55 modo
262 2112 114 55 est
327 2112 162 55 licita
440 2112 146 55 sicut
538 2112 146 55 illa.
635 2112 114 55 Est
700 2112 162 55 igitur
814 2112 97 55 ex
863 2112 97 55 eo
912 2112 130 55 quid
993 2112 162 55 dictum
1107 2112 114 55 est
1172 2112 114 55 iam
1237 2112 195 55 secundum
1383 2112 130 55 Aug.
1464 2112 114 55 Vbi
1529 2112 211 55 contingit
1692 2112 146 55 malum
1789 2112 114 55 ibi
1838 2112 81 55 mo-

137 2162 186 60 riatur:
272 2162 203 60 Sciendum
425 2162 135 60 quod
509 2162 152 60 malum
611 2162 220 60 aliquando
780 2162 220 60 contingit
949 2162 102 60 in
1000 2162 186 60 secreto
1136 2162 152 60 coram
1237 2162 152 60 vnico
1339 2162 152 60 solo.
1440 2162 220 60 Aliquando
1609 2162 220 60 contingit
1762 2162 152 60 publice

139 2207 164 66 coram
248 2207 201 66 populo.
394 2207 237 66 Aliquando
576 2207 237 66 contingit
759 2207 164 66 medio
868 2207 146 66 modo
959 2207 164 66 coram
1068 2207 201 66 duobus,
1214 2207 128 66 vel
1287 2207 201 66 tribus,
1433 2207 128 66 aut
1506 2207 292 66 aliquantulum
1725 2207 182 66 pluribus

146 2256 166 82 paucis
263 2256 166 82 tamen.
379 2256 100 82 Et
429 2256 200 82 secundum
579 2256 116 82 hoc
645 2256 133 82 quod
728 2256 116 82 sit
795 2256 100 82 in
845 2256 183 82 secreto
978 2256 150 82 coram
1078 2256 166 82 vnico,
1194 2256 100 82 in
1244 2256 183 82 secreto
1377 2256 150 82 vnico
1477 2256 249 82 corripiente
1676 2256 133 82 solo
1759 2256 100 82 si
1793 2256 116 82 fieri

134 2316 176 77 potest
258 2316 229 77 moriatur.
433 2316 141 77 Quod
521 2316 141 77 vero
609 2316 123 77 sit
680 2316 158 77 coram
785 2316 141 77 omni
873 2316 176 77 populo
996 2316 211 77 publice,
1155 2316 193 77 publica
1295 2316 264 77 correptione
1506 2316 158 77 facta
1612 2316 158 77 coram
1718 2316 193 77 omnibus
1841 2316 70 77 mo

134 2363 203 78 riatur.
281 2363 147 78 Quod
373 2363 147 78 vero
465 2363 239 78 contingit
649 2363 166 78 coram
760 2363 203 78 duobus,
907 2363 129 78 aut
981 2363 203 78 tribus,
1128 2363 129 78 aut
1202 2363 239 78 pluribus,
1386 2363 184 78 paucis
1515 2363 184 78 tamen:
1644 2363 111 78 si
1699 2363 129 78 non
1754 2363 166 78 mortuum

130 2421 184 75 fuerit
259 2421 129 75 vno
332 2421 147 75 solo
424 2421 276 75 corripiente
646 2421 221 75 secreto,
811 2421 221 75 moriatur
977 2421 129 75 vno
1051 2421 276 75 corripiente
1272 2421 166 75 coram
1383 2421 147 75 vno,
1475 2421 129 75 aut
1548 2421 203 75 duobus,
1696 2421 129 75 aut
1751 2421 166 75 tribus,

134 2477 187 69 nunquam
270 2477 153 69 tamen
373 2477 153 69 coram
475 2477 136 69 illo
560 2477 119 69 qui
628 2477 119 69 non
696 2477 153 69 prius
799 2477 102 69 id
850 2477 187 69 aliunde
986 2477 136 69 quam
1071 2477 85 69 a
1105 2477 256 69 corripiente
1293 2477 136 69 sciat.

456 2522 155 70 lrca
553 2522 214 70 tertium
708 2522 155 70 vero
805 2522 194 70 nuilum
941 2522 311 70 proponebatur
1194 2522 291 70 argumentum:
1427 2522 97 70 &
1465 2522 155 70 ideo
1562 2522 194 70 statim
1679 2522 233 70 responden-

463 2578 118 69 dum
530 2578 118 69 est
598 2578 101 69 ad
648 2578 151 69 ipsum
749 2578 202 69 secundum
901 2578 168 69 formam
1018 2578 118 69 qua
1086 2578 236 69 propositum
1271 2578 135 69 est.
1355 2578 185 69 DIcendo
1489 2578 135 69 quod
1574 2578 202 69 postquam
1725 2578 135 69 vere
1792 2578 118 69 spon-

457 2634 156 74 salia
561 2634 294 74 praecesserunt
803 2634 156 74 verbo
907 2634 87 74 &
941 2634 156 74 mente
1045 2634 242 74 contracta,
1236 2634 156 74 licet
1340 2634 190 74 affectu
1478 2634 190 74 venereo
1617 2634 104 74 ad
1669 2634 121 74 hoc
1738 2634 139 74 fuit
1824 2634 121 74 ad-

469 2690 192 71 ductus:
608 2690 139 71 quod
695 2690 244 71 nullatenus
887 2690 226 71 veritatem
1061 2690 244 71 sponsalium
1252 2690 244 71 impediuit:
1444 2690 87 71 &
1479 2690 139 71 post
1566 2690 157 71 talia
1670 2690 226 71 sponsalia
1827 2690 87 71 car

458 2742 151 65 nalis
559 2742 168 65 copula
676 2742 117 65 est
743 2742 235 65 subsecuta:
928 2742 101 65 in
978 2742 117 65 qua
1045 2742 117 65 non
1113 2742 201 65 expresse
1264 2742 201 65 cognouit
1415 2742 101 65 se
1465 2742 252 65 dissensisse
1666 2742 101 65 in
1717 2742 185 65 copulam
1834 2742 84 65 con

456 2799 192 76 iugalem:
600 2799 112 76 nec
664 2799 257 76 consensisse:
873 2799 257 76 praesumendum
1081 2799 112 76 est
1145 2799 96 76 ex
1194 2799 144 76 facto
1290 2799 176 76 copulae
1418 2799 192 76 carnalis
1562 2799 128 76 quod
1642 2799 208 76 consensit
1803 2799 96 76 in
1835 2799 80 76 co-

446 2853 151 68 pulam
547 2853 252 68 coniugalem.
749 2853 269 68 Praesumendum
967 2853 135 68 dico
1052 2853 84 68 &
1085 2853 84 68 a
1119 2853 168 68 seipso
1237 2853 101 68 in
1287 2853 252 68 conscientia
1489 2853 135 68 sua,
1573 2853 118 68 uod
1640 2853 202 68 scilicet
1775 2853 151 68 implici

133 2905 104 69 te
185 2905 243 69 consensit,
376 2905 87 69 &
410 2905 156 69 etiam
515 2905 104 69 ab
567 2905 208 69 ecclesia
723 2905 139 69 tali
810 2905 295 69 praesumptione
1053 2905 174 69 contra
1174 2905 139 69 quam
1261 2905 174 69 nullam
1383 2905 243 69 admitteret
1574 2905 260 69 exceptionem
1782 2905 104 69 in
1817 2905 104 69 con-

146 2950 215 90 trarium,
307 2950 126 90 sed
379 2950 287 90 sententiando
612 2950 233 90 iudicaret
792 2950 161 90 verum
899 2950 143 90 esse
989 2950 269 90 matrimonium
1204 2950 233 90 perfectum
1383 2950 90 90 &
1419 2950 287 90 consummatum.
1652 2950 161 90 Quare
1760 2950 126 90 cum
1813 2950 108 90 tali

132 3007 143 71 modo
221 3007 232 71 astrictus
400 3007 161 71 vxori
507 3007 125 71 non
578 3007 161 71 habet
685 3007 250 71 potestatem
881 3007 268 71 subrrahendi
1095 3007 107 71 se
1149 3007 89 71 a
1185 3007 232 71 confortio
1363 3007 232 71 mulieris,
1541 3007 268 71 defraudando
1755 3007 125 71 eam
1827 3007 125 71 de-

142 3061 141 76 bito
230 3061 141 76 quod
318 3061 158 76 habet
424 3061 106 76 in
477 3061 141 76 eius
565 3061 211 76 corpore,
723 3061 158 76 sicut
829 3061 123 76 nec
899 3061 246 76 econverso,
1093 3061 141 76 dico
1181 3061 141 76 sine
1269 3061 123 76 suo
1339 3061 211 76 consensu
1498 3061 211 76 amborum:
1656 3061 194 76 dicente
1779 3061 141 76 Apost.

143 3117 102 77 i.
194 3117 171 77 Corin.
314 3117 137 77 vii.
399 3117 171 77 Mulier
518 3117 119 77 sui
587 3117 205 77 corporis
740 3117 239 77 potestatem
928 3117 119 77 non
996 3117 171 77 habet,
1116 3117 119 77 sed
1184 3117 137 77 vir:
1269 3117 222 77 similiter
1440 3117 85 77 &
1474 3117 119 77 vir
1543 3117 119 77 sui
1611 3117 205 77 corporis
1747 3117 171 77 potesta-

142 3172 129 88 tem
215 3172 129 88 non
289 3172 185 88 habet,
419 3172 129 88 sed
492 3172 203 88 mulier:
640 3172 203 88 propter
788 3172 148 88 quod
880 3172 129 88 nec
954 3172 203 88 possunt
1102 3172 129 88 nec
1176 3172 185 88 debent
1305 3172 148 88 sibi
1397 3172 111 88 in
1453 3172 129 88 hoc
1527 3172 259 88 defraudare
1730 3172 148 88 nisi
1822 3172 111 88 ex
1859 3172 74 88 mu
