2458 3729
520 254 126 83 tuo
592 254 216 83 consensu
754 254 216 83 amborum.
917 254 216 83 secundum
1079 254 144 83 quod
1169 254 216 83 continuo
1332 254 180 83 subdit
1458 254 253 83 Apostolus.
1657 254 180 83 Nolite
1783 254 216 83 fraudare
1945 254 198 83 inuicem
2090 254 144 83 nisi
2162 254 144 83 fortem

518 309 104 75 ex
570 309 208 75 consensu
725 309 104 75 ad
777 309 190 75 tempus.
916 309 156 75 Super
1020 309 173 75 illud,
1141 309 121 75 Vir
1210 309 190 75 debitum
1349 309 190 75 reddat.
1487 309 190 75 Glossa.
1626 309 208 75 Postquam
1782 309 225 75 coniuncti
1955 309 208 75 fuerint.
2111 309 87 75 &
2145 309 156 75 super
2232 309 69 75 il

516 364 152 67 lud,
611 364 267 67 Porestatem
821 364 133 67 non
897 364 191 67 habet.
1030 364 133 67 Non
1107 364 152 67 sibi
1202 364 248 67 alterutri
1392 364 210 67 negent.
1545 364 152 67 Post
1640 364 210 67 copulam
1793 364 152 67 enim
1888 364 229 67 carnalem
2059 364 191 67 neuter
2174 364 133 67 habet

519 417 261 72 potestatem
724 417 223 72 corporis
892 417 130 72 sui
966 417 112 72 ad
1022 417 149 72 vsum
1115 417 130 72 sui
1189 417 223 72 corporis
1357 417 261 72 denegandum
1562 417 205 72 alteri.
1710 417 205 72 Propter
1859 417 149 72 quod
1952 417 205 72 dicitur
2101 417 167 72 Roma.
2194 417 112 72 vii.

521 483 137 71 Quae
607 483 120 71 sub
675 483 137 71 viro
761 483 120 71 est
829 483 189 71 mulier,
967 483 189 71 viuente
1104 483 137 71 viro
1190 483 206 71 alligata
1344 483 120 71 est
1412 483 137 71 legi
1498 483 154 71 viri.
1601 483 86 71 &
1635 483 223 71 similiter
1807 483 240 71 econuerso,
1995 483 137 71 quia
2081 483 103 71 in
2133 483 120 71 hoc
2184 483 120 71 pares

517 524 144 67 sunt,
613 524 96 67 vt
661 524 144 67 dicit
757 524 144 67 Glos.
853 524 96 67 i.
901 524 160 67 Corin.
1013 524 128 67 vii.
1093 524 144 67 super
1189 524 160 67 illud.
1301 524 160 67 Nolite
1413 524 208 67 fraudare.
1574 524 160 67 Gloss,
1686 524 96 67 id
1734 524 112 67 es.
1798 524 224 67 subtrahere
1974 524 192 67 debitum.
2118 524 96 67 vt
2166 524 128 67 etsi
2230 524 80 67 al-

512 582 140 78 teri
599 582 157 78 eorum
704 582 209 78 perpetua
861 582 262 78 continentia
1070 582 209 78 placeat,
1227 582 140 78 nisi
1314 582 105 78 ex
1367 582 209 78 alterius
1524 582 209 78 consensu
1681 582 122 78 non
1751 582 192 78 possit.
1890 582 140 78 Vnde
1977 582 122 78 nec
2047 582 209 78 quaerere
2187 582 122 78 debet

514 639 254 71 occasionem
713 639 326 71 dissolutionis.
985 639 199 71 dicente
1130 639 218 71 Apostolo
1294 639 109 71 in
1348 639 181 71 eadem.
1475 639 236 71 Alligatus
1656 639 109 71 es
1711 639 181 71 vxori:
1838 639 145 71 noli
1928 639 218 71 quaerere
2073 639 236 71 solutionem.

525 683 186 84 Glossa.
660 683 135 84 Etsi
745 683 169 84 instet
863 683 253 84 necessitas.
1066 683 186 84 Propter
1201 683 135 84 quod
1285 683 152 84 dicit
1387 683 220 84 Apostolus
1556 683 186 84 ibidem.
1691 683 220 84 Praecipio
1860 683 118 84 non
1927 683 135 84 ego,
2012 683 118 84 sed
2079 683 203 84 dominus,
2215 683 84 84 vxo

519 752 121 57 rem
588 752 87 57 a
623 752 139 57 viro
709 752 121 57 non
778 752 242 57 discedere.
969 752 225 57 Intellige
1142 752 121 57 nec
1211 752 242 57 econuerso.
1402 752 190 57 Idcirco
1540 752 208 57 dicendum
1696 752 139 57 quod
1783 752 156 57 talis
1886 752 225 57 religioni
2060 752 121 57 per
2129 752 156 57 votum
2215 752 87 57 nul

511 791 109 77 lo
565 791 145 77 modo
656 791 181 77 potuit
783 791 109 77 se
837 791 272 77 astringere,
1054 791 127 77 nec
1127 791 181 77 potest
1253 791 109 77 in
1308 791 109 77 ea
1362 791 235 77 permanere
1543 791 145 77 nisi
1634 791 199 77 obtento
1779 791 145 77 eius
1869 791 217 77 expresso
2032 791 217 77 consensu
2177 791 127 77 secun

510 863 133 67 dum
586 863 305 67 ordinationem
834 863 267 67 ecclesiae,
1044 863 133 67 sed
1120 863 210 67 oportet
1273 863 172 67 ipsum
1387 863 114 67 ad
1444 863 229 67 saeculum
1616 863 229 67 reuerti,
1787 863 95 67 &
1825 863 286 67 matrimonium
2054 863 133 67 cum
2130 863 153 67 illa
2207 863 95 67 so-

513 899 220 66 lennizare
682 899 85 66 &
716 899 203 66 tractare
868 899 186 66 affectu
1003 899 287 66 matrimoniali.
1240 899 118 66 Sed
1308 899 203 66 quamquam
1460 899 220 66 sponsalia
1629 899 287 66 praecederent,
1865 899 85 66 &
1899 899 203 66 carnalis
2051 899 169 66 copula
2153 899 152 66 sequere

510 956 152 80 tur,
605 956 114 80 si
662 956 248 80 consensus
853 956 133 80 non
929 956 324 80 interueniret,
1196 956 133 80 non
1272 956 171 80 esset
1386 956 286 80 matrimonium
1614 956 209 80 quantum
1767 956 114 80 ad
1824 956 171 80 deum:
1938 956 133 80 nec
2014 956 171 80 etiam
2129 956 209 80 quantum

504 1020 103 64 ad
555 1020 240 64 ecclesiam,
744 1020 103 64 si
795 1020 223 64 constaret
966 1020 223 64 ecclesiae
1138 1020 137 64 quod
1223 1020 223 64 consensus
1394 1020 120 64 non
1463 1020 308 64 interuenisset.
1720 1020 103 64 vt
1771 1020 154 64 extra
1874 1020 103 64 de
1925 1020 274 64 sponsalibus.
2148 1020 137 64 cap.
2216 1020 86 64 Tua

509 1066 130 65 nos.
590 1066 113 65 Sed
655 1066 194 65 postquam
801 1066 146 65 illud
898 1066 211 65 ecclesiae
1060 1066 194 65 constare
1206 1066 113 65 non
1271 1066 178 65 potest,
1400 1066 162 65 stabit
1514 1066 113 65 pro
1578 1066 97 65 eo
1627 1066 130 65 quod
1708 1066 97 65 ei
1757 1066 162 65 factum
1854 1066 162 65 constat.

841 1163 212 77 Equuntur
1000 1163 212 77 quaesita
1160 1163 159 77 circa
1266 1163 212 77 subditos
1425 1163 318 77 ecclesiasticos
1690 1163 124 77 non
1761 1163 265 77 religiosos.
1973 1163 106 77 Et
2026 1163 159 77 erant
2132 1163 141 77 duo.
2203 1163 88 77 Pri

844 1217 128 87 mum
917 1217 238 87 pertinens
1100 1217 110 87 ad
1154 1217 146 87 boni
1246 1217 256 87 temporalis
1447 1217 274 87 adeptionem,
1666 1217 164 87 vtrum
1775 1217 238 87 beneficia
1958 1217 311 87 ecclesiastica
2196 1217 91 87 le-

841 1267 181 92 gitime
968 1267 272 92 conferuntur
1185 1267 181 92 pueris
1312 1267 218 92 scientia
1475 1267 127 92 vel
1548 1267 199 92 aetate.
1693 1267 218 92 Secundum
1856 1267 236 92 pertinens
2037 1267 109 92 ad
2092 1267 145 92 boni
2164 1267 127 92 tempo

831 1347 168 65 ralis
944 1347 337 65 subtractionem:
1224 1347 168 65 vtrum
1337 1347 206 65 clerici
1486 1347 243 65 teneantur
1673 1347 112 65 ad
1730 1347 262 65 exactiones
1935 1347 150 65 quas
2029 1347 168 65 laici
2123 1347 168 65 soluunt

810 1393 294 74 ciuitatibus
1045 1393 98 74 &
1084 1393 215 74 dominis
1241 1393 333 74 temporalibus.
1515 1393 294 74 ClRCAprimum
1750 1393 254 74 arguitur:
1946 1393 157 74 quod
2044 1393 254 74 beneficia
2220 1393 78 74 ec

837 1449 251 64 clesiastica
1038 1449 117 64 non
1105 1449 201 64 legitime
1256 1449 251 64 conferuntur
1457 1449 168 64 pueris
1575 1449 201 64 scientia
1725 1449 117 64 vel
1792 1449 184 64 aetate,
1926 1449 134 64 quia
2010 1449 168 64 Orige.
2127 1449 151 64 super
2211 1449 84 64 Exo

831 1508 130 67 dum.
912 1508 163 67 xviii.
1026 1508 163 67 dicit.
1140 1508 98 67 Ad
1188 1508 114 67 hoc
1253 1508 146 67 solum
1351 1508 195 67 ministri
1497 1508 211 67 ecclesiae
1660 1508 163 67 debent
1774 1508 163 67 sumere
1888 1508 228 67 temporalia
2066 1508 98 67 vt
2099 1508 195 67 ministrent

502 1542 245 89 spiritualia,
700 1542 153 89 quaere
807 1542 107 89 cum
869 1542 138 89 tales
960 1542 138 89 pueri
1052 1542 229 89 spiritualia
1235 1542 214 89 ministrare
1404 1542 107 89 non
1465 1542 229 89 sufficiant,
1648 1542 122 89 quia
1724 1542 229 89 ministratio
1908 1542 138 89 eorum
2000 1542 183 89 requirit
2137 1542 168 89 aetatem
2244 1542 46 89 &

510 1599 246 81 scientiam.
704 1599 141 81 ergo
792 1599 123 81 &c.
862 1599 211 81 DIcendum
1020 1599 158 81 iuxta
1126 1599 158 81 illud
1231 1599 141 81 quod
1319 1599 193 81 dicitur
1460 1599 158 81 extra
1565 1599 105 81 de
1618 1599 264 81 praebendis.
1829 1599 352 81 Superimordinata.
2128 1599 123 81 Cum
2181 1599 105 81 illi

504 1651 135 78 sint
588 1651 101 78 in
639 1651 202 78 ecclesia
790 1651 168 78 idonei
908 1651 219 78 reputandi
1076 1651 118 78 qui
1143 1651 185 78 seruire
1278 1651 185 78 possunt
1412 1651 84 78 &
1446 1651 168 78 volunt
1564 1651 101 78 in
1614 1651 151 78 ipsa,
1715 1651 286 78 consultationi
1951 1651 135 78 tuae
2035 1651 185 78 taliter
2152 1651 135 78 respon

505 1709 177 78 demus:
629 1709 141 78 quod
717 1709 159 78 pueri
823 1709 88 78 &
859 1709 265 78 beneficiati
1070 1709 124 78 qui
1141 1709 124 78 non
1212 1709 194 78 possunt
1353 1709 106 78 in
1406 1709 212 78 ecclesia
1565 1709 247 78 deseruire,
1759 1709 106 78 in
1812 1709 159 78 eadem
1918 1709 124 78 non
1989 1709 177 78 debent
2112 1709 177 78 idonei
2218 1709 71 78 re

507 1753 202 91 putari.
653 1753 110 91 Et
709 1753 110 91 si
764 1753 128 91 non
837 1753 202 91 idonei,
984 1753 165 91 quare
1094 1753 128 91 nec
1167 1753 220 91 legitime
1333 1753 275 91 conferuntur
1553 1753 128 91 eis
1626 1753 147 91 quae
1718 1753 128 91 non
1791 1753 147 91 nisi
1883 1753 202 91 idoneis
2030 1753 110 91 ad
2067 1753 220 91 seruiendum

513 1821 175 72 debent
636 1821 228 72 conferri.
811 1821 158 72 extra
917 1821 105 72 de
969 1821 175 72 aetate
1092 1821 88 72 &
1127 1821 228 72 qualitate
1302 1821 298 72 ordinandorum.
1548 1821 105 72 Ex
1600 1821 210 72 ratione.
1758 1821 228 72 Indecorum
1933 1821 123 72 est
2004 1821 140 72 quod
2091 1821 105 72 hi
2126 1821 158 72 debeant

507 1863 237 78 ecclesias
689 1863 182 78 regere
816 1863 127 78 qui
889 1863 127 78 non
962 1863 218 78 nouerunt
1126 1863 237 78 gubernare
1308 1863 218 78 seipsos,
1472 1863 127 78 cum
1545 1863 182 78 tantum
1672 1863 109 78 ad
1727 1863 200 78 regimen
1872 1863 273 78 ecclesiarum
2091 1863 164 78 tales
2182 1863 109 78 per-

513 1913 163 89 sonae
622 1913 145 89 siut
712 1913 290 89 admittendae,
948 1913 145 89 quae
1039 1913 272 89 discretione
1257 1913 290 89 praemineant,
1493 1913 91 89 &
1529 1913 163 89 morum
1638 1913 218 89 fulgeant
1801 1913 254 89 honestate.
2001 1913 145 89 Nota
2091 1913 145 89 quod
2164 1913 127 89 dicit

516 1972 120 73 Qui
585 1972 189 73 seruire
722 1972 189 73 possunt
859 1972 86 73 &
894 1972 189 73 volunt.
1031 1972 137 73 quia
1117 1972 155 73 licet
1220 1972 206 73 possent,
1375 1972 103 73 si
1426 1972 155 73 tamen
1529 1972 189 73 vellent
1667 1972 189 73 vagari,
1804 1972 86 73 &
1838 1972 120 73 non
1907 1972 206 73 continue
2062 1972 103 73 in
2096 1972 189 73 ecclefiis

509 2023 135 79 suis
594 2023 220 79 residere,
763 2023 220 79 beneficia
932 2023 118 79 non
1000 2023 152 79 solum
1101 2023 118 79 non
1169 2023 135 79 sunt
1253 2023 118 79 eis
1321 2023 254 79 conferenda,
1524 2023 118 79 sed
1592 2023 186 79 collata
1727 2023 135 79 sunt
1811 2023 118 79 eis
1879 2023 237 79 deneganda,
2065 2023 152 79 sicut
2167 2023 85 79 &
2184 2023 101 79 alia

506 2075 231 87 priuilegia
687 2075 99 87 in
736 2075 181 87 fauorem
868 2075 165 87 diuini
984 2075 181 87 officii
1115 2075 115 87 eis
1181 2075 214 87 concessa,
1346 2075 132 87 xvi.
1429 2075 214 87 quaestio.
1594 2075 165 87 prima.
1709 2075 264 87 Generaliter.
1923 2075 115 87 Eos
1989 2075 165 87 tantum
2105 2075 198 87 monachos
2237 2075 49 87 &

502 2146 221 68 clericos
667 2146 239 68 huiusmodi
851 2146 257 68 beneficium
1053 2146 184 68 habere
1182 2146 239 68 sancimus,
1365 2146 129 68 qui
1439 2146 110 68 ad
1494 2146 294 68 sacrosanctas
1733 2146 239 68 ecclesias
1917 2146 129 68 vel
1990 2146 257 68 monasteria
2174 2146 110 68 per-

497 2200 220 69 maneant,
662 2200 128 69 non
735 2200 275 69 deuagantes,
955 2200 128 69 nec
1029 2200 165 69 circa
1139 2200 257 69 ministeria
1341 2200 220 69 desides.
1506 2200 128 69 cum
1580 2200 202 69 propter
1726 2200 128 69 hoc
1800 2200 165 69 ipsum
1910 2200 257 69 beneficium
2112 2200 128 69 eis
2185 2200 128 69 in-

499 2240 237 70 dulsimus,
681 2240 109 70 vt
735 2240 164 70 aliis
845 2240 200 70 omnibus
990 2240 255 70 derelictis
1191 2240 127 70 dei
1263 2240 291 70 omnipotentis
1500 2240 255 70 inhaereant
1700 2240 291 70 ministeriis.
1937 2240 182 70 Quales
2065 2240 182 70 reuera
2192 2240 127 70 non

498 2285 146 92 sunt
589 2285 165 92 pueri
699 2285 146 92 siue
791 2285 183 92 aetate
919 2285 146 92 siue
1010 2285 220 92 moribus.
1175 2285 201 92 Propter
1321 2285 146 92 quid
1413 2285 165 92 dicit
1523 2285 238 92 Bernardus
1706 2285 110 92 in
1761 2285 220 92 epistola
1925 2285 110 92 ad
1980 2285 256 92 Theobaldum
2163 2285 110 92 comi

498 2354 150 73 tem.
592 2354 206 73 Honores
741 2354 94 73 &
779 2354 262 73 dignitates
985 2354 337 73 ecclesiasticas
1265 2354 131 73 non
1340 2354 187 73 ignoro
1471 2354 187 73 deberi
1602 2354 131 73 his
1677 2354 131 73 qui
1751 2354 131 73 eas
1826 2354 168 73 digne
1938 2354 224 73 secundum
2107 2354 150 73 deum
2200 2354 112 73 ad

501 2403 244 72 ministrare
692 2403 87 72 &
727 2403 174 72 velint
849 2403 87 72 &
884 2403 209 72 possint.
1041 2403 157 72 Porro
1146 2403 122 72 eas
1215 2403 192 72 acquiri
1355 2403 192 72 paruulo
1494 2403 174 72 vestro
1616 2403 209 72 precibus
1773 2403 157 72 meis,
1878 2403 122 72 vel
1948 2403 209 72 vestris,
2105 2403 122 72 nec
2157 2403 122 72 vobis

492 2450 119 87 nec
560 2450 136 87 mihi
645 2450 153 87 tutum
748 2450 136 87 esse
833 2450 239 87 noueritis.
1020 2450 102 87 Et
1072 2450 102 87 si
1123 2450 119 87 nec
1191 2450 205 87 honores,
1344 2450 119 87 nec
1413 2450 256 87 dignitates:
1617 2450 153 87 quare
1719 2450 119 87 nec
1788 2450 136 87 alia
1873 2450 222 87 beneficia
2043 2450 222 87 inferiora
2214 2450 102 87 in

498 2518 171 64 dignis
618 2518 86 64 &
652 2518 223 64 inidoneis
823 2518 103 64 ad
875 2518 154 64 illa,
977 2518 154 64 tutum
1080 2518 120 64 est
1149 2518 240 64 acquirere.
1337 2518 154 64 quare
1440 2518 120 64 nec
1508 2518 223 64 conferre.
1680 2518 137 64 quia
1765 2518 120 64 non
1834 2518 223 64 expediret
2005 2518 171 64 illis,
2125 2518 120 64 cum
2176 2518 103 64 onus

499 2566 194 70 debitum
640 2566 229 70 beneficio
817 2566 194 70 portare
957 2566 123 70 non
1028 2566 211 70 possent.
1187 2566 141 70 Quod
1275 2566 106 70 si
1328 2566 229 70 sentirent
1504 2566 229 70 beneficia
1680 2566 282 70 conferentes,
1909 2566 123 70 non
1979 2566 176 70 darent
2103 2566 106 70 ea
2138 2566 141 70 pueris

492 2605 214 94 scientia
653 2605 125 94 aut
724 2605 197 94 aetate,
867 2605 125 94 nec
939 2605 143 94 ipsi
1028 2605 161 94 pueri
1135 2605 286 94 acceptarent.
1368 2605 125 94 Sed
1439 2605 143 94 quia
1529 2605 107 94 ad
1582 2605 197 94 honorem
1725 2605 250 94 respiciunt
1922 2605 89 94 &
1957 2605 268 94 conferentes
2172 2605 89 94 &
2190 2605 89 94 re-

499 2667 246 78 cipientes,
693 2667 123 78 non
763 2667 264 78 attendentes
974 2667 105 78 ad
1027 2667 158 78 onus:
1132 2667 141 78 ideo
1220 2667 229 78 contingit
1396 2667 158 78 illud
1501 2667 141 78 quod
1589 2667 158 78 dicit
1695 2667 176 78 beatus
1818 2667 229 78 Bernardus
1994 2667 105 78 in
2046 2667 211 78 epistola
2205 2667 105 78 ad

495 2720 233 80 Henricum
670 2720 233 80 Senonen.
845 2720 370 80 archiepiscopum.
1156 2720 175 80 Multi
1273 2720 136 80 non
1350 2720 175 80 tanta
1467 2720 214 80 fiducia
1623 2720 97 80 &
1662 2720 272 80 alacritate
1876 2720 253 80 currerent
2070 2720 117 80 ad
2109 2720 175 80 honores

493 2781 110 83 si
548 2781 147 83 esse
640 2781 239 83 sentirent
823 2781 92 83 &
860 2781 184 83 onera:
989 2781 202 83 grauari
1136 2781 221 83 profecto
1301 2781 257 83 metuerent,
1503 2781 129 83 nec
1577 2781 129 83 cum
1650 2781 165 83 tanto
1761 2781 184 83 labore
1889 2781 92 83 &
1926 2781 221 83 periculo
2073 2781 202 83 quarumli-

490 2830 135 83 bet
567 2830 289 83 affectarent
798 2830 212 83 infulas
952 2830 289 83 dignitatum.
1184 2830 154 83 Nunc
1280 2830 154 83 vero
1376 2830 154 83 quia
1473 2830 154 83 sola
1569 2830 270 83 attenditur
1781 2830 193 83 gloria
1916 2830 96 83 &
1954 2830 135 83 non
2031 2830 193 83 poena,
2147 2830 135 83 purum

495 2881 144 87 esse
585 2881 216 87 clericum
746 2881 251 87 erubescunt
944 2881 108 87 in
998 2881 216 87 ecclesia
1160 2881 126 87 qui
1231 2881 233 87 quocunque
1411 2881 269 87 eminentiori
1626 2881 144 87 loco
1716 2881 126 87 non
1788 2881 198 87 fuerint
1932 2881 251 87 sublimati.
2111 2881 162 87 Schola-

490 2944 139 64 res
570 2944 179 64 pueri
689 2944 99 64 &
729 2944 258 64 impuberes
927 2944 338 64 adolescentuli
1205 2944 119 64 ob
1265 2944 258 64 sanguinis
1464 2944 278 64 dignitatem
1682 2944 298 64 promouentur
1920 2944 119 64 ad
1960 2944 318 64 ecclesiasticas

502 2991 270 63 dignitates:
718 2991 90 63 &
754 2991 108 63 de
808 2991 126 63 sub
880 2991 180 63 ferula
1005 2991 306 63 transferuntur
1257 2991 108 63 ad
1311 2991 288 63 principandum
1545 2991 288 63 presbyteris,
1779 2991 234 63 laetiores
1958 2991 198 63 interim
2102 2991 144 63 quod
2174 2991 108 63 vir-

496 3044 137 90 gas
575 3044 274 90 euaserint,
790 3044 157 90 quam
888 3044 157 90 quod
986 3044 254 90 meruerint
1181 3044 313 90 principatum.
1436 3044 137 90 Nec
1514 3044 196 90 mirum:
1651 3044 137 90 qui
1729 3044 196 90 necdum
1866 3044 117 90 in
1925 3044 274 90 semetipsis
2120 3044 157 90 exper
