2424 3716
505 263 211 118 Quaestio
663 263 193 118 autemem
804 263 123 118 iam
874 263 228 118 proposita
1049 263 105 118 in
1102 263 140 118 casu
1190 263 263 118 particulari
1400 263 158 118 magis
1505 263 281 118 particularis
1734 263 140 118 est:
1821 263 88 118 &
1856 263 175 118 potest
1979 263 88 118 a
1997 263 298 118 determinantibus

517 370 130 62 eam
592 370 111 62 in
647 370 186 62 partem
777 370 260 62 negatiuam,
981 370 297 62 transformari
1223 370 111 62 in
1278 370 316 62 propositionem
1538 370 241 62 negatiuam
1724 370 186 62 dictae
1854 370 297 62 propositioni
2076 370 186 62 affirmat

519 414 129 75 uae
592 414 259 75 quodammodo
796 414 240 75 oppositam
981 414 185 75 talem:
1110 414 148 75 quod
1202 414 148 75 vere
1295 414 240 75 poenitens
1480 414 92 75 &
1517 414 240 75 confessus
1702 414 148 75 rite
1794 414 240 75 absolutus
1979 414 111 75 ab
2034 414 111 75 eo
2090 414 129 75 qui
2145 414 148 75 potest

508 458 106 90 de
561 458 177 90 gratia
685 458 89 90 &
721 458 106 90 ex
774 458 248 90 priuilegio
968 458 230 90 speciali,
1146 458 124 90 non
1216 458 212 90 teneatur
1376 458 159 90 eadem
1482 458 195 90 peccata
1623 458 177 90 alteri
1747 458 248 90 confiteri,
1942 458 124 90 cui
2013 458 106 90 de
2066 458 142 90 iure
2137 458 159 90 conmuni

512 515 189 88 tenetur
649 515 223 88 confiteri
821 515 103 88 ex
873 515 137 88 illo
958 515 206 88 statuto,
1113 515 155 88 Omnis
1216 515 223 88 vtriusque
1388 515 172 88 sexus.
1508 515 155 88 error
1611 515 137 88 est.
1697 515 137 88 immo
1783 515 137 88 quod
1869 515 206 88 teneatur
2023 515 155 88 error
2126 515 120 88 non
2178 515 103 88 est.

511 567 110 86 De
566 567 239 86 proposita
749 567 184 86 igitur
878 567 257 86 quaestione
1080 567 312 86 inuestigandum
1337 567 147 86 quid
1429 567 257 86 sentiendum
1631 567 147 86 sit:
1723 567 92 86 &
1759 567 239 86 similiter
1943 567 110 86 de
1998 567 294 86 propositione
2219 567 73 86 ex

510 623 132 92 illa
593 623 281 92 transformata.
825 623 132 92 Dico
907 623 132 92 ergo
990 623 99 92 ad
1040 623 248 92 quaestionem
1238 623 132 92 hanc
1321 623 132 92 sine
1404 623 248 92 praeiudicio
1602 623 83 92 &
1635 623 116 92 sub
1701 623 281 92 protestatione
1933 623 149 92 facta
2032 623 149 92 alias
2132 623 99 92 in
2181 623 149 92 quae-

500 677 187 88 stione
631 677 187 88 quadam
761 677 149 88 alia
855 677 149 88 mota
948 677 168 88 super
1060 677 168 88 dicto
1172 677 261 88 priuilegio
1377 677 112 88 in
1433 677 187 88 quodam
1564 677 149 88 alio
1657 677 187 88 nostro
1787 677 242 88 Quolibet.
1974 677 149 88 Dico
2067 677 187 88 igitur
2179 677 112 88 prae

506 729 168 95 habita
624 729 151 95 dicta
725 729 286 95 protestatione
961 729 101 95 ad
1011 729 269 95 quaestionem:
1230 729 135 95 quod
1314 729 151 95 aliud
1415 729 118 95 est
1482 729 168 95 teneri
1600 729 151 95 eadem
1701 729 185 95 peccata
1836 729 151 95 semel
1937 729 202 95 confessa
2088 729 168 95 iterum
2189 729 101 95 con-

503 790 166 77 fiteri
619 790 99 77 ex
669 790 166 77 aliquo
785 790 182 77 statuto
917 790 99 77 de
967 790 199 77 pluribus
1116 790 116 77 vel
1182 790 182 77 pluries
1315 790 232 77 confitendo
1497 790 149 77 eadem
1596 790 199 77 peccata:
1745 790 83 77 &
1779 790 149 77 aliud
1878 790 116 77 est
1944 790 166 77 teneri
2060 790 149 77 eadem
2143 790 149 77 peccata

511 839 116 84 vni
578 839 199 84 confessa
727 839 99 84 ex
776 839 149 84 gnera
876 839 132 84 siue
958 839 232 84 priuilegio
1141 839 215 84 speciali,
1306 839 166 84 alteri
1422 839 215 84 confiteri
1588 839 99 84 ex
1637 839 182 84 statuto
1770 839 199 84 generali
1919 839 99 84 de
1968 839 232 84 confitendo
2151 839 132 84 vni.
2217 839 66 84 Si

516 904 144 74 enim
606 904 217 74 secundum
769 904 181 74 primum
895 904 163 74 modum
1004 904 217 74 formetur
1166 904 235 74 quaestio:
1347 904 163 74 vtrum
1455 904 217 74 scilicet
1618 904 163 74 error
1726 904 126 74 sit
1798 904 181 74 dicere
1925 904 144 74 quod
2015 904 199 74 aliquis
2142 904 144 74 tenea-

513 944 123 88 tur
584 944 193 88 directe
724 944 158 88 eadem
829 944 193 88 peccata
970 944 193 88 pluries
1110 944 123 88 vel
1180 944 211 88 pluribus
1338 944 228 88 confiteri
1514 944 105 88 ex
1566 944 193 88 statuto
1707 944 211 88 generali
1865 944 123 88 vel
1935 944 246 88 praecepto:
2128 944 123 88 hoc
2198 944 123 88 non

511 1000 115 82 est
576 1000 148 82 aliud
675 1000 198 82 quaerere
824 1000 132 82 quam
906 1000 198 82 quaerere
1054 1000 99 82 an
1104 1000 115 82 hoc
1170 1000 165 82 possit
1285 1000 181 82 statui.
1417 1000 99 82 Et
1466 1000 165 82 dicunt
1582 1000 165 82 aliqui
1697 1000 132 82 quod
1779 1000 132 82 non:
1862 1000 132 82 quia
1944 1000 198 82 pluribus
2092 1000 115 82 vel
2142 1000 148 82 pluries

513 1051 153 85 eadem
615 1051 187 85 peccata
751 1051 238 85 confiteri,
939 1051 119 85 est
1007 1051 102 85 in
1058 1051 204 85 consilio
1211 1051 187 85 tantum:
1347 1051 85 85 &
1381 1051 136 85 quae
1467 1051 136 85 sunt
1552 1051 204 85 consilii
1705 1051 119 85 non
1773 1051 170 85 cadunt
1892 1051 119 85 sub
1960 1051 238 85 praecepto.
2148 1051 119 85 Sed
2199 1051 85 85 ra-

508 1104 120 82 tio
576 1104 137 82 haec
662 1104 120 82 non
730 1104 171 82 valet:
850 1104 291 82 quantuncumque
1090 1104 137 82 enim
1175 1104 188 82 aliquid
1312 1104 120 82 sit
1381 1104 103 82 in
1432 1104 223 82 consilio:
1603 1104 154 82 tamen
1706 1104 188 82 quantum
1843 1104 120 82 est
1911 1104 103 82 ex
1963 1104 103 82 se
2014 1104 86 82 &
2048 1104 171 82 natura
2168 1104 120 82 sua
2220 1104 68 82 si

507 1167 161 71 causa
615 1167 179 71 subsit
740 1167 143 71 siue
830 1167 161 71 ratio
937 1167 143 71 bene
1027 1167 179 71 potest
1153 1167 179 71 cadere
1278 1167 126 71 sub
1350 1167 251 71 praecepto.
1547 1167 233 71 Continere
1726 1167 143 71 enim
1816 1167 90 71 &
1852 1167 126 71 non
1923 1167 179 71 nubere
2049 1167 108 71 de
2103 1167 215 71 caetero:

511 1222 188 69 quantum
647 1222 119 69 est
716 1222 102 69 ex
767 1222 102 69 se
818 1222 102 69 in
869 1222 205 69 consilio
1023 1222 137 69 est:
1108 1222 102 69 ex
1160 1222 154 69 causa
1262 1222 154 69 tamen
1364 1222 137 69 bene
1450 1222 154 69 cadit
1552 1222 119 69 sub
1620 1222 239 69 praecepto.
1808 1222 205 69 secundum
1962 1222 137 69 quod
2047 1222 171 69 contra
2150 1222 119 69 occi-

508 1264 156 78 fores
612 1264 174 78 vxorum
733 1264 174 78 suarum
855 1264 208 78 statutum
1011 1264 122 78 est
1081 1264 104 78 in
1133 1264 191 78 poenam.
1272 1264 191 78 xxxiii.
1411 1264 139 78 quod
1498 1264 122 78 ii.
1567 1264 139 78 cap.
1654 1264 208 78 Amouere.
1810 1264 139 78 quod
1897 1264 104 78 de
1949 1264 191 78 caetero
2088 1264 122 78 non
2140 1264 139 78 ducant

509 1329 192 73 vxores:
648 1329 122 73 nec
718 1329 175 73 ducere
841 1329 210 73 possunt.
998 1329 87 73 &
1033 1329 210 73 secundum
1191 1329 140 73 quod
1278 1329 105 73 ex
1331 1329 157 73 causa
1435 1329 192 73 virgini
1575 1329 227 73 professae
1750 1329 175 73 posset
1873 1329 245 73 praecipere
2065 1329 140 73 papa
2153 1329 105 73 vt
2188 1329 87 73 nu-

502 1373 156 86 beret.
611 1373 125 86 Dico
689 1373 156 86 igitur
798 1373 125 86 quod
876 1373 93 86 si
923 1373 140 86 causa
1016 1373 249 86 rationabilis
1219 1373 171 86 subsit,
1343 1373 125 86 quod
1421 1373 156 86 statui
1530 1373 156 86 possit
1639 1373 187 86 pluribus
1779 1373 109 86 vel
1842 1373 171 86 pluries
1966 1373 140 86 eadem
2060 1373 171 86 peccata
2169 1373 93 86 esse

503 1430 265 71 confitenda:
715 1430 88 71 &
751 1430 124 71 ita
822 1430 141 71 quod
910 1430 106 71 ad
963 1430 124 71 hoc
1034 1430 194 71 aliquis
1175 1430 194 71 directe
1316 1430 247 71 teneretur.
1511 1430 124 71 Nec
1582 1430 124 71 hoc
1652 1430 106 71 in
1705 1430 177 71 aliquo
1829 1430 212 71 repugnat
1988 1430 194 71 virtuti
2130 1430 88 71 &
2147 1430 124 71 effi-

500 1480 176 89 caciae
623 1480 246 89 sacramenti
817 1480 299 89 poenitentiae.
1063 1480 105 89 Si
1115 1480 141 89 enim
1203 1480 105 89 ex
1256 1480 176 89 natura
1379 1480 246 89 sacramenti
1572 1480 281 89 poenitentiae
1801 1480 246 89 repugnaret
1994 1480 105 89 ei
2047 1480 211 89 iteratio
2187 1480 88 89 cir

498 1531 113 87 ca
555 1531 169 87 eadem
667 1531 206 87 peccata
817 1531 281 87 confitenda:
1042 1531 150 87 tunc
1136 1531 113 87 ex
1192 1531 244 87 deuotione
1380 1531 94 87 &
1417 1531 188 87 libera
1549 1531 244 87 voluntate
1736 1531 113 87 vt
1792 1531 150 87 quis
1886 1531 188 87 citius
2017 1531 188 87 veniam
2130 1531 150 87 conse-

502 1584 193 92 quatur,
643 1584 158 92 nullo
748 1584 140 92 modo
836 1584 158 92 esset
941 1584 193 92 licitum
1082 1584 193 92 pluries
1222 1584 123 92 vel
1292 1584 211 92 pluribus
1450 1584 228 92 confiteri
1626 1584 158 92 eadem
1731 1584 211 92 peccata,
1889 1584 123 92 vel
1959 1584 158 92 semet
2064 1584 158 92 ipsum
2170 1584 105 92 ex
2205 1584 70 92 vo

498 1647 111 75 to
554 1647 223 75 obligare
721 1647 111 75 ad
777 1647 148 75 hoc:
870 1647 167 75 sicut
981 1647 130 75 nec
1055 1647 186 75 iterum
1185 1647 260 75 baptizari.
1389 1647 167 75 cuius
1501 1647 260 75 contrarium
1705 1647 297 75 declarauimus
1946 1647 111 75 in
2002 1647 148 75 alio
2076 1647 204 75 Quolibet:

501 1693 91 87 &
537 1693 163 87 tenet
646 1693 254 87 consuetudo
845 1693 254 87 ecclesiae.
1044 1693 254 87 Veruntamen
1244 1693 217 87 sciendum
1407 1693 145 87 quod
1497 1693 217 87 statuens
1660 1693 217 87 pluribus
1823 1693 127 87 vel
1896 1693 199 87 pluries
2041 1693 163 87 eadem
2131 1693 145 87 pecca-

502 1750 106 66 ta
555 1750 142 66 esse
644 1750 266 66 confitenda,
857 1750 124 66 hoc
928 1750 177 66 potest
1052 1750 213 66 statuere
1211 1750 106 66 ex
1265 1750 195 66 duplici
1406 1750 248 66 intentione
1601 1750 142 66 siue
1690 1750 160 66 causa
1796 1750 124 66 aut
1867 1750 213 66 ratione.
2027 1750 124 66 Vno
2098 1750 142 66 modo
2186 1750 124 66 in-

503 1807 221 69 tendendo
668 1807 129 69 hoc
742 1807 221 69 statuere
908 1807 203 69 propter
1055 1807 184 69 causam
1184 1807 129 69 seu
1258 1807 221 69 rationem
1424 1807 221 69 acceptam
1589 1807 111 69 ex
1645 1807 166 69 parte
1755 1807 184 69 ipsius
1884 1807 276 69 sacramenti:
2087 1807 184 69 scilicet

512 1857 194 83 propter
653 1857 282 83 infirmitatem
883 1857 247 83 sacramenti
1077 1857 88 83 &
1112 1857 282 83 debilitatem:
1341 1857 159 83 quasi
1447 1857 212 83 scilicet
1606 1857 123 83 sit
1676 1857 229 83 elementum
1853 1857 212 83 infirmum
2011 1857 88 83 &
2047 1857 176 83 debile
2170 1857 106 83 ad
2205 1857 71 83 er

503 1914 184 74 fectum
631 1914 147 74 suum
723 1914 276 74 principalem
944 1914 239 74 causandum
1128 1914 110 74 in
1183 1914 276 74 poenitente:
1403 1914 147 74 nisi
1495 1914 202 74 pluries
1642 1914 129 74 vel
1716 1914 92 74 a
1752 1914 221 74 pluribus
1918 1914 331 74 administretur.
2175 1914 92 74 su-

514 1960 127 78 per
586 1960 127 78 quo
659 1960 127 78 for
732 1960 145 78 mata
823 1960 127 78 est
895 1960 163 78 prima
1004 1960 163 78 ratio
1113 1960 254 78 proposita.
1313 1960 145 78 Alio
1404 1960 145 78 modo
1494 1960 254 78 intendendo
1694 1960 127 78 hoc
1767 1960 218 78 statuere
1930 1960 200 78 propter
2075 1960 182 78 causam
2184 1960 91 78 seu

500 2024 213 75 rationem
660 2024 213 75 acceptam
820 2024 106 75 ex
873 2024 160 75 parte
979 2024 177 75 ipsius
1104 2024 213 75 peccati:
1263 2024 213 75 scilicet
1423 2024 106 75 in
1476 2024 302 75 detestationem
1725 2024 160 75 eius,
1831 2024 89 75 &
1867 2024 106 75 in
1920 2024 177 75 poenam
2027 2024 248 75 committentis

508 2065 171 93 ipsum,
628 2065 154 93 atque
730 2065 103 93 in
782 2065 205 93 cautelam
936 2065 188 93 cauendi
1072 2065 171 93 ipsum.
1192 2065 154 93 Primo
1295 2065 137 93 modo
1380 2065 137 93 dico
1466 2065 137 93 quod
1551 2065 154 93 illud
1654 2065 171 93 statui
1774 2065 120 93 non
1842 2065 188 93 potest:
1979 2065 86 93 &
2013 2065 120 93 est
2082 2065 154 93 error
2184 2065 120 93 di-

503 2127 140 83 cere
590 2127 140 83 quod
677 2127 105 83 ex
730 2127 140 83 illa
817 2127 157 83 causa
922 2127 192 83 aliquis
1062 2127 210 83 teneatur
1219 2127 157 83 eadem
1324 2127 192 83 peccata
1464 2127 192 83 pluries
1604 2127 122 83 vel
1674 2127 210 83 pluribus
1831 2127 245 83 confiteri.
2023 2127 192 83 Secundo
2146 2127 122 83 autem

504 2184 136 66 modo
589 2184 187 66 videtur
725 2184 136 66 mihi
810 2184 136 66 quod
895 2184 136 66 bene
980 2184 170 66 possit
1099 2184 187 66 statui:
1235 2184 85 66 &
1269 2184 119 66 non
1337 2184 119 66 est
1404 2184 153 66 error
1506 2184 170 66 dicere
1625 2184 136 66 quod
1710 2184 102 66 ex
1761 2184 221 66 huiusmodi
1931 2184 187 66 statuto
2067 2184 187 66 aliquis
2186 2184 85 66 te-

507 2232 171 83 neatur
626 2232 188 83 directe
763 2232 154 83 eadem
866 2232 188 83 peccata
1002 2232 188 83 pluries
1139 2232 120 83 vel
1207 2232 205 83 pluribus
1361 2232 239 83 confiteri:
1549 2232 137 83 puta
1634 2232 137 83 quod
1719 2232 102 83 in
1771 2232 290 83 detestationem
2010 2232 154 83 vitii
2095 2232 171 83 Sodomiae

508 2280 89 78 &
544 2280 107 78 vt
597 2280 196 78 fortius
739 2280 231 78 arceantur
917 2280 196 78 homines
1060 2280 107 78 ab
1113 2280 125 78 hoc
1184 2280 213 78 erimine,
1344 2280 231 78 statuatur
1522 2280 213 78 generali
1682 2280 196 78 statuto
1824 2280 142 78 quod
1913 2280 231 78 quicumque
2073 2280 196 78 committat

502 2339 180 72 vitium
628 2339 288 72 Sodomiticum,
862 2339 198 72 pluries
1006 2339 144 72 siue
1096 2339 216 72 pluribus
1258 2339 216 72 teneatur
1420 2339 144 72 idem
1510 2339 180 72 vitium
1636 2339 252 72 confiteri.
1834 2339 108 72 Si
1888 2339 144 72 vero
1978 2339 216 72 secundum
2140 2339 162 72 modum

506 2384 212 79 secundum
665 2384 212 79 formetur
824 2384 230 79 quaestio:
1001 2384 159 79 vtrum
1107 2384 212 79 scilicet
1266 2384 159 79 error
1372 2384 124 79 sit
1442 2384 177 79 dicere
1566 2384 141 79 quod
1654 2384 194 79 aliquis
1795 2384 212 79 teneatur
1954 2384 159 79 eadem
2060 2384 194 79 peccata
2184 2384 88 79 plu

507 2439 138 87 ries
593 2439 121 87 vel
662 2439 208 87 pluribus
818 2439 242 87 confiteri,
1009 2439 156 87 semel
1112 2439 121 87 vni
1182 2439 104 87 ex
1234 2439 173 87 gratia
1355 2439 87 87 &
1389 2439 260 87 priuilegio:
1597 2439 173 87 alteri
1718 2439 138 87 vero
1805 2439 104 87 ex
1857 2439 190 87 statuto
1995 2439 87 87 &
2030 2439 242 87 praecepto:
2203 2439 69 87 vt

506 2491 194 90 directe
647 2491 123 90 non
718 2491 211 90 teneatur
876 2491 229 90 confiteri
1052 2491 106 90 ea
1105 2491 141 90 nisi
1193 2491 123 90 vni
1263 2491 88 90 &
1298 2491 176 90 semel:
1421 2491 158 90 super
1527 2491 123 90 hoc
1597 2491 141 90 mota
1685 2491 123 90 est
1756 2491 211 90 quaestio
1914 2491 246 90 proposita.
2108 2491 106 90 Et
2143 2491 123 90 vide-

504 2554 123 66 tur
574 2554 140 66 mihi
661 2554 140 66 esse
749 2554 315 66 distinguendum:
1011 2554 140 66 quia
1099 2554 228 66 huiusmodi
1274 2554 210 66 statutum
1431 2554 140 66 siue
1519 2554 245 66 praeceptum
1711 2554 123 66 aut
1781 2554 123 66 est
1851 2554 245 66 praecedens
2026 2554 245 66 confessionem

495 2596 177 93 factam
619 2596 106 93 ex
672 2596 177 93 gratia
796 2596 89 93 &
832 2596 266 93 priuilegio:
1044 2596 124 93 aut
1115 2596 124 93 est
1186 2596 195 93 sequens
1328 2596 142 93 eam.
1416 2596 106 93 Si
1469 2596 142 93 vero
1558 2596 283 93 intelligatur
1788 2596 248 93 praeceptum
1983 2596 159 93 sequi
2071 2596 195 93 confessio

509 2660 120 83 nem
578 2660 172 83 factam
698 2660 120 83 vni
766 2660 103 83 ex
818 2660 172 83 gratia
938 2660 86 83 &
972 2660 258 83 priuilegio:
1178 2660 137 83 Dico
1264 2660 137 83 quod
1350 2660 120 83 ibi
1419 2660 120 83 non
1487 2660 155 83 habet
1590 2660 155 83 locum
1693 2660 206 83 generale
1848 2660 223 83 statutum:
2020 2660 137 83 quia
2105 2660 155 83 esset
2191 2660 86 83 con

502 2709 114 89 tra
567 2709 227 89 saeculares
745 2709 211 89 personas:
908 2709 130 89 etsi
989 2709 227 89 praeceptum
1167 2709 130 89 sit.
1248 2709 114 89 Sed
1313 2709 162 89 dicunt
1427 2709 162 89 aliqui
1541 2709 130 89 quod
1622 2709 114 89 nec
1687 2709 97 89 ab
1735 2709 162 89 aliquo
1849 2709 211 89 superiori
2011 2709 162 89 posset
2109 2709 162 89 praecipi

503 2761 253 83 simpliciter
705 2761 135 83 sine
790 2761 185 83 statuto
924 2761 185 83 talibus
1059 2761 118 83 sic
1126 2761 219 83 confessis
1295 2761 84 83 &
1329 2761 219 83 absolutis
1497 2761 135 83 quod
1581 2761 152 83 eadem
1682 2761 185 83 iterato
1817 2761 168 83 alteri
1935 2761 303 83 confiterentur:
2171 2761 101 83 immo

494 2821 145 82 quod
585 2821 127 82 hoc
657 2821 127 82 non
730 2821 218 82 pertinet
893 2821 145 82 nisi
984 2821 109 82 ad
1038 2821 236 82 consilium
1220 2821 91 82 &
1256 2821 200 82 liberam
1401 2821 272 82 voluntatem.
1619 2821 145 82 Quod
1710 2821 163 82 verum
1818 2821 127 82 est
1891 2821 272 82 simpliciter
2109 2821 91 82 &
2127 2821 145 82 absolu

495 2873 106 68 te
548 2873 230 68 loquendo,
725 2873 88 68 &
761 2873 124 68 non
832 2873 230 68 apparente
1009 2873 159 68 causa
1115 2873 265 68 rationabili
1327 2873 195 68 propter
1469 2873 142 68 quam
1557 2873 142 68 tale
1646 2873 142 68 quid
1734 2873 301 68 praecipiendum
1982 2873 142 68 sit.
2053 2873 212 68 Veruntamen

503 2920 100 87 si
553 2920 150 87 causa
653 2920 267 87 rationabilis
870 2920 267 87 praecipiendi
1087 2920 117 87 hoc
1153 2920 217 87 occurrat,
1320 2920 100 87 vt
1370 2920 133 87 mihi
1453 2920 183 87 videtur
1587 2920 133 87 bene
1670 2920 167 87 potest
1787 2920 217 87 praecipi,
1953 2920 100 87 vt
2003 2920 200 87 scilicet
2137 2920 133 87 confes

502 2968 113 93 sus
567 2968 113 93 vni
631 2968 81 93 &
664 2968 211 93 absolutus
826 2968 97 93 ab
874 2968 113 93 eo,
939 2968 178 93 iterato
1069 2968 194 93 teneatur
1215 2968 146 93 eadem
1312 2968 211 93 confiteri
1474 2968 178 93 alteri:
1604 2968 81 93 &
1636 2968 97 93 ab
1685 2968 130 93 ipso
1766 2968 194 93 absolui.
1912 2968 130 93 puta
1993 2968 97 93 si
2041 2968 211 93 confessor
2187 2968 81 93 pri

500 3034 113 84 mus
564 3034 209 84 percipiat
725 3034 129 84 quod
805 3034 193 84 confesso
950 3034 80 84 &
982 3034 193 84 absoluto
1127 3034 113 84 non
1191 3034 113 84 sit
1255 3034 177 84 vtilior
1384 3034 241 84 satisfactio
1577 3034 225 84 iniungenda
1754 3034 129 84 quam
1834 3034 177 84 iterata
1963 3034 209 84 confessio
2107 3034 161 84 eorundem

499 3071 258 89 peccatorum.
705 3071 103 89 In
757 3071 120 89 hoc
826 3071 138 89 enim
912 3071 138 89 casu
997 3071 172 89 potest
1118 3071 86 89 &
1152 3071 155 89 debet
1255 3071 138 89 illi
1341 3071 241 89 praecipere
1531 3071 206 89 iteratam
1685 3071 275 89 confessionem
1909 3071 206 89 eorundem
2046 3071 224 89 peccatorum.

498 3133 206 100 Secundum
653 3133 138 100 enim
739 3133 138 100 quod
825 3133 189 100 dicitur
962 3133 103 100 in
1014 3133 189 100 statuto
1151 3133 155 100 illo,
1254 3133 155 100 Omnis
1358 3133 224 100 vtriusque
1530 3133 172 100 sexus.
1650 3133 206 100 Sacerdos
1805 3133 155 100 autem
1908 3133 120 100 sit
1977 3133 224 100 discretus
2149 3133 86 100 &
2166 3133 103 100 cau
