2466 3748
167 290 148 110 tus,
260 290 93 110 &
297 290 148 110 more
390 290 241 110 prudentis
575 290 185 110 medici
705 290 315 110 superinfundat
965 290 167 110 vinum
1076 290 93 110 &
1113 290 167 110 oleum
1225 290 260 110 vulneribus
1429 290 241 110 sauciati:
1614 290 260 110 diligenter
1818 290 167 110 inqui

169 382 139 63 rens
256 382 104 63 de
308 382 226 63 peccatis,
482 382 87 63 &
517 382 104 63 de
569 382 191 63 peccati
708 382 331 63 circunstantiis:
987 382 174 63 quibus
1109 382 226 63 prudenter
1283 382 244 63 intelligat
1474 382 157 63 quale
1578 382 104 63 ei
1631 382 174 63 debeat
1735 382 209 63 consilium,

168 439 98 66 &
208 439 256 66 cuiusmodi
405 439 236 66 remedium
582 439 256 66 adhibere:
779 439 236 66 diuersis
956 439 315 66 experimentis
1212 439 197 66 vtendo
1350 439 118 66 ad
1409 439 236 66 sanandum
1586 439 256 66 aegrotum.
1783 439 158 66 Vnde
1862 439 79 66 si

173 495 258 66 intelligat
375 495 221 66 iteratam
541 495 294 66 confessionem
780 495 202 66 propter
927 495 202 66 maiorem
1074 495 276 66 verecundiam
1295 495 129 66 vel
1369 495 202 66 aliquid
1516 495 166 66 aliud
1626 495 221 66 confesso
1792 495 147 66 esse
1865 495 74 66 ma

168 550 125 59 gis
240 550 286 59 medicinalem,
472 550 161 59 illam
579 550 197 59 poterit
722 550 107 59 ei
776 550 107 59 in
829 550 322 59 satisfactionem
1097 550 250 59 praecipere
1294 550 89 59 &
1330 550 250 59 iniungere,
1526 550 89 59 &
1562 550 143 59 ille
1651 550 232 59 humiliter
1812 550 125 59 debet

164 605 251 59 suscipere.
362 605 144 59 quia
451 605 108 59 de
505 605 216 59 confesso
667 605 198 59 dicitur
811 605 198 59 ibidem.
954 605 233 59 Iniunctam
1134 605 144 59 sibi
1224 605 287 59 poenitentiam
1457 605 126 59 pro
1529 605 198 59 viribus
1673 605 198 59 studeat
1798 605 144 59 imple-

162 646 116 72 re.
229 646 149 72 Licet
328 646 132 72 enim
411 646 182 72 iterare
543 646 265 72 confessionem
758 646 149 72 sicut
857 646 198 72 ieiunare
1006 646 83 72 &
1039 646 248 72 peregrinari
1237 646 248 72 simpliciter
1436 646 198 72 consilii
1585 646 132 72 sunt
1667 646 116 72 non
1734 646 232 72 praecepti:

168 703 108 67 ex
222 703 162 67 causa
330 703 162 67 tamen
438 703 90 67 &
474 703 108 67 in
529 703 180 67 poenam
655 703 325 67 satisfactoriam
925 703 126 67 pro
997 703 198 67 peccato
1142 703 126 67 iam
1214 703 216 67 confesso
1376 703 144 67 bene
1466 703 180 67 potest
1592 703 234 67 quodlibet
1773 703 162 67 eorum
1863 703 72 67 se

169 758 178 67 cundum
294 758 232 67 arbitrium
472 758 267 67 confessoris
686 758 232 67 praecipi:
864 758 89 67 &
900 758 125 67 sic
971 758 178 67 cadere
1096 758 125 67 sub
1167 758 232 67 praecepto
1346 758 107 67 in
1399 758 125 67 hoc
1471 758 160 67 casu.
1577 758 107 67 Si
1631 758 160 67 autem
1720 758 214 67 praeceptum

164 811 137 65 siue
250 811 206 65 statutum
404 811 275 65 intelligatur
627 811 240 65 praecedere
816 811 275 65 confessionem
1039 811 172 65 factam
1159 811 120 65 vni
1228 811 103 65 ex
1280 811 172 65 gratia
1400 811 275 65 priuilegiiin
1623 811 103 65 in
1675 811 120 65 hoc
1743 811 137 65 casu
1829 811 137 65 pro-

168 875 186 59 posita
298 875 130 59 est
373 875 223 59 quaestio
540 875 241 59 referendo
726 875 223 59 intentum
893 875 111 59 ad
949 875 279 59 priuilegium
1171 875 186 59 domini
1301 875 204 59 Martini
1450 875 241 59 concessum
1636 875 241 59 quibusdam
1803 875 130 59 reli-

169 924 180 63 giosis
295 924 108 63 de
349 924 323 63 confessionibus
618 924 251 63 audiendis.
816 924 198 63 Dominus
959 924 144 63 enim
1049 924 269 63 Innocentius
1265 924 162 63 papa.
1372 924 144 63 iii.
1462 924 162 63 primo
1570 924 198 63 statuit
1696 924 233 63 generaliter

171 981 88 58 &
207 981 229 58 praecepit
383 981 106 58 in
436 981 212 58 generali
594 981 212 58 concilio
753 981 212 58 contento
912 981 106 58 in
965 981 159 58 Omnis
1070 981 229 58 vtriusque
1247 981 176 58 sexus.
1370 981 106 58 in
1423 981 123 58 quo
1493 981 141 58 erat
1581 981 247 58 praeceptum
1775 981 88 58 &
1793 981 141 58 statu-

166 1025 123 64 tum
237 1025 106 64 vt
290 1025 212 64 generale
448 1025 123 64 ius
519 1025 88 64 &
554 1025 212 64 commune,
713 1025 141 64 quod
801 1025 176 64 saltem
924 1025 159 64 semel
1030 1025 106 64 in
1083 1025 141 64 anno
1171 1025 264 64 confitendum
1383 1025 159 64 esset
1488 1025 88 64 a
1524 1025 212 64 quolibet
1682 1025 123 64 vni
1753 1025 159 64 omnia
1841 1025 88 64 pec

168 1086 141 59 cata
256 1086 141 59 sua:
344 1086 88 59 &
379 1086 193 59 dimisit
520 1086 105 59 in
573 1086 176 59 libera
696 1086 228 59 voluntate
871 1086 264 59 confitentis
1082 1086 228 59 confiteri
1258 1086 158 59 eadem
1364 1086 193 59 peccata
1504 1086 193 59 pluries
1645 1086 123 59 suo
1715 1086 193 59 proprio
1838 1086 88 59 sa-

163 1135 194 63 cerdoti
305 1135 124 63 vel
375 1135 194 63 habenti
516 1135 247 63 potestatem
710 1135 106 63 de
763 1135 176 63 illius
887 1135 229 63 consensu,
1063 1135 106 63 si
1116 1135 194 63 vellet:
1257 1135 88 63 &
1293 1135 124 63 non
1363 1135 247 63 confitendi
1557 1135 176 63 iterum
1681 1135 159 63 eadem
1787 1135 124 63 nec
1840 1135 88 63 plu

162 1183 143 66 ries
252 1183 126 66 nec
323 1183 215 66 pluribus
485 1183 108 66 si
539 1183 197 66 nollet.
682 1183 126 66 Sed
754 1183 143 66 quia
843 1183 126 66 non
915 1183 197 66 vacabat
1059 1183 287 66 sacerdotibus
1292 1183 197 66 curatis
1435 1183 179 66 audire
1561 1183 287 66 confessionem
1776 1183 161 66 pluries

157 1239 107 66 de
211 1239 179 66 eisdem
336 1239 233 66 peccatis:
515 1239 125 66 nec
587 1239 143 66 erat
676 1239 179 66 alicui
802 1239 215 66 concessa
963 1239 215 66 potestas
1124 1239 215 66 audiendi
1285 1239 287 66 confessiones
1518 1239 251 66 subditorum
1715 1239 197 66 curatis
1840 1239 90 66 si-

162 1291 103 69 ne
213 1291 189 69 illorum
351 1291 224 69 consensu:
523 1291 138 69 quem
609 1291 189 69 saepius
747 1291 189 69 subditi
884 1291 206 69 volentes
1039 1291 189 69 pluries
1177 1291 241 69 confiteri:
1366 1291 120 69 non
1435 1291 224 69 potuerunt
1607 1291 103 69 de
1659 1291 172 69 facili
1762 1291 172 69 impetra-

159 1349 123 63 re:
230 1349 193 63 idcirco
370 1349 123 63 (ut
440 1349 158 63 puto)
545 1349 123 63 non
615 1349 123 63 tam
685 1349 105 63 in
737 1349 193 63 fauorem
877 1349 280 63 religiosorum
1105 1349 140 63 quam
1193 1349 280 63 confitentium
1420 1349 140 63 eis,
1508 1349 228 63 concessit
1683 1349 228 63 postmodum
1840 1349 88 63 re-

156 1397 230 67 ligiosis
328 1397 211 67 dominus
481 1397 153 67 papa
577 1397 230 67 Martinus
750 1397 192 67 plenam
884 1397 268 67 potestatem
1094 1397 230 67 audiendi
1267 1397 326 67 confessiones,
1535 1397 96 67 &
1573 1397 287 67 absoluendi,
1803 1397 96 67 &
1841 1397 134 67 in-

166 1456 225 66 iungendi
335 1456 300 66 poenitentias
579 1456 244 66 salutares
767 1456 300 66 quibuscunque
1011 1456 131 66 qui
1086 1456 206 66 vellent
1236 1456 113 66 ad
1292 1456 131 66 eos
1367 1456 244 66 accedere:
1555 1456 206 66 neminem
1705 1456 206 66 cogendo
1836 1456 94 66 per

162 1511 248 57 praeceptum
357 1511 124 57 aut
428 1511 213 57 statutum
588 1511 106 57 ad
641 1511 266 57 confitendum
854 1511 177 57 illis:
978 1511 124 57 sed
1049 1511 124 57 hoc
1120 1511 106 57 in
1173 1511 177 57 libera
1297 1511 231 57 voluntate
1475 1511 266 57 quorumlibet
1688 1511 284 57 relinquendo.

165 1566 102 58 Et
216 1566 119 58 sic
284 1566 204 58 statutum
437 1566 153 58 illud
539 1566 221 58 generale,
709 1566 153 58 Omnis
811 1566 221 58 vtriusque
981 1566 170 58 sexus.
1100 1566 119 58 non
1168 1566 119 58 est
1236 1566 102 58 de
1287 1566 204 58 iterando
1440 1566 272 58 confessionem
1661 1566 204 58 eorundem
1797 1566 136 58 pecca-

171 1622 157 59 torum
275 1622 192 59 directe
415 1622 87 59 &
449 1622 122 59 per
519 1622 122 59 se:
589 1622 139 59 etsi
676 1622 227 59 indirecte
850 1622 87 59 &
885 1622 122 59 per
955 1622 227 59 accidens:
1129 1622 105 59 si
1182 1622 227 59 poenitens
1356 1622 209 59 scilicet
1513 1622 157 59 prius
1617 1622 261 59 confiteatur
1809 1622 122 59 reli-

163 1668 155 67 gioso
266 1668 276 67 priuilegiato
491 1668 138 67 quam
577 1668 121 67 suo
646 1668 242 67 sacerdoti.
836 1668 121 67 Sed
905 1668 121 67 sic
974 1668 276 67 intelligendo
1198 1668 207 67 statutum
1354 1668 207 67 generale
1509 1668 293 67 praecessisse,
1750 1668 86 67 &
1768 1668 155 67 priuile

163 1728 149 62 gium
257 1728 186 62 domini
387 1728 205 62 Martini
536 1728 279 62 subsequutum
759 1728 205 62 fuisse:
908 1728 112 62 ad
964 1728 317 62 dissolutionem
1225 1728 279 62 quaestionis
1449 1728 186 62 restat
1579 1728 279 62 inuestigare
1803 1728 112 62 an
1840 1728 93 62 per

161 1786 157 58 illud
265 1786 262 58 priuilegium
475 1786 262 58 subtrahitur
685 1786 122 58 vel
755 1786 262 58 suspenditur
964 1786 227 58 obligatio
1139 1786 175 58 illius
1261 1786 192 58 statuti
1401 1786 245 58 generalis:
1593 1786 105 58 vt
1645 1786 210 58 scilicet
1785 1786 140 58 confi-

169 1833 179 65 tentes
294 1833 179 65 dictis
420 1833 251 65 religiosis
617 1833 89 65 a
652 1833 179 65 debito
778 1833 215 65 contento
939 1833 107 65 in
992 1833 161 65 dicto
1100 1833 197 65 statuto
1243 1833 107 65 de
1297 1833 251 65 confitendo
1493 1833 197 65 proprio
1637 1833 233 65 sacerdoti
1798 1833 125 65 semel

157 1887 110 56 in
212 1887 146 56 anno
303 1887 164 56 omnia
412 1887 201 56 peccata
558 1887 146 56 sua,
650 1887 146 56 sint
741 1887 237 56 absoluti,
924 1887 110 56 an
978 1887 146 56 non:
1070 1887 128 56 sed
1143 1887 164 56 aeque
1252 1887 164 56 manet
1362 1887 164 56 ipsum
1471 1887 201 56 debitum
1618 1887 110 56 ex
1672 1887 219 56 statuto,
1818 1887 110 56 siue

161 1936 224 61 obligatio
333 1936 120 61 cum
402 1936 241 61 priuilegio
591 1936 224 61 praedicto
763 1936 86 61 &
797 1936 138 61 fine
883 1936 120 61 eo.
952 1936 138 61 Quia
1038 1936 103 61 si
1090 1936 155 61 primo
1193 1936 155 61 modo:
1296 1936 120 61 sic
1365 1936 103 61 in
1417 1936 120 61 rei
1486 1936 206 61 veritate
1641 1936 155 61 error
1744 1936 155 61 esset
1847 1936 120 61 di-

162 1992 140 58 cere
249 1992 140 58 quod
336 1992 210 58 confessi
494 1992 175 58 dictis
616 1992 245 58 religiosis
809 1992 227 58 teneantur
984 1992 157 58 eadem
1088 1992 192 58 peccata
1228 1992 175 58 iterum
1351 1992 227 58 confiteri
1526 1992 140 58 suis
1613 1992 210 58 propriis
1753 1992 175 58 sacerdo-

160 2051 174 61 tibus.
281 2051 104 61 Si
333 2051 139 61 vero
420 2051 191 61 secundo
559 2051 156 61 modo:
663 2051 121 61 sic
732 2051 260 61 proculdubio
941 2051 156 61 error
1045 2051 121 61 est
1114 2051 174 61 dicere
1236 2051 139 61 quod
1323 2051 208 61 confessi
1479 2051 174 61 dictis
1600 2051 243 61 religiosis
1791 2051 121 61 non
1843 2051 87 61 te-

163 2101 196 61 neantur
306 2101 160 61 eadem
412 2101 196 61 peccata
555 2101 231 61 confiteri
733 2101 142 61 suis
822 2101 214 61 propriis
982 2101 303 61 sacerdotibus:
1231 2101 142 61 quia
1320 2101 214 61 confessi
1480 2101 160 61 illis
1587 2101 249 61 religiosis
1783 2101 125 61 non
1836 2101 89 61 mi-

164 2155 127 62 nus
236 2155 181 62 manent
363 2155 218 62 obligati
527 2155 109 62 ad
581 2155 272 62 confitendum
799 2155 200 62 peccata
944 2155 163 62 illis
1053 2155 218 62 confessa
1216 2155 145 62 suis
1307 2155 218 62 propriis
1470 2155 308 62 sacerdotibus,
1724 2155 145 62 quam
1797 2155 127 62 erant

168 2215 156 61 prius
272 2215 174 61 quando
393 2215 104 61 ea
446 2215 156 61 illis
550 2215 122 61 non
619 2215 156 61 erant
723 2215 226 61 confessa.
897 2215 104 61 Et
949 2215 174 61 tenent
1071 2215 156 61 dicti
1175 2215 243 61 religiosi:
1366 2215 139 61 quod
1453 2215 122 61 per
1522 2215 156 61 eorum
1627 2215 261 61 priuilegium
1835 2215 122 61 in-

162 2258 220 65 fringitur
332 2258 153 65 circa
433 2258 254 65 confitentes
637 2258 136 65 sibi
722 2258 187 65 debitum
857 2258 119 65 seu
925 2258 220 65 obligatio
1095 2258 170 65 illius
1214 2258 187 65 statuti
1349 2258 237 65 generalis,
1536 2258 153 65 Omnis
1638 2258 220 65 vtriusque
1790 2258 136 65 sexus.

163 2310 200 67 quantum
308 2310 109 67 ad
363 2310 127 67 hoc
436 2310 146 67 quod
527 2310 218 67 confessa
691 2310 127 67 eis
763 2310 127 67 non
836 2310 200 67 oportet
982 2310 182 67 iterum
1109 2310 291 67 sacerdotibus
1346 2310 309 67 parochialibus
1600 2310 255 67 confiteri,
1782 2310 146 67 dicen-

164 2362 122 67 tes
233 2362 140 67 quod
321 2362 122 67 hoc
391 2362 175 67 clarum
513 2362 122 67 est
583 2362 140 67 eis,
671 2362 122 67 nec
741 2362 210 67 dubitant
898 2362 105 67 in
951 2362 122 67 eo:
1021 2362 87 67 &
1056 2362 140 67 quod
1143 2362 140 67 nemo
1230 2362 105 67 de
1283 2362 122 67 hoc
1353 2362 157 67 debet
1458 2362 227 67 dubitare,
1633 2362 122 67 nec
1703 2362 175 67 moueri
1808 2362 122 67 debet

167 2421 186 60 aliquis
303 2421 186 60 propter
438 2421 153 60 illos
540 2421 119 60 qui
608 2421 170 60 dicunt
726 2421 254 60 contrarium:
930 2421 220 60 praelatos
1099 2421 203 60 scilicet
1252 2421 85 60 &
1286 2421 170 60 alios,
1405 2421 119 60 qui
1472 2421 170 60 tenent
1591 2421 136 60 quod
1676 2421 119 60 per
1744 2421 153 60 illud
1828 2421 102 60 pri-

169 2477 211 63 uilegium
328 2477 159 63 nullo
434 2477 141 63 modo
522 2477 264 63 infringitur
733 2477 229 63 obligatio
909 2477 211 63 contenta
1068 2477 106 63 in
1121 2477 141 63 illo
1209 2477 194 63 statuto
1350 2477 229 63 generali.
1526 2477 123 63 Sed
1596 2477 176 63 quaero
1720 2477 194 63 quomodo
1843 2477 88 63 hoc

161 2529 117 60 est
228 2529 117 60 eis
295 2529 167 60 clarum
411 2529 83 60 &
445 2529 183 60 certum:
578 2529 100 60 an
628 2529 100 60 ex
678 2529 150 60 forma
778 2529 200 60 verborum
928 2529 250 60 priuilegii:
1127 2529 100 60 an
1177 2529 100 60 ex
1227 2529 283 60 assecuratione
1461 2529 200 60 verborum
1611 2529 133 60 quam
1694 2529 167 60 habent
1810 2529 150 60 super

162 2577 118 64 hoc
230 2577 85 64 a
264 2577 169 64 domino
382 2577 152 64 papa.
483 2577 101 64 Si
534 2577 152 64 primo
636 2577 152 64 modo:
737 2577 118 64 hoc
805 2577 169 64 dicere
923 2577 203 64 personis
1075 2577 220 64 literatis
1244 2577 152 64 valde
1346 2577 203 64 mirabile
1498 2577 135 64 est:
1583 2577 118 64 cum
1650 2577 118 64 non
1718 2577 118 64 sit
1769 2577 152 64 aliquis

166 2636 125 63 ita
238 2636 215 63 simplex,
399 2636 125 63 dum
471 2636 161 63 tamen
578 2636 269 63 grammaticae
793 2636 197 63 nouerit
937 2636 215 63 literas,
1098 2636 143 63 quin
1187 2636 108 63 ei
1241 2636 143 63 viso
1331 2636 179 63 ordine
1456 2636 215 63 verborum
1617 2636 161 63 sicut
1725 2636 179 63 iacent
1850 2636 108 63 in

161 2698 270 57 priuilegio,
377 2698 180 57 statim
503 2698 162 57 prima
611 2698 162 57 facie
719 2698 198 57 apparet
863 2698 144 57 quod
953 2698 180 57 dictum
1080 2698 216 57 statutum
1242 2698 216 57 generale
1404 2698 126 57 per
1476 2698 270 57 priuilegium
1692 2698 126 57 non
1746 2698 180 57 tollitur

162 2740 137 61 nec
241 2740 294 61 infringitur
476 2740 118 61 in
535 2740 216 61 aliquo:
691 2740 157 61 immo
789 2740 294 61 confirmatur
1025 2740 98 61 &
1064 2740 314 61 conseruatur.
1319 2740 137 61 Non
1397 2740 314 61 infringitur:
1652 2740 157 61 quia
1750 2740 137 61 per
1808 2740 118 61 nul-

157 2795 138 59 lum
236 2795 295 59 priuilegium
472 2795 295 59 infringitur
709 2795 138 59 ius
788 2795 217 59 commune
945 2795 158 59 nisi
1044 2795 118 59 in
1103 2795 276 59 priuilegio
1319 2795 276 59 exprimatur
1536 2795 236 59 clausula
1713 2795 118 59 de
1772 2795 138 59 non
1832 2795 98 59 ob-

157 2851 193 59 stante
292 2851 116 59 eo
349 2851 154 59 quod
446 2851 135 59 est
523 2851 250 59 contentum
715 2851 116 59 in
773 2851 154 59 iure
869 2851 231 59 communi.
1043 2851 154 59 Nisi
1139 2851 173 59 forte
1255 2851 154 59 tale
1351 2851 154 59 quid
1447 2851 135 59 per
1524 2851 289 59 priuilegium
1736 2851 193 59 conceda-

165 2898 127 70 tur
237 2898 254 70 aliquibus,
437 2898 145 70 quid
527 2898 127 70 non
600 2898 199 70 possunt
745 2898 163 70 simul
854 2898 218 70 obtinere
1017 2898 145 70 illi
1107 2898 181 70 quibus
1234 2898 236 70 debebatur
1416 2898 109 70 de
1470 2898 145 70 iure
1561 2898 218 70 communi:
1724 2898 145 70 puta
1814 2898 109 70 si
1851 2898 73 70 sa

162 2958 248 63 cerdotes
349 2958 310 63 parochiales
597 2958 207 63 debent
742 2958 124 63 de
804 2958 166 63 iure
907 2958 228 63 communi
1073 2958 269 63 percipere
1280 2958 228 63 decimas
1445 2958 248 63 noualium
1611 2958 310 63 prouenientium

160 3014 110 50 in
215 3014 147 50 suis
306 3014 257 50 parochiis,
508 3014 92 50 &
545 3014 238 50 quibusdam
728 3014 257 50 religiosis
930 3014 257 50 conceditur
1132 3014 147 50 quod
1223 3014 257 50 percipiant
1425 3014 202 50 noualia
1572 3014 128 50 vbi
1645 3014 257 50 percipiunt
1828 3014 92 50 ve-

161 3063 169 61 tera:
274 3063 206 61 maximme
424 3063 113 61 de
480 3063 188 61 terris
611 3063 150 61 quas
705 3063 225 61 propriis
874 3063 206 61 manibus
1024 3063 244 61 excolunt:
1211 3063 131 61 per
1286 3063 150 61 tale
1380 3063 281 61 priuilegium
1605 3063 150 61 bene
1680 3063 244 61 infringitur

161 3117 201 63 debitum
307 3117 109 63 ex
361 3117 146 63 iure
453 3117 219 63 communi.
617 3117 128 63 Non
690 3117 128 63 sic
763 3117 164 63 autem
872 3117 237 63 contingit
1055 3117 109 63 in
1109 3117 255 63 proposito:
1310 3117 146 63 quia
1401 3117 164 63 stant
1510 3117 164 63 simul
1620 3117 146 63 quod
1711 3117 164 63 eadem
1802 3117 128 63 paec-

165 3174 138 79 cata
251 3174 138 79 quae
337 3174 259 79 confitentur
544 3174 155 79 prius
648 3174 241 79 religiosis
837 3174 103 79 ex
889 3174 190 79 gratia,
1027 3174 190 79 iterato
1165 3174 276 79 confiteantur
1389 3174 207 79 propriis
1545 3174 276 79 sacerdotibus
1769 3174 103 79 ex
1803 3174 121 79 debi
