2417 3714
500 280 120 94 to.
568 280 137 94 Vnde
654 280 171 94 dicunt
774 280 154 94 alii:
877 280 137 94 quod
963 280 137 94 etsi
1049 280 120 94 non
1117 280 223 94 adderetur
1289 280 137 94 illa
1374 280 223 94 clausula:
1546 280 189 94 Volumus
1683 280 154 94 autem
1786 280 137 94 quod
1872 280 103 94 ii
1923 280 120 94 qui
1992 280 223 94 fratribus
2146 280 137 94 confi-

502 361 218 68 tebuntur
665 361 182 68 eisdem
792 361 145 68 suis
883 361 309 68 parochialibus
1138 361 291 68 sacerdotibus
1374 361 236 68 confiteri
1555 361 182 68 saltem
1683 361 163 68 semel
1792 361 109 68 in
1846 361 145 68 anno
1937 361 163 68 prout
2046 361 218 68 generale
2191 361 91 68 com

501 412 189 63 cilium
633 412 208 63 statuit
784 412 283 63 nihilominus
1011 412 264 63 teneantur:
1219 412 170 63 tamen
1332 412 170 63 nullo
1445 412 151 63 modo
1540 412 170 63 illud
1653 412 283 63 priuilegium
1879 412 245 63 derogaret
2068 412 208 63 statuto
2200 412 76 63 ge

500 463 197 66 nerali.
644 463 108 66 Et
697 463 126 66 hoc
769 463 161 66 ideo:
877 463 144 66 quia
966 463 161 66 illud
1074 463 269 66 priuilegium
1289 463 126 66 quo
1361 463 108 66 ad
1415 463 233 66 audiendum
1594 463 287 66 confessiones
1828 463 251 66 subditorum
2025 463 197 66 inuitis
2150 463 126 66 prae-

499 513 168 70 latis:
617 513 286 70 praeiudiciale
853 513 118 70 est
920 513 236 70 praelatis.
1106 513 84 70 &
1139 513 253 70 priuilegium
1342 513 152 70 datum
1443 513 101 70 in
1493 513 270 70 praeiudicium
1712 513 202 70 aliorum,
1864 513 185 70 stricte
1999 513 118 70 est
2049 513 236 70 interpretan-

509 581 132 58 dum.
591 581 99 58 vt
641 581 149 58 extra
740 581 99 58 de
789 581 198 58 decimis.
938 581 116 58 ca.
1004 581 99 58 i.
1053 581 132 58 Tua,
1136 581 132 58 quid
1218 581 182 58 notatur
1350 581 99 58 de
1400 581 116 58 vsu
1466 581 165 58 pallii
1581 581 99 58 in
1631 581 149 58 prima
1730 581 149 58 glos.
1829 581 132 58 Quia
1911 581 149 58 autem
2010 581 99 58 in
2043 581 231 58 praeiudicium

506 627 264 61 praelatorum
718 627 123 61 sit
788 627 176 61 dictum
911 627 282 61 priuilegium,
1140 627 158 61 patet
1246 627 106 61 ex
1298 627 123 61 hoc
1369 627 141 61 quod
1457 627 123 61 per
1527 627 158 61 ipsum
1633 627 229 61 religiosi
1809 627 176 61 dantur
1932 627 106 61 in
1985 627 264 61 coadiutores
2178 627 106 61 cura

501 682 118 60 tis
569 682 152 60 ipsis
670 682 203 60 inuitis,
823 682 85 60 &
856 682 237 60 volentibus
1043 682 203 60 exercere
1195 682 135 60 suum
1280 682 203 60 officium
1432 682 102 60 in
1483 682 186 60 propria
1618 682 203 60 persona:
1770 682 135 60 quod
1855 682 169 60 multum
1973 682 118 60 est
2041 682 118 60 eis
2092 682 186 60 praeiudi-

503 739 180 61 ciale.
629 739 162 61 licet
737 739 162 61 esset
846 739 108 61 in
900 739 198 61 fauorem
1044 739 126 61 pro
1116 739 180 61 quanto
1242 739 126 61 non
1314 739 270 61 sufficerent
1531 739 180 61 audire
1657 739 198 61 pluries
1801 739 288 61 confessiones
2036 739 180 61 suorum
2144 739 144 61 subdi-

508 789 170 59 torum.
627 789 85 59 &
661 789 119 59 pro
729 789 153 59 tanto
831 789 153 59 large
933 789 153 59 esset
1036 789 323 59 interpretandum:
1308 789 204 59 secundum
1461 789 136 59 quod
1546 789 153 59 large
1648 789 289 59 interpretatur
1887 789 255 59 priuilegium
2091 789 153 59 illud
2176 789 102 59 prae

507 838 170 61 latorum
630 838 93 61 de
676 838 185 61 eligendo
815 838 124 61 sibi
893 838 247 61 confessores.
1093 838 139 61 extra
1186 838 93 61 de
1232 838 124 61 poe.
1309 838 77 61 &
1340 838 108 61 re.
1402 838 93 61 Ne
1448 838 108 61 pro
1510 838 216 61 dilatione.
1680 838 93 61 In
1726 838 124 61 home
1803 838 185 61 scilicet
1942 838 124 61 quod
2020 838 139 61 licet
2112 838 201 61 aliquando

501 892 210 58 contenti
658 892 157 58 erant
763 892 122 58 sub
832 892 157 58 prima
937 892 210 58 clausula
1094 892 175 58 illius
1217 892 210 58 statuti,
1374 892 157 58 Omnis
1479 892 227 58 vtriusque
1653 892 175 58 sexus:
1776 892 105 58 vt
1828 892 157 58 infra
1933 892 227 58 videbitur
2107 892 105 58 in
2160 892 157 58 quar-

497 949 105 59 ta
549 949 262 59 quaestione:
759 949 157 59 tamen
864 949 192 59 propter
1004 949 157 59 illud
1108 949 157 59 eorum
1213 949 280 59 priuilegium,
1441 949 192 59 quamuis
1581 949 105 59 in
1633 949 105 59 eo
1686 949 122 59 non
1755 949 262 59 exprimatur,
1965 949 122 59 non
2035 949 210 59 obstante
2175 949 105 59 illa

507 1001 216 77 clausula,
673 1001 100 77 eo
723 1001 133 77 quod
806 1001 116 77 est
873 1001 100 77 in
922 1001 183 77 fauorem
1055 1001 249 77 praelatorum
1255 1001 166 77 datum:
1371 1001 133 77 quia
1454 1001 116 77 non
1520 1001 183 77 possunt
1653 1001 166 77 semper
1769 1001 149 77 illis
1869 1001 133 77 esse
1952 1001 216 77 paesentes
2118 1001 100 77 ad
2168 1001 149 77 eorum

508 1056 254 68 confessiones
714 1056 222 68 audiendas:
888 1056 143 68 large
984 1056 111 68 est
1047 1056 301 68 interpretandum:
1300 1056 127 68 quod
1380 1056 190 68 scilicet
1522 1056 111 68 non
1586 1056 174 68 oportet
1713 1056 111 68 eos
1776 1056 174 68 reuerti
1903 1056 95 68 ad
1950 1056 127 68 suos
2029 1056 222 68 superiores
2204 1056 111 68 pro

500 1110 144 61 pter
590 1110 162 61 eadem
698 1110 270 61 confitenda:
914 1110 90 61 &
950 1110 126 61 sic
1022 1110 198 61 derogat
1166 1110 144 61 iuri
1256 1110 216 61 conmuni,
1418 1110 162 61 Omnis
1526 1110 234 61 vtriusque
1706 1110 180 61 sexus,
1832 1110 144 61 quia
1922 1110 126 61 non
1994 1110 126 61 est
2066 1110 126 61 ibi
2120 1110 162 61 clausu-

502 1164 101 56 la
553 1164 151 56 illa.
653 1164 184 56 Volumus
787 1164 168 56 autem,
904 1164 134 56 quae
988 1164 151 56 ipsum
1089 1164 218 56 saluaret.
1256 1164 117 56 Sed
1323 1164 201 56 quicquid
1474 1164 117 56 sit
1541 1164 101 56 de
1591 1164 134 56 hoc,
1675 1164 134 56 luce
1759 1164 184 56 clarius
1893 1164 117 56 est
1960 1164 134 56 quod
2043 1164 117 56 per
2110 1164 134 56 hanc
2177 1164 101 56 clau

505 1215 186 74 sulam.
636 1215 205 74 Volumus
784 1215 186 74 autem.
915 1215 223 74 statutum
1082 1215 167 74 illud
1194 1215 279 74 confirmatur
1417 1215 93 74 &
1454 1215 112 74 in
1510 1215 130 74 suo
1585 1215 186 74 robore
1715 1215 298 74 conseruatur.
1957 1215 149 74 Vnde
2050 1215 93 74 &
2087 1215 112 74 ad
2143 1215 167 74 istud

500 1270 177 64 debitum
629 1270 209 64 soluendum
789 1270 145 64 suis,
886 1270 193 64 propriis
1031 1270 273 64 sacerdotibus,
1256 1270 209 64 praecepit
1417 1270 193 64 dominus.
1561 1270 193 64 Martinus
1706 1270 96 64 in
1754 1270 129 64 fine
1835 1270 225 64 priuilegii
2012 1270 161 64 dictis
2108 1270 161 64 religio-

500 1327 118 57 sis
568 1327 135 57 quod
652 1327 220 57 confessos
822 1327 135 57 sibi
906 1327 102 57 ad
957 1327 118 57 hoc
1025 1327 305 57 exhortarentur.
1279 1327 203 57 Qualiter
1431 1327 152 57 autem
1532 1327 152 57 dicta
1634 1327 203 57 clausula
1786 1327 118 57 non
1854 1327 169 57 potest
1972 1327 203 57 infringi
2125 1327 118 57 per
2175 1327 102 57 ali-

499 1377 127 64 as,
571 1377 145 64 quin
662 1377 200 64 quantum
807 1377 127 64 est
880 1377 109 64 de
934 1377 163 64 plano
1043 1377 200 64 literae
1188 1377 236 64 conseruet
1370 1377 163 64 illud
1479 1377 218 64 generale
1642 1377 236 64 statutum,
1823 1377 109 64 de
1878 1377 127 64 hoc
1950 1377 163 64 satis
2059 1377 254 64 disputatum

499 1429 117 62 est
566 1429 100 62 in
616 1429 133 62 alio
699 1429 217 62 Quolibet.
866 1429 100 62 Si
916 1429 133 62 vero
999 1429 167 62 dicant
1116 1429 150 62 dicti
1216 1429 217 62 religiosi
1382 1429 133 62 quod
1466 1429 167 62 clarum
1582 1429 83 62 &
1616 1429 167 62 certum
1732 1429 117 62 est
1799 1429 117 62 eis
1865 1429 250 62 priuilegium
2065 1429 100 62 ex
2099 1429 183 62 assecura-

494 1485 161 70 tione
601 1485 143 70 quam
691 1485 179 70 habent
816 1485 89 70 a
852 1485 179 70 domino
977 1485 161 70 papa:
1084 1485 197 70 Econtra
1227 1485 179 70 dicunt
1352 1485 214 70 praelati
1513 1485 143 70 quod
1602 1485 161 70 multo
1709 1485 161 70 magis
1816 1485 250 70 assecurati
2013 1485 143 70 sunt
2102 1485 107 70 ab
2138 1485 143 70 eodem.

498 1540 112 60 Sed
562 1540 112 60 cum
626 1540 160 60 series
738 1540 176 60 literae
866 1540 160 60 omnino
979 1540 96 60 vt
1027 1540 176 60 apparet
1155 1540 144 60 prima
1251 1540 144 60 facie
1347 1540 112 60 pro
1411 1540 224 60 intentione
1587 1540 240 60 praelatorum
1779 1540 128 60 est:
1860 1540 96 60 de
1908 1540 112 60 quo
1972 1540 176 60 nostrum
2100 1540 112 60 non
2164 1540 112 60 est
2212 1540 64 60 iu

505 1594 171 53 dicare
625 1594 137 53 nisi
710 1594 205 53 quatenus
864 1594 120 53 per
932 1594 188 53 literam
1069 1594 256 53 exprimitur:
1274 1594 103 53 vt
1325 1594 137 53 mihi
1411 1594 205 53 videtur,
1564 1594 154 53 magis
1667 1594 154 53 certi
1769 1594 171 53 debent
1889 1594 137 53 esse
1974 1594 103 53 de
2026 1594 239 53 intentione
2197 1594 85 53 sua

500 1646 151 51 circa
601 1646 252 51 intellectum
803 1646 151 51 dicti
904 1646 252 51 priuilegii,
1106 1646 135 51 quam
1190 1646 135 51 ipsi
1274 1646 235 51 religiosi:
1459 1646 118 51 nec
1526 1646 168 51 ducere
1644 1646 252 51 intellectum
1846 1646 135 51 eius
1930 1646 101 51 in
1980 1646 185 51 dubium.
2115 1646 118 51 Sed
2165 1646 118 51 dices

499 1697 141 63 quod
588 1697 159 63 nullo
693 1697 141 63 modo
782 1697 176 63 obstat
905 1697 265 63 priuilegium
1117 1697 141 63 quin
1205 1697 212 63 confessi
1364 1697 247 63 religiosis
1558 1697 159 63 eadem
1664 1697 176 63 debent
1787 1697 229 63 confiteri
1963 1697 176 63 iterum
2087 1697 141 63 suis
2158 1697 123 63 sacer

503 1755 199 71 dotibus:
652 1755 116 71 quo
719 1755 99 71 ad
768 1755 116 71 hoc
835 1755 132 71 enim
917 1755 149 71 licet
1017 1755 215 71 praelatis
1182 1755 199 71 iudicare
1331 1755 99 71 de
1381 1755 248 71 priuilegio.
1580 1755 132 71 Vnde
1662 1755 149 71 extra
1762 1755 99 71 de
1811 1755 166 71 iudic.
1927 1755 116 71 Cum
1994 1755 232 71 venissent.
2159 1755 116 71 super

501 1804 169 62 illud.
620 1804 118 62 Cum
687 1804 152 62 super
789 1804 254 62 priuilegiis
992 1804 152 62 sedis
1093 1804 254 62 apostolicae
1296 1804 152 62 causa
1398 1804 220 62 vertitur,
1567 1804 186 62 nolumus
1703 1804 102 62 de
1753 1804 152 62 ipsis
1855 1804 118 62 per
1923 1804 152 62 alios
2024 1804 220 62 iudicari:
2193 1804 118 62 di-

505 1861 119 65 cit
573 1861 153 65 Glos.
675 1861 119 65 Sed
743 1861 187 65 numquid
879 1861 238 65 incidenter
1067 1861 170 65 potest
1186 1861 153 65 alius
1288 1861 238 65 cognoscere
1475 1861 136 65 quam
1560 1861 153 65 papa:
1662 1861 85 65 &
1696 1861 170 65 subdit
1815 1861 272 65 respondendo.
2037 1861 102 65 Si
2088 1861 153 65 verba
2173 1861 102 65 sunt

490 1905 258 76 manifesta:
692 1905 166 76 iudex
803 1905 184 76 potest
932 1905 203 76 dicere:
1079 1905 129 76 non
1153 1905 184 76 obstat
1282 1905 295 76 priuilegium.
1521 1905 166 76 extra
1632 1905 111 76 de
1687 1905 147 76 fide
1779 1905 350 76 instrumentorum.
2056 1905 221 76 Accepimus.

492 1968 124 68 Hoc
563 1968 160 68 autem
670 1968 160 68 habet
777 1968 160 68 locum
883 1968 124 68 cum
954 1968 160 68 verba
1061 1968 249 68 priuilegii
1257 1968 196 68 obscura
1399 1968 142 68 sunt
1488 1968 89 68 &
1523 1968 213 68 ambigua:
1683 1968 142 68 tunc
1772 1968 142 68 eius
1861 1968 124 68 est
1932 1968 284 68 interpretari
2146 1968 124 68 cuius

498 2023 129 62 est
571 2023 222 62 condere.
738 2023 129 62 Est
812 2023 166 62 etiam
922 2023 185 62 absque
1052 2023 166 62 dubio
1163 2023 222 62 intentio
1329 2023 277 62 praelatorum
1551 2023 166 62 magis
1661 2023 166 62 tuta:
1772 2023 148 62 quia
1865 2023 185 62 nuilum
1994 2023 129 62 est
2049 2023 222 62 periculum:

500 2078 152 64 immo
595 2078 133 64 est
671 2078 247 64 proficuum
860 2078 171 64 semel
974 2078 247 64 confessum
1164 2078 133 64 vni
1240 2078 114 64 in
1297 2078 152 64 bona
1392 2078 247 64 deuotione
1581 2078 247 64 confiteri
1771 2078 209 64 alteri:
1923 2078 190 64 magnum
2055 2078 171 64 autem
2150 2078 133 64 esset

489 2129 232 62 periculum
667 2129 214 62 animarum
828 2129 214 62 confessa
988 2129 249 62 religiosis
1184 2129 125 62 non
1255 2129 232 62 confiteri
1434 2129 196 62 iterato
1576 2129 125 62 suo
1647 2129 196 62 proprio
1790 2129 249 62 sacerdoti,
1986 2129 107 62 si
2039 2129 160 62 forte
2128 2129 143 62 priui-

488 2184 178 63 legium
613 2184 125 63 non
684 2184 267 63 infringeret
898 2184 125 63 ius
969 2184 196 63 commune
1112 2184 232 63 generalis
1290 2184 214 63 statuti.
1450 2184 125 63 Sic
1522 2184 143 63 ergo
1611 2184 160 63 dico:
1718 2184 143 63 quod
1807 2184 125 63 cum
1878 2184 214 63 veritate
2038 2184 214 63 regulari
2181 2184 89 63 il-

487 2237 138 59 lius
573 2237 292 59 propositionis
813 2237 258 59 vniuersalis
1020 2237 138 59 quae
1106 2237 120 59 est
1175 2237 155 59 legis
1278 2237 241 59 positiuae,
1467 2237 138 59 quod
1553 2237 138 59 vere
1639 2237 224 59 poenitens
1811 2237 224 59 confessus
1983 2237 86 59 &
2017 2237 224 59 absolutus
2172 2237 103 59 rite

486 2294 104 61 ab
538 2294 104 61 eo
589 2294 121 61 qui
658 2294 190 61 potest,
797 2294 207 61 teneatur
952 2294 155 61 eadem
1056 2294 190 61 peccata
1194 2294 173 61 alteri
1315 2294 242 61 confiteri,
1505 2294 155 61 error
1609 2294 138 61 est:
1695 2294 155 61 simul
1799 2294 138 61 stat
1885 2294 190 61 veritas
2023 2294 173 61 illius
2127 2294 138 61 propo-

497 2346 200 55 sitionis
647 2346 217 55 negatiuae
814 2346 267 55 particularis
1031 2346 233 55 oppositae:
1214 2346 133 55 quae
1298 2346 117 55 est
1364 2346 150 55 legis
1465 2346 233 55 directiua:
1648 2346 133 55 quod
1731 2346 133 55 vere
1815 2346 217 55 poenitens
1982 2346 83 55 &
2015 2346 217 55 confessus
2165 2346 100 55 rite

496 2397 229 70 absolutus
672 2397 106 70 ab
725 2397 106 70 eo
778 2397 123 70 qui
848 2397 176 70 potest
972 2397 106 70 ex
1024 2397 176 70 gratia
1148 2397 264 70 priuilegii,
1359 2397 123 70 non
1429 2397 211 70 teneatur
1588 2397 158 70 eadem
1693 2397 194 70 peccata
1834 2397 229 70 confiteri
2010 2397 176 70 alteri
2133 2397 123 70 cui
2186 2397 88 70 te-

496 2452 157 70 netur
600 2452 226 70 confiteri
774 2452 104 70 de
826 2452 139 70 iure
913 2452 209 70 communi,
1070 2452 139 70 quod
1157 2452 122 70 non
1227 2452 244 70 reuocatur,
1418 2452 122 70 sed
1488 2452 209 70 saluatur
1644 2452 104 70 in
1697 2452 261 70 priuilegio,
1905 2452 157 70 error
2010 2452 139 70 est.
2097 2452 139 70 immo
2167 2452 104 70 dice

495 2503 102 68 re
546 2503 137 68 quod
631 2503 205 68 teneatur
785 2503 119 68 non
853 2503 119 68 est
922 2503 171 68 error.
1041 2503 137 68 sunt
1126 2503 137 68 enim
1212 2503 154 68 simul
1314 2503 171 68 verae:
1434 2503 154 68 sicut
1536 2503 85 68 &
1570 2503 154 68 istae
1673 2503 154 68 duae.
1775 2503 137 68 Omni
1860 2503 239 68 depositori
2048 2503 188 68 gladius
2168 2503 102 68 suus

498 2565 237 70 reddendus
680 2565 146 70 est.
771 2565 255 70 Depositori
971 2565 164 70 facto
1080 2565 237 70 furibundo
1263 2565 200 70 gladius
1408 2565 146 70 suus
1499 2565 127 70 non
1572 2565 127 70 est
1645 2565 255 70 reddendus.
1845 2565 146 70 Vnde
1936 2565 164 70 mirum
2046 2565 127 70 est
2118 2565 146 70 quod
2191 2565 73 70 se

493 2614 180 64 cundum
619 2614 144 64 quod
709 2614 216 64 dicitur,
871 2614 180 64 aliqui
997 2614 234 64 religiosi
1177 2614 198 64 propter
1321 2614 234 64 regularem
1501 2614 234 64 veritatem
1681 2614 180 64 illius
1807 2614 306 64 propositionis
2041 2614 234 64 vniuersalis

497 2666 185 67 volunt
626 2666 277 67 falsificare
847 2666 148 67 suam
939 2666 240 67 oppositam
1124 2666 295 67 particularem
1364 2666 258 67 negatiuam:
1567 2666 221 67 volentes
1733 2666 240 67 includere
1917 2666 148 67 siue
2010 2666 240 67 inuoluere
2176 2666 92 67 sub

494 2725 209 57 veritate
650 2725 174 57 illius
772 2725 295 57 propositionis
1015 2725 278 57 affirmatiuae
1241 2725 261 57 regulariter
1449 2725 174 57 verae:
1571 2725 226 57 veritatem
1745 2725 156 57 huius
1849 2725 278 57 affirmatiuae
2057 2725 209 57 particula-

491 2779 137 52 ris:
576 2779 137 52 quod
662 2779 137 52 vere
747 2779 222 52 poenitens
918 2779 85 52 &
952 2779 222 52 confessus
1123 2779 137 52 rite
1209 2779 222 52 absolutus
1379 2779 103 52 ab
1431 2779 103 52 eo
1482 2779 120 52 qui
1550 2779 171 52 potest
1670 2779 103 52 ex
1721 2779 171 52 gratia
1841 2779 256 52 priuilegii,
2046 2779 205 52 teneatur
2183 2779 85 52 ea-

492 2830 122 54 dem
561 2830 192 54 peccata
701 2830 227 54 confiteri
876 2830 175 54 alteri
999 2830 122 54 cui
1069 2830 192 54 tenetur
1209 2830 105 54 de
1261 2830 140 54 iure
1349 2830 210 54 communi:
1506 2830 175 54 error.
1628 2830 245 54 dirigentes
1821 2830 262 54 intentionem
2031 2830 140 54 suam
2118 2830 105 54 ad
2153 2830 105 54 com-

484 2880 180 68 fessum
610 2880 233 68 sibiipsis
789 2880 90 68 &
825 2880 233 68 absolutum
1005 2880 108 68 ab
1059 2880 126 68 eis
1131 2880 198 68 virtute
1274 2880 251 68 priuilegii
1472 2880 180 68 domini
1598 2880 216 68 Martini:
1759 2880 90 68 &
1795 2880 108 68 ad
1849 2880 251 68 sacerdotes
2046 2880 198 68 curatos
2172 2880 90 68 cui

488 2935 178 75 tenetur
617 2935 210 75 confiteri
779 2935 97 75 de
827 2935 129 75 iure
908 2935 178 75 conmuni
1037 2935 162 75 illius
1151 2935 194 75 statuti.
1296 2935 145 75 Omnis
1393 2935 210 75 vtriusque
1555 2935 162 75 sexus,
1668 2935 145 75 quasi
1765 2935 210 75 reuocatum
1927 2935 145 75 esset
2024 2935 113 75 per
2088 2935 145 75 illud
2169 2935 97 75 pri-

490 2993 182 51 uilegium
626 2993 76 51 &
657 2993 106 51 non
717 2993 182 51 saluatum
854 2993 91 51 in
899 2993 136 51 ipso.
990 2993 121 51 Vnde
1066 2993 182 51 inducunt
1202 2993 91 51 in
1248 2993 227 51 probationem
1429 2993 227 51 intentionis
1611 2993 121 51 suae
1687 2993 242 51 testimonium.
1884 2993 136 51 xvii.
1975 2993 227 51 magistrorum
2157 2993 91 51 in
2187 2993 76 51 the

492 3041 152 57 ologia
598 3041 107 57 (ut
659 3041 183 57 dicitur)
797 3041 107 57 qui
858 3041 259 57 sigillauerunt
1071 3041 107 57 eis
1132 3041 91 57 in
1178 3041 152 57 quadam
1284 3041 152 57 litera
1391 3041 137 57 illam
1483 3041 122 57 velm
1559 3041 244 57 affirmatiuam
1757 3041 122 57 vera
1833 3041 122 57 esse
1909 3041 168 57 tamquam
2031 3041 213 57 regularem:
2184 3041 76 57 cum

483 3098 153 61 tamen
585 3098 102 61 vt
636 3098 153 61 credo
738 3098 119 61 non
806 3098 255 61 concederent
1011 3098 221 61 requisiti
1181 3098 153 61 illam
1283 3098 272 61 particularem
1504 3098 272 61 affirmatiuam
1725 3098 136 61 esse
1810 3098 153 61 vera.
1913 3098 102 61 In
1964 3098 119 61 quo
2032 3098 170 61 multum
2134 3098 136 61 dictis

484 3154 232 79 magistris
663 3154 285 79 iniuriantur,
894 3154 250 79 falsitatem
1091 3154 125 79 eis
1162 3154 268 79 imponentes,
1376 3154 89 79 &
1412 3154 143 79 tali
1501 3154 250 79 intentione
1697 3154 178 79 dictam
1822 3154 196 79 literam
1965 3154 285 79 impetrantes:
2179 3154 89 79 cum
