2403 3743
121 260 163 109 numquam
240 260 148 109 fuerit
344 260 178 109 intentio
477 260 133 109 eorum
566 260 163 109 aliquid
684 260 89 109 de
729 260 178 109 proponne
862 260 222 109 particulari
1040 260 104 109 aut
1100 260 252 109 pertinentibus
1307 260 89 109 ad
1352 260 163 109 illorum
1470 260 222 109 priuilegium
1648 260 193 109 iudicare:
1796 260 104 109 nec
1841 260 59 109 de

120 350 142 58 illis
215 350 173 58 aliquid
341 350 236 58 cogitabant:
530 350 94 58 vt
577 350 79 58 a
608 350 189 58 pluribus
750 350 173 58 illorum
876 350 220 58 intellexi:
1049 350 110 58 qui
1112 350 110 58 hoc
1175 350 189 58 propriis
1317 350 173 58 vocibus
1443 350 236 58 testisicati
1631 350 126 58 sunt
1710 350 142 58 coram
1805 350 126 58 qua-

122 403 134 62 tuor
206 403 218 62 episcopis
374 403 235 62 congregati
558 403 117 62 vna
625 403 117 62 cum
692 403 201 62 pluribus
843 403 151 62 aliis
944 403 218 62 magistris
1112 403 134 62 tunc
1196 403 134 62 actu
1279 403 235 62 regentibus
1464 403 117 62 tam
1531 403 235 62 religiosis
1716 403 134 62 quam
1783 403 117 62 saecu

117 459 201 61 laribus:
268 459 150 61 inter
368 459 134 61 quos
452 459 117 61 ego
518 459 134 61 vnus
602 459 150 61 eram:
702 459 117 61 qui
769 459 234 61 praedictam
953 459 184 61 literam
1087 459 117 61 non
1154 459 301 61 sigillauerunt:
1404 459 117 61 qui
1471 459 150 61 omnes
1572 459 234 61 vnanimiter
1739 459 167 61 professi

107 513 125 72 sunt
185 513 125 72 quod
263 513 125 72 illa
341 513 234 72 vniversalis
528 513 140 72 nullo
621 513 125 72 modo
699 513 202 72 applicari
855 513 140 72 habet
948 513 93 72 ad
995 513 140 72 istam
1088 513 265 72 particularem:
1306 513 109 72 nec
1369 513 140 72 debet
1462 513 156 72 aliquo
1571 513 125 72 modo
1649 513 109 72 aut
1711 513 156 72 potest
1805 513 93 72 ista

79 555 86 81 E
113 555 120 81 sub
182 555 137 81 illa
267 555 206 81 inuolui.
421 555 103 81 AD
473 555 171 81 primum
593 555 120 81 quo
661 555 223 81 arguitur:
832 555 137 81 quod
918 555 154 81 error
1021 555 120 81 sit
1089 555 171 81 dicere
1209 555 223 81 confessum
1380 555 223 81 religioso
1552 555 103 81 ex
1603 555 171 81 gratia
1706 555 171 81 priuile-

117 624 116 65 gii
184 624 165 65 iterum
299 624 165 65 debere
415 624 215 65 confiteri
580 624 149 65 eadem
679 624 182 65 peccata
811 624 182 65 proprio
943 624 215 65 sacerdoti
1108 624 182 65 propter
1240 624 264 65 obligationem
1455 624 198 65 statuti:
1603 624 132 65 quia
1686 624 116 65 hoc
1735 624 149 65 deroga-

122 679 114 63 ret
187 679 179 63 virtuti
317 679 228 63 sacramenti
496 679 260 63 poenitentiae
707 679 179 63 ponendo
837 679 98 63 in
886 679 98 63 eo
934 679 276 63 infirmitatem:
1162 679 195 63 Dicendum
1308 679 130 63 quod
1389 679 163 63 falsum
1503 679 130 63 est,
1584 679 114 63 non
1649 679 130 63 enim
1731 679 146 63 semel
1828 679 98 63 ad

120 726 179 65 hibitum
250 726 179 65 iterato
380 726 212 65 adhibetur
543 726 130 65 quia
625 726 147 65 semel
722 726 212 65 adhibitum
885 726 114 65 non
950 726 261 65 sufficienter
1162 726 163 65 explet
1276 726 195 65 effectum
1423 726 244 65 sacramenti:
1618 726 98 65 vt
1667 726 212 65 assumitur
1830 726 98 65 in

119 778 242 66 argumento:
309 778 138 66 immo
395 778 155 66 semel
499 778 224 66 adhibitum
671 778 190 66 quantum
809 778 121 66 est
878 778 104 66 de
930 778 121 66 se,
999 778 276 66 sufficienter
1224 778 173 66 explet
1345 778 207 66 effectum
1500 778 138 66 suum
1586 778 173 66 primum
1707 778 86 66 &
1724 778 173 66 principa

112 832 128 70 lem,
192 832 96 70 ad
240 832 128 70 quem
320 832 272 70 principaliter
545 832 224 70 ordinatur.
721 832 112 70 Sed
785 832 208 70 exhibetur
945 832 176 70 iterato
1074 832 176 70 propter
1202 832 256 70 obligationem
1410 832 208 70 praecepti
1570 832 208 70 generalis
1715 832 176 70 ecclesiae

110 890 218 57 explendum,
282 890 78 57 &
313 890 202 57 sacerdoti
468 890 109 57 suo
531 890 171 57 debitum
655 890 93 57 ei
702 890 218 57 reddendum:
873 890 109 57 non
935 890 140 57 tamen
1029 890 125 57 sine
1107 890 171 57 effectu
1231 890 109 57 suo
1293 890 140 57 alio:
1387 890 93 57 vt
1434 890 109 57 iam
1496 890 187 57 patebit.
1636 890 125 57 Quod
1714 890 125 57 bene
1776 890 109 57 lici-

114 941 113 62 tum
178 941 129 62 est:
259 941 113 62 cum
324 941 145 62 etiam
421 941 178 62 iterari
550 941 162 62 possit
663 941 178 62 propter
792 941 258 62 obligationem
1002 941 97 62 ex
1051 941 178 62 proprio
1180 941 129 62 voto
1261 941 226 62 implendam.
1439 941 162 62 Potest
1552 941 129 62 enim
1633 941 97 62 ex
1681 941 178 62 proprio
1794 941 97 62 voto

113 995 143 66 homo
203 995 107 66 se
256 995 215 66 obligare
418 995 107 66 ad
471 995 143 66 idem
561 995 215 66 peccatum
722 995 197 66 pluries
865 995 125 66 vel
937 995 215 66 pluribus
1098 995 287 66 confitendum:
1331 995 125 66 aut
1402 995 107 66 ad
1456 995 179 66 iterum
1582 995 269 66 confitendum
1779 995 107 66 post

112 1048 157 66 primam
222 1048 266 66 confessionem.
441 1048 157 66 Potest
551 1048 141 66 etiam
645 1048 172 66 iterato
770 1048 188 66 adhiberi
911 1048 172 66 propter
1036 1048 172 66 aliquas
1162 1048 157 66 causas
1271 1048 235 66 praetactas:
1459 1048 78 66 &
1490 1048 110 66 eas
1553 1048 125 66 quae
1631 1048 94 66 in
1678 1048 125 66 iure
1757 1048 125 66 sunt
1819 1048 63 66 ex

119 1103 195 69 pressae,
265 1103 81 69 &
297 1103 146 69 alias
395 1103 130 69 quae
476 1103 97 69 de
524 1103 130 69 nouo
605 1103 178 69 possent
735 1103 211 69 emergere,
897 1103 97 69 vt
946 1103 97 69 in
995 1103 130 69 alio
1076 1103 195 69 Quolibet
1222 1103 195 69 exposui.
1368 1103 97 69 Et
1417 1103 97 69 in
1465 1103 211 69 quaelibet
1627 1103 243 69 adhibitione
1806 1103 81 69 sa-

115 1157 183 70 cramenti
252 1157 259 70 poenitentiae,
465 1157 122 70 etsi
541 1157 107 70 non
602 1157 183 70 habeatur
739 1157 183 70 effectus
876 1157 152 70 primus
982 1157 122 70 eius
1058 1157 76 70 &
1089 1157 243 70 principalis:
1287 1157 122 70 quia
1363 1157 243 70 sufficienter
1560 1157 167 70 habitus
1682 1157 107 70 est
1743 1157 91 70 in
1773 1157 107 70 prima

112 1203 237 70 adhibitione:
304 1203 163 70 propter
423 1203 118 70 quod
497 1203 222 70 sacramentum
674 1203 237 70 poenitentiae
866 1203 104 70 est
926 1203 148 70 firmum
1029 1203 74 70 &
1059 1203 104 70 non
1118 1203 148 70 debile
1221 1203 207 70 elementum:
1384 1203 118 70 quod
1458 1203 133 70 esset
1547 1203 89 70 si
1591 1203 133 70 illum
1680 1203 104 70 non
1724 1203 148 70 haberet,

120 1262 87 63 vt
163 1262 174 63 vlterius
293 1262 188 63 assumitur
438 1262 87 63 in
482 1262 203 63 argumento:
641 1262 159 63 habetur
757 1262 130 63 tamen
843 1262 159 63 aliquis
959 1262 174 63 effectus
1090 1262 116 63 eius
1162 1262 203 63 secudarius
1321 1262 72 63 &
1350 1262 101 63 non
1408 1262 232 63 principalis.
1596 1262 116 63 Quis
1669 1262 130 63 autem
1756 1262 101 63 sit
1799 1262 87 63 effe

109 1314 115 64 ctus
180 1314 172 64 poseniae
309 1314 215 64 principalis
481 1314 72 64 &
510 1314 115 64 quis
582 1314 100 64 non
639 1314 229 64 principalis,
825 1314 186 64 expositum
969 1314 100 64 est
1026 1314 86 64 in
1069 1314 115 64 alio
1141 1314 186 64 Quolibet.
1284 1314 86 64 Et
1327 1314 158 64 propter
1442 1314 186 64 huiusmodi
1585 1314 172 64 effectum
1700 1314 186 64 secundarium

120 1369 228 60 Sacramentum
302 1369 243 60 poenitentiae
499 1369 106 60 est
560 1369 152 60 potius
666 1369 197 60 iterabile
818 1369 137 60 circa
909 1369 152 60 eandem
1015 1369 182 60 materiam
1152 1369 182 60 secundum
1288 1369 106 60 rem
1349 1369 121 60 quam
1425 1369 167 60 quaedam
1546 1369 137 60 alia,
1637 1369 91 60 vt
1683 1369 106 60 iam
1728 1369 152 60 patebit.

138 1422 126 64 Quia
217 1422 142 64 autem
311 1422 220 64 adiungitur
484 1422 94 64 ad
532 1422 283 64 confirmationem
768 1422 205 64 rationis:
925 1422 126 64 quod
1004 1422 236 64 poenitentia
1192 1422 110 64 est
1255 1422 173 64 secunda
1381 1422 157 64 tabula
1491 1422 110 64 &c.
1554 1422 189 64 Dicendum
1696 1422 126 64 quod
1759 1422 110 64 ratio

117 1475 265 60 respeonsionem
335 1475 140 60 secum
429 1475 187 60 importat
569 1475 109 60 per
631 1475 109 60 hoc
694 1475 125 60 quod
771 1475 234 60 poenitentia
958 1475 171 60 dicitur
1083 1475 156 60 tabula
1192 1475 171 60 secunda
1316 1475 78 60 &
1348 1475 187 60 secundus
1488 1475 218 60 baptismus.
1659 1475 93 60 In
1706 1475 109 60 quo
1752 1475 125 60 expri-

109 1531 151 64 mitur
210 1531 151 64 plane
311 1531 252 64 differentia
513 1531 135 64 eius
597 1531 101 64 ad
648 1531 168 64 primam
765 1531 202 64 tabulam,
917 1531 84 64 &
951 1531 168 64 primum
1068 1531 135 64 siue
1152 1531 252 64 principalem
1354 1531 236 64 baptismum.
1539 1531 185 64 Propter
1674 1531 135 64 quod
1741 1531 135 64 poeni-

105 1586 167 71 tentia
222 1586 134 71 bene
306 1586 167 71 potest
423 1586 167 71 habere
539 1586 184 71 aliquas
673 1586 250 71 conditiones
873 1586 83 71 &
907 1586 267 71 proprietates
1124 1586 184 71 propter
1257 1586 134 71 quas
1341 1586 117 71 est
1408 1586 250 71 iterabilis:
1608 1586 217 71 baptismus
1775 1586 150 71 autem

105 1637 240 64 nequaquam.
293 1637 103 64 Et
345 1637 120 64 est
413 1637 154 64 prima
516 1637 86 64 &
550 1637 223 64 radicalis
722 1637 154 64 causa
825 1637 103 64 vt
876 1637 154 64 puto:
979 1637 137 64 quia
1064 1637 223 64 baptismus
1236 1637 120 64 non
1304 1637 154 64 habet
1407 1637 137 64 nisi
1493 1637 206 64 effectus
1647 1637 137 64 quos
1716 1637 171 64 perfecte

112 1693 154 55 explet
219 1693 138 55 semel
311 1693 215 55 adhibitus.
480 1693 230 55 Poenitentia
664 1693 138 55 autem
756 1693 215 55 nequaquam.
925 1693 169 55 Propter
1048 1693 123 55 quod
1125 1693 138 55 circa
1217 1693 246 55 poenitentiae
1416 1693 230 55 sacramentum
1601 1693 154 55 potest
1708 1693 138 55 fieri
1785 1693 92 55 sta-

114 1745 144 71 tutum
210 1745 96 71 de
258 1745 128 71 eius
339 1745 241 71 iteratione:
531 1745 112 71 vel
596 1745 177 71 directe
724 1745 112 71 vel
788 1745 225 71 indirecte:
965 1745 96 71 vt
1013 1745 177 71 habitum
1141 1745 112 71 est
1206 1745 161 71 supra:
1318 1745 112 71 non
1382 1745 144 71 autem
1479 1745 144 71 circa
1575 1745 225 71 baptismum:
1752 1745 96 71 de
1800 1745 112 71 quo

117 1798 108 58 iam
178 1798 154 58 amplis
286 1798 200 58 videbitur
440 1798 154 58 infra.
548 1798 169 58 Quamuis
671 1798 154 58 aliqui
778 1798 154 58 dicere
886 1798 77 58 &
917 1798 215 58 confirmare
1086 1798 185 58 nitantur
1225 1798 123 58 quod
1302 1798 246 58 poenitentiae
1502 1798 231 58 sacramentum
1686 1798 92 58 si
1717 1798 154 58 iteretur

116 1856 134 64 circa
205 1856 119 64 idem
280 1856 193 64 peccatum,
428 1856 104 64 hoc
488 1856 134 64 solum
577 1856 104 64 est
636 1856 163 64 propter
755 1856 163 64 dubium:
874 1856 89 64 ai
919 1856 178 64 scilicet
1053 1856 193 64 poenitens
1201 1856 134 64 prius
1290 1856 149 64 fuerit
1394 1856 119 64 vere
1469 1856 208 64 contritus:
1632 1856 74 64 &
1662 1856 104 64 ita
1721 1856 74 64 a
1736 1856 134 64 peccato

113 1909 220 58 absolutus:
286 1909 110 58 non
349 1909 141 58 autem
443 1909 173 58 propter
569 1909 173 58 aliquem
694 1909 188 58 effectum
836 1909 251 58 secundarium:
1040 1909 110 58 nec
1103 1909 173 58 propter
1228 1909 251 58 diminutionem
1432 1909 157 58 poenae
1542 1909 188 58 debitae:
1684 1909 110 58 nec
1731 1909 141 58 propter

108 1962 330 55 reconciliationem
389 1962 231 55 ecclesiae:
571 1962 116 55 nec
637 1962 182 55 propter
769 1962 215 55 augmentum
934 1962 198 55 gratiae.
1083 1962 116 55 Non
1149 1962 182 55 propter
1281 1962 264 55 diminutionem
1495 1962 182 55 poenae:
1627 1962 132 55 quia
1710 1962 99 55 vt
1743 1962 132 55 dicunt

109 2010 158 72 posset
220 2010 95 72 in
267 2010 142 72 prima
362 2010 237 72 confessione
551 2010 79 72 &
583 2010 237 72 absolutione
772 2010 158 72 tantum
883 2010 189 72 conteri,
1025 2010 110 72 vel
1088 2010 158 72 postea
1198 2010 110 72 tot
1261 2010 142 72 opera
1356 2010 268 72 satisfactoria
1577 2010 158 72 agere,
1688 2010 126 72 quod
1751 2010 126 72 nullum

117 2066 177 66 debitum
246 2066 161 66 poenae
359 2066 193 66 restaret
504 2066 258 66 diminuendum.
713 2066 113 66 Non
778 2066 177 66 propter
907 2066 322 66 reconciliationem
1181 2066 226 66 ecclesiae:
1358 2066 129 66 quia
1439 2066 97 66 vt
1487 2066 161 66 dicunt
1600 2066 97 66 in
1648 2066 145 66 prima
1729 2066 145 66 confes-

114 2120 148 63 sione
212 2120 82 63 &
245 2120 247 63 absolutione
443 2120 115 63 qua
508 2120 230 63 absoluitur
689 2120 214 63 peccatum:
854 2120 148 63 etiam
953 2120 214 63 ecclesiae
1117 2120 181 63 vnitur,
1249 2120 82 63 &
1282 2120 115 63 sic
1348 2120 296 63 reconciliatur.
1594 2120 132 63 ltem
1677 2120 214 63 absolutus
1825 2120 49 63 a

108 2181 156 60 curia
211 2181 173 60 Romana
332 2181 121 60 non
402 2181 242 60 remittitur
592 2181 156 60 alibi
695 2181 277 60 absoluendus:
920 2181 86 60 &
955 2181 138 60 haec
1041 2181 121 60 est
1110 2181 242 60 consuetudo
1301 2181 190 60 curiae:
1439 2181 138 60 ergo
1525 2181 156 60 semel
1629 2181 225 60 absolutus
1785 2181 86 60 per

109 2225 141 60 fecte
203 2225 266 60 reconciliatus
422 2225 109 60 est
485 2225 219 60 ecclesiae:
656 2225 109 60 nec
719 2225 156 60 iterum
828 2225 234 60 absoluendus
1016 2225 172 60 propter
1141 2225 313 60 reconciliationem
1407 2225 203 60 ecclesiae
1563 2225 219 60 faciendam.
1735 2225 109 60 Nec
1782 2225 78 60 pro

104 2278 127 64 pter
183 2278 206 64 augmentum
342 2278 190 64 gratiae:
485 2278 127 64 quia
564 2278 238 64 sacramentum
755 2278 254 64 poenitentiae
961 2278 111 64 est
1024 2278 95 64 ad
1072 2278 190 64 sanandum
1215 2278 206 64 aegrotum,
1373 2278 95 64 vt
1421 2278 95 64 in
1469 2278 127 64 illa
1548 2278 286 64 constitutione:
1770 2278 111 64 Omnis

111 2343 216 58 vtriusque
277 2343 166 58 sexus.
393 2343 116 58 Sed
460 2343 182 58 sanatio
593 2343 116 58 non
659 2343 216 58 consistit
825 2343 100 58 in
875 2343 199 58 augmento
1024 2343 199 58 gratiae:
1173 2343 116 58 sed
1240 2343 216 58 solummodo
1405 2343 100 58 in
1455 2343 249 58 absolutione
1654 2343 166 58 culpae
1770 2343 83 58 &
1787 2343 83 58 re-

109 2386 212 63 laxatione
272 2386 179 63 poenae.
402 2386 130 63 ergo
483 2386 114 63 &c.
549 2386 130 63 ltem
630 2386 244 63 sacramentum
825 2386 98 63 in
874 2386 147 63 forma
972 2386 114 63 sua
1037 2386 147 63 debet
1135 2386 244 63 praetendere
1330 2386 147 63 totum
1428 2386 195 63 effectum
1575 2386 147 63 suum.
1673 2386 114 63 sed
1738 2386 98 63 in
1787 2386 114 63 ad-

115 2443 193 62 hibitione
264 2443 208 62 sacramenti
427 2443 237 62 poenitentiae
620 2443 104 62 non
679 2443 237 62 praetenditur
872 2443 178 62 effectus
1005 2443 134 62 alius
1094 2443 119 62 quam
1169 2443 163 62 deletio
1287 2443 163 62 culpae:
1406 2443 104 62 cum
1465 2443 134 62 dicit
1554 2443 193 62 sacerdos:
1703 2443 104 62 Ego
1747 2443 119 62 absol-

114 2496 97 64 uo
162 2496 97 64 te
211 2496 113 64 &c.
276 2496 129 64 ergo
356 2496 113 64 &c.
421 2496 129 64 ltem
502 2496 194 64 secundum
647 2496 129 64 tria
728 2496 178 64 peccati
858 2496 178 64 genera:
987 2496 210 64 originale
1149 2496 194 64 scilicet
1294 2496 178 64 actuale
1423 2496 194 64 veniale:
1569 2496 81 64 &
1601 2496 178 64 actuale
1714 2496 162 64 mortale:

113 2551 139 60 tria
200 2551 139 60 sunt
287 2551 244 60 sacramenta
478 2551 122 60 eis
548 2551 348 60 correspondentia:
844 2551 244 60 baptismus:
1035 2551 192 60 extrema
1175 2551 192 60 vnctio:
1314 2551 87 60 &
1349 2551 279 60 poenitentia.
1575 2551 226 60 Baptismus
1732 2551 139 60 contra

113 2604 220 61 originale
282 2604 305 61 principaliter:
536 2604 169 61 vnctio
655 2604 169 61 contra
773 2604 203 61 veniale:
926 2604 254 61 poenitentia
1129 2604 169 61 contra
1248 2604 186 61 actuale
1383 2604 203 61 mortale.
1535 2604 119 61 Sed
1603 2604 220 61 baptismus
1772 2604 85 61 &
1789 2604 85 61 ex-

120 2654 150 62 trema
221 2654 167 62 vnctio
337 2654 117 62 non
404 2654 217 62 conferunt
571 2654 184 62 gratiam
705 2654 150 62 neque
805 2654 217 62 augmentum
972 2654 184 62 gratiae
1106 2654 134 62 nisi
1189 2654 100 62 ex
1239 2654 167 62 ordine
1356 2654 100 62 ad
1406 2654 200 62 peccatum
1557 2654 217 62 delendum:
1724 2654 134 62 ergo
1790 2654 84 62 nec

113 2713 258 71 poenitentia.
322 2713 145 71 Quare
419 2713 97 71 si
467 2713 113 71 non
532 2713 145 71 habet
628 2713 161 71 delere
741 2713 193 71 peccatum
886 2713 225 71 adhibitum:
1063 2713 113 71 nec
1127 2713 177 71 gratiam
1256 2713 193 71 conferre
1401 2713 113 71 aut
1465 2713 242 71 augmentare.
1659 2713 113 71 sed
1723 2713 129 71 post
1787 2713 81 71 pri

118 2765 113 58 mam
182 2765 258 58 absolutionem
392 2765 145 58 nihil
489 2765 97 58 de
537 2765 177 58 peccato
666 2765 81 58 a
699 2765 113 58 quo
763 2765 113 58 est
828 2765 226 58 absolutus,
1005 2765 161 58 restat
1118 2765 210 58 delendum:
1279 2765 129 58 ergo
1360 2765 97 58 in
1408 2765 194 58 sequenti
1553 2765 81 58 &
1586 2765 177 58 iterata
1699 2765 177 58 confessio

113 2820 91 64 ne
158 2820 106 64 per
219 2820 241 64 absolutionem
415 2820 136 64 nulla
505 2820 151 64 gratia
611 2820 151 64 omnino
716 2820 196 64 confertur
867 2820 106 64 aut
928 2820 241 64 augmentatur.
1124 2820 121 64 Vnde
1199 2820 166 64 dicunt,
1320 2820 121 64 quod
1395 2820 91 64 si
1441 2820 91 64 ex
1486 2820 226 64 confessione
1667 2820 75 64 &
1682 2820 181 64 absolutio-

115 2869 99 67 ne
165 2869 182 67 iterata
298 2869 215 67 haberetur
463 2869 215 67 augmentum
629 2869 199 67 gratiae:
778 2869 116 67 hoc
844 2869 116 67 non
910 2869 116 67 est
977 2869 99 67 ex
1026 2869 99 67 vi
1076 2869 248 67 sacramenti:
1275 2869 116 67 sed
1341 2869 99 67 ex
1391 2869 166 67 merito
1507 2869 282 67 humiliationis
1739 2869 116 67 qua
1788 2869 83 67 con

113 2927 147 66 fitens
216 2927 220 66 recognoscit
393 2927 176 66 peccatum
525 2927 118 66 suum
598 2927 88 66 vt
642 2927 103 66 dei
701 2927 191 66 offensam:
848 2927 88 66 vt
892 2927 88 66 de
936 2927 235 66 poenitentia.
1127 2927 118 66 diei
1201 2927 88 66 et
1245 2927 176 66 capitulo
1377 2927 88 66 i.
1421 2927 118 66 Quem
1495 2927 191 66 poenitet.
1642 2927 118 66 Quia
1715 2927 132 66 autem
1789 2927 73 66 poe

116 2982 179 55 nitentia
250 2982 134 55 circa
340 2982 134 55 eadem
429 2982 179 55 peccatam
564 2982 149 55 numero
668 2982 104 55 non
728 2982 104 55 est
788 2982 209 55 iterabilis
952 2982 134 55 sicut
1041 2982 104 55 nec
1101 2982 119 55 alia
1176 2982 224 55 sacramenta,
1355 2982 164 55 arguunt
1474 2982 119 55 sic:
1549 2982 75 55 &
1578 2982 104 55 est
1638 2982 90 55 ad
1668 2982 194 55 principalem

117 3025 218 63 quaestionem.
295 3025 82 63 In
336 3025 123 63 aliis
418 3025 191 63 sacraminis
568 3025 150 63 omnibus
677 3025 96 63 ita
731 3025 96 63 est
786 3025 109 63 quod
854 3025 123 63 circa
936 3025 109 63 idem
1004 3025 136 63 numero
1100 3025 136 63 omnino
1195 3025 96 63 non
1250 3025 191 63 iterantur:
1400 3025 96 63 nec
1455 3025 177 63 baptismus
1591 3025 123 63 circa
1673 3025 136 63 eundem
1755 3025 109 63 bapti-

114 3086 150 75 catum
215 3086 150 75 circa
315 3086 134 75 idem
399 3086 201 75 peccatum
549 3086 234 75 originale:
733 3086 117 75 nec
800 3086 184 75 extrema
934 3086 167 75 vnctio
1051 3086 150 75 circa
1151 3086 134 75 idem
1235 3086 201 75 peccatum
1385 3086 201 75 veniale:
1536 3086 117 75 nec
1602 3086 134 75 ordo
1686 3086 150 75 circa
1770 3086 100 75 eum-

108 3135 116 92 dem
175 3135 232 92 ordinatum:
357 3135 116 92 nec
423 3135 248 92 matrimonium
622 3135 149 92 circa
721 3135 166 92 eosdem
837 3135 215 92 coniuges:
1003 3135 116 92 nec
1069 3135 248 92 confirmatio
1268 3135 149 92 circa
1367 3135 166 92 eundem
1483 3135 265 92 confirmatum:
1699 3135 116 92 nec
1748 3135 133 92 eucha
