2422 3735
533 278 172 84 ristia
653 278 155 84 circa
756 278 309 84 consecrationem
1014 278 189 84 eiusdem
1152 278 206 84 hostiae:
1307 278 120 84 aut
1375 278 206 84 communio
1530 278 189 84 eiusdem
1668 278 103 84 in
1719 278 138 84 vno:
1805 278 155 84 quasi
1908 278 103 84 in
1960 278 275 84 indiuisibili
2166 278 155 84 tempore

542 346 163 60 quare
650 346 127 60 nec
723 346 271 60 sacramentum
940 346 289 60 poenitentiae
1174 346 163 60 circa
1283 346 181 60 eundem
1409 346 181 60 omnino
1536 346 163 60 eodem
1644 346 145 60 modo
1735 346 108 60 se
1789 346 217 60 habentem
1952 346 181 60 absque
2078 346 145 60 nouo
2150 346 163 60 peccato

538 392 219 81 iterabile
707 392 135 81 est.
791 392 135 81 ltem
875 392 169 81 quando
994 392 253 81 sacramentum
1196 392 118 81 est
1263 392 287 81 principaliter
1500 392 169 81 contra
1618 392 219 81 peccatum:
1786 392 101 81 vt
1837 392 135 81 sunt
1921 392 236 81 baptismus,
2090 392 236 81 poenitentia,

534 453 192 60 extrema
673 453 192 60 vnctio.
813 453 122 60 sed
883 453 210 60 peccatum
1040 453 140 60 idem
1127 453 175 60 numero
1250 453 122 60 non
1319 453 122 60 est
1389 453 245 60 iterabile,
1581 453 122 60 nec
1651 453 262 60 sacramentum
1861 453 175 60 contra
1983 453 175 60 ipsum:
2105 453 105 60 vt
2158 453 157 60 patet
2245 453 70 60 de

529 501 215 70 baptismo
690 501 179 70 contra
815 501 250 70 originale:
1012 501 89 70 &
1048 501 197 70 extrema
1191 501 215 70 vnctione
1352 501 179 70 contra
1477 501 215 70 veniale.
1638 501 143 70 ergo
1727 501 268 70 poenitentia
1942 501 179 70 contra
2067 501 161 70 eadem
2156 501 161 70 peccata

540 560 143 63 nullo
636 560 127 63 modo
715 560 111 63 est
779 560 207 63 iteranda.
938 560 127 63 Quia
1017 560 127 63 ergo
1097 560 223 63 proponitur
1272 560 143 63 primo
1367 560 95 63 de
1415 560 223 63 sacramento
1590 560 270 63 poenitentiae:
1813 560 127 63 quod
1892 560 95 63 si
1940 560 191 63 iteretur
2083 560 143 63 circa
2179 560 127 63 idem
2242 560 80 63 pec

546 613 159 58 catum,
657 613 111 58 hoc
721 613 143 58 solum
816 613 111 58 est
879 613 175 58 propter
1006 613 175 58 dubium:
1133 613 111 58 am.
1197 613 190 58 scilicet
1339 613 206 58 poenitens
1498 613 143 58 prius
1593 613 159 58 fuerit
1704 613 127 58 vere
1784 613 206 58 contritus
1942 613 79 58 &
1974 613 79 58 a
2006 613 175 58 peccato
2133 613 222 58 absolutus:

541 663 193 59 DIcendum
685 663 128 59 quod
766 663 96 59 si
814 663 112 59 ita
878 663 161 59 esset:
990 663 128 59 tunc
1071 663 112 59 non
1135 663 144 59 esset
1231 663 241 59 differentia
1424 663 96 59 de
1472 663 193 59 baptismo
1617 663 144 59 circa
1713 663 193 59 peccatum
1857 663 225 59 originale:
2034 663 128 59 quid
2114 663 112 59 non
2179 663 112 59 est
2227 663 96 59 ite-

535 719 171 64 rabile
655 719 103 64 in
706 719 154 64 eodem
809 719 188 64 numero:
946 719 86 64 &
980 719 103 64 de
1032 719 257 64 poenitentia
1237 719 154 64 circa
1340 719 206 64 peccatum
1494 719 188 64 actuale
1631 719 206 64 mortale:
1785 719 137 64 quia
1871 719 223 64 similiter
2042 719 137 64 idem
2128 719 171 64 numero
2230 719 86 64 non

545 774 120 53 est
613 774 222 53 iterabile
784 774 103 53 in
836 774 154 53 eodem
938 774 188 53 numero.
1075 774 154 53 Sicut
1178 774 137 53 ergo
1263 774 171 53 iterum
1383 774 222 53 baptizare
1554 774 274 53 inconueniens
1777 774 120 53 est
1845 774 137 53 nisi
1931 774 188 53 propter
2067 774 188 53 dubium:
2204 774 86 53 &
2221 774 103 53 tunc

537 832 119 65 non
605 832 119 65 est
673 832 170 65 iterum
792 832 255 65 baptizandum
996 832 136 65 nisi
1081 832 119 65 sub
1149 832 238 65 conditione
1336 832 204 65 dicendo:
1489 832 119 65 Non
1557 832 102 65 te
1608 832 170 65 iterum
1727 832 187 65 baptizo
1863 832 136 65 siue
1948 832 238 65 rebaptizo:
2135 832 119 65 sed
2203 832 102 65 si
2237 832 85 65 non

536 884 170 55 fuisti
655 884 238 55 baptizatus
842 884 119 55 ego
910 884 102 55 te
961 884 204 55 baptizo:
1113 884 119 55 Sic
1181 884 272 55 inconueniens
1402 884 119 55 est
1470 884 170 55 iterum
1589 884 255 55 sacramentum
1793 884 272 55 poenitentiae
2013 884 204 55 adhibere
2166 884 136 55 siue
2234 884 85 55 con

532 925 160 62 fiteri
644 925 80 62 &
676 925 176 62 absolui
803 925 128 62 nisi
883 925 176 62 propter
1011 925 176 62 dubium:
1138 925 96 62 vt
1186 925 255 62 consimiliter
1394 925 112 62 non
1457 925 112 62 sit
1521 925 160 62 iterum
1633 925 239 62 confitendum
1824 925 144 62 neque
1920 925 239 62 absoluendum
2112 925 128 62 nisi
2191 925 112 62 sub
2239 925 80 62 com

546 980 186 81 ditione
681 980 203 81 dicendo.
833 980 118 81 Non
901 980 169 81 iterum
1019 980 220 81 confiteor
1188 980 135 81 siue
1272 980 270 81 reconfiteor:
1492 980 118 81 nec
1559 980 169 81 iterum
1677 980 186 81 absoluo
1812 980 135 81 siue
1897 980 220 81 reabsoluo
2066 980 118 81 te:
2133 980 118 81 sed
2201 980 101 81 si
2235 980 84 81 non

530 1039 124 77 fui
601 1039 124 77 cum
672 1039 213 77 perfecta
832 1039 267 77 contritione
1046 1039 231 77 confessus
1224 1039 124 77 ego
1295 1039 249 77 confiteor.
1490 1039 107 77 Si
1544 1039 124 77 non
1615 1039 178 77 fuisti
1739 1039 231 77 absolutus
1917 1039 124 77 ego
1988 1039 107 77 te
2041 1039 213 77 absoluo.
2184 1039 124 77 Quare

532 1104 121 63 cum
601 1104 121 63 hoc
670 1104 121 63 non
740 1104 208 63 obseruet
896 1104 243 63 consuetudo
1087 1104 225 63 generalis
1260 1104 243 63 ecclesiae,
1451 1104 139 63 quae
1538 1104 225 63 districte
1711 1104 260 63 custodienda
1919 1104 139 63 est:
2006 1104 121 63 non
2075 1104 121 63 est
2145 1104 208 63 dicendum

541 1148 125 74 quod
619 1148 141 74 solum
713 1148 172 74 propter
838 1148 156 74 dubium
947 1148 125 74 idem
1025 1148 187 74 peccatum
1166 1148 156 74 iterum
1275 1148 234 74 confitendum
1463 1148 125 74 sit,
1541 1148 78 74 &
1572 1148 94 74 ab
1619 1148 141 74 eodem
1713 1148 250 74 absoluendum,
1916 1148 141 74 sicut
2009 1148 172 74 propter
2134 1148 125 74 idem
2197 1148 109 74 origi

543 1210 133 62 nale
626 1210 116 62 non
693 1210 116 62 est
759 1210 166 62 iterum
875 1210 249 62 baptizandum
1075 1210 133 62 nisi
1158 1210 183 62 propter
1291 1210 183 62 dubium.
1423 1210 133 62 Quia
1506 1210 232 62 assumitur:
1689 1210 133 62 quod
1772 1210 183 62 propter
1905 1210 266 62 diminutionem
2121 1210 166 62 poenae
2237 1210 116 62 non

538 1254 121 61 est
607 1254 173 61 iterum
728 1254 277 61 confitendum:
953 1254 139 61 quia
1040 1254 173 61 posset
1161 1254 139 61 esse
1248 1254 139 61 homo
1334 1254 104 61 in
1386 1254 121 61 quo
1455 1254 173 61 nullum
1577 1254 156 61 esset
1680 1254 190 61 debitum
1819 1254 173 61 poenae
1940 1254 277 61 diminuendum:
2148 1254 173 61 Dicendum

543 1310 129 56 quod
623 1310 210 56 diminutio
785 1310 161 56 poenae
898 1310 177 56 debitae
1026 1310 113 56 non
1091 1310 113 56 sic
1155 1310 193 56 effectus
1300 1310 113 56 est
1365 1310 258 56 confessionis
1575 1310 81 56 &
1607 1310 258 56 absolutionis
1816 1310 129 56 quod
1897 1310 113 56 non
1961 1310 161 56 possit
2074 1310 193 56 adhiberi
2219 1310 129 56 quin

539 1361 142 58 istum
634 1361 190 58 effectum
777 1361 174 58 habeat:
903 1361 111 58 sed
967 1361 174 58 quantum
1093 1361 111 58 est
1156 1361 95 58 de
1204 1361 127 58 se:,
1283 1361 142 58 ipsum
1378 1361 142 58 habet
1473 1361 95 58 si
1521 1361 174 58 aliquid
1647 1361 95 58 de
1695 1361 142 58 poena
1790 1361 174 58 restat:
1916 1361 95 58 de
1964 1361 111 58 qua
2027 1361 158 58 semper
2138 1361 158 58 potest
2233 1361 79 58 ali

538 1414 130 70 quid
619 1414 195 70 restare.
765 1414 179 70 propter
896 1414 130 70 quod
977 1414 146 70 istud
1075 1414 244 70 sacramentum
1270 1414 228 70 institutum
1449 1414 114 70 est
1514 1414 130 70 esse
1595 1414 211 70 iterabile
1758 1414 146 70 circa
1855 1414 146 70 eadem
1953 1414 195 70 peccata,
2100 1414 98 70 vt
2148 1414 114 70 iam
2197 1414 114 70 infra

541 1469 192 57 dicetur,
685 1469 240 57 quemadmodum
877 1469 144 57 etiam
973 1469 112 57 nec
1037 1469 208 57 absolutio
1197 1469 176 57 peccati
1325 1469 112 57 est
1389 1469 128 57 eius
1468 1469 192 57 effectus
1612 1469 128 57 nisi
1692 1469 144 57 adsit
1788 1469 208 57 peccatum.
1948 1469 96 57 Et
1996 1469 144 57 tamen
2092 1469 144 57 licet
2188 1469 96 57 in
2220 1469 96 57 con-

535 1517 184 71 tritione
673 1517 230 71 praecedente
857 1517 169 71 deletum
980 1517 107 71 sit
1041 1517 200 71 peccatum:
1195 1517 184 71 secundum
1333 1517 215 71 Augustinus
1502 1517 138 71 super
1594 1517 138 71 illud
1686 1517 154 71 psali.
1794 1517 123 71 Dixi
1871 1517 215 71 confitebor
2040 1517 107 71 &c.
2101 1517 107 71 qui
2162 1517 154 71 dicit.
2255 1517 61 71 Ma

530 1578 120 69 gna
599 1578 120 69 dei
667 1578 172 69 pietas
788 1578 103 69 vt
839 1578 103 69 ad
891 1578 155 69 solam
994 1578 275 69 promissionem
1218 1578 189 69 peccata
1355 1578 224 69 dimiserit
1527 1578 120 69 dum
1596 1578 120 69 non
1665 1578 241 69 pronunciat
1854 1578 120 69 ore
1923 1578 120 69 &c.
1991 1578 155 69 tamen
2077 1578 241 69 confessionis

533 1634 84 67 &
567 1634 268 67 absolutionis
785 1634 252 67 sacramentum
986 1634 134 67 bene
1070 1634 218 67 adhibetur
1238 1634 185 67 propter
1372 1634 201 67 effectum
1523 1634 168 67 alium,
1641 1634 84 67 &
1674 1634 185 67 propter
1809 1634 185 67 Christi
1943 1634 252 67 praeceptum.
2144 1634 134 67 Etsi
2211 1634 101 67 enim

526 1684 140 74 forte
620 1684 124 74 homo
697 1684 140 74 esset
791 1684 93 74 in
837 1684 124 74 tali
915 1684 140 74 statu
1008 1684 124 74 quod
1086 1684 140 74 nullo
1179 1684 171 74 illorum
1303 1684 217 74 indigeret:
1474 1684 171 74 numquam
1598 1684 140 74 tamen
1692 1684 249 74 praesumendum
1894 1684 109 74 est
1956 1684 124 74 quod
2033 1684 140 74 nullo
2127 1684 140 74 eorum
2204 1684 109 74 egeat

527 1738 125 64 siue
605 1738 125 64 quod
683 1738 156 64 nullum
792 1738 140 64 eorum
886 1738 156 64 possit
995 1738 94 64 in
1042 1738 94 64 se
1089 1738 171 64 capere.
1213 1738 125 64 Quid
1291 1738 140 64 autem
1385 1738 218 64 assumitur:
1556 1738 125 64 quod
1634 1738 109 64 nec
1696 1738 171 64 propter
1821 1738 312 64 reconciliationem
2086 1738 203 64 ecclesiae
2226 1738 94 64 ite-

537 1793 161 55 randa
644 1793 125 55 est
716 1793 286 55 poenitentia:
948 1793 143 55 quia
1037 1793 107 55 in
1091 1793 161 55 prima
1198 1793 268 55 absolutione
1413 1793 161 55 plene
1520 1793 125 55 per
1591 1793 197 55 gratiam
1734 1793 232 55 susceptam
1913 1793 304 55 reconciliatus
2163 1793 125 55 est
2217 1793 89 55 ei:

532 1839 198 71 Dicendum
680 1839 132 71 quod
762 1839 148 71 verum
861 1839 115 71 est
927 1839 99 71 in
976 1839 214 71 proposito
1141 1839 132 71 casu
1223 1839 181 71 nostro:
1355 1839 181 71 propter
1487 1839 231 71 propositum
1668 1839 181 71 iterato
1800 1839 231 71 confitendi
1981 1839 214 71 ecclesiae
2129 1839 181 71 militanti

535 1896 143 70 quod
625 1896 251 70 communiter
822 1896 251 70 supponitur
1019 1896 107 70 in
1072 1896 107 70 eo
1126 1896 90 70 &
1162 1896 287 70 consimilibus
1395 1896 161 70 esse,
1502 1896 269 70 quemadmodum
1717 1896 143 70 vere
1807 1896 233 70 contritus
1986 1896 161 70 prius
2093 1896 143 70 quam
2165 1896 143 70 veniat

533 1958 100 63 ad
583 1958 251 63 sacerdotem,
784 1958 251 63 triumphanti
985 1958 218 63 ecclesiae
1153 1958 117 63 est
1220 1958 301 63 reconciliatus:
1471 1958 117 63 sed
1538 1958 184 63 propter
1672 1958 234 63 propositum
1856 1958 234 63 confitendi
2040 1958 218 63 sacerdoti
2208 1958 100 63 in
2241 1958 67 63 ec

533 2003 161 72 clesia
645 2003 225 72 militanti:
822 2003 113 72 ita
887 2003 129 72 quod
967 2003 96 72 si
1015 2003 145 72 cadat
1112 2003 80 72 a
1144 2003 129 72 tali
1224 2003 225 72 proposito,
1401 2003 113 72 nec
1465 2003 257 72 confiteatur,
1674 2003 145 72 cadit
1771 2003 80 72 a
1803 2003 305 72 reconciliatione
2060 2003 113 72 iam
2124 2003 145 72 facta
2204 2003 113 72 nouum

527 2063 206 65 peccatum
681 2063 274 65 committendo.
904 2063 188 65 Propter
1041 2063 137 65 quod
1126 2063 188 65 indiget
1263 2063 137 65 noua
1349 2063 325 65 reconciliatione
1623 2063 120 65 per
1691 2063 274 65 confessionem
1914 2063 86 65 &
1948 2063 274 65 absolutionem
2154 2063 154 65 sequen-

526 2116 128 60 tem:
606 2116 112 60 ita
670 2116 128 60 quod
750 2116 96 60 si
798 2116 96 60 in
847 2116 128 60 tali
927 2116 208 60 proposito
1087 2116 176 60 maneat,
1215 2116 176 60 sequens
1343 2116 208 60 confessio
1504 2116 128 60 fiat
1584 2116 144 60 forte
1680 2116 112 60 non
1744 2116 176 60 propter
1872 2116 144 60 nouam
1968 2116 321 60 reconciliationem
2225 2116 80 60 ec-

526 2164 190 70 clesiae
664 2164 241 70 faciendam:
853 2164 121 70 sed
922 2164 190 70 propter
1060 2164 121 70 iam
1129 2164 172 70 factam
1250 2164 293 70 custodiendam.
1491 2164 103 70 AD
1543 2164 155 70 aliud
1646 2164 155 70 circa
1749 2164 155 70 idem:
1853 2164 138 70 quod
1939 2164 241 70 consuetudo
2128 2164 172 70 curiae
2232 2164 86 70 Ro-

528 2229 150 70 manae
628 2229 116 70 est
695 2229 133 70 quod
778 2229 216 70 absolutum
944 2229 100 70 in
994 2229 100 70 ea
1044 2229 116 70 non
1110 2229 199 70 remittit
1260 2229 150 70 alibi
1360 2229 100 70 ad
1409 2229 266 70 absoluendum:
1625 2229 133 70 quid
1709 2229 116 70 non
1775 2229 183 70 faceret
1908 2229 133 70 nisi
1991 2229 150 70 vnica
2091 2229 249 70 absolutione

526 2282 148 63 esset
624 2282 197 63 perfecte
772 2282 213 63 ecclesiae
936 2282 295 63 reconciliatus:
1182 2282 197 63 Dicendum
1329 2282 131 63 quod
1411 2282 148 63 curia
1510 2282 98 63 de
1559 2282 246 63 plenitudine
1756 2282 230 63 potestatis
1936 2282 213 63 absoluit:
2100 2282 115 63 nec
2149 2282 148 63 oportet

530 2327 122 63 quod
606 2327 92 63 in
652 2327 122 63 eius
729 2327 230 63 absolutione
912 2327 184 63 habeatur
1050 2327 214 63 propositum
1218 2327 92 63 de
1264 2327 153 63 iterum
1371 2327 214 63 confitendo
1540 2327 138 63 alibi
1632 2327 168 63 propter
1754 2327 168 63 aliquam
1876 2327 260 63 obligationem.
2091 2327 168 63 Propter
2213 2327 122 63 quid

541 2385 189 66 perfecte
683 2385 237 66 reconciliat
872 2385 221 66 ecclesiae:
1046 2385 110 66 nec
1109 2385 158 66 mirtit
1220 2385 142 66 alibi
1314 2385 95 66 ad
1362 2385 300 66 reconciliandum:
1614 2385 110 66 aut
1677 2385 95 66 ad
1724 2385 315 66 reconciliationem
1993 2385 268 66 custodiendam.
2198 2385 110 66 Verum

529 2441 149 61 tamen
629 2441 133 61 bene
712 2441 166 61 mittit
828 2441 149 61 alibi
927 2441 182 61 propter
1060 2441 298 61 satisfactionem
1308 2441 83 61 &
1342 2441 265 61 poenitentiam
1557 2441 215 61 salutarem
1723 2441 265 61 iniungendam,
1938 2441 133 61 quam
2021 2441 149 61 debet
2121 2441 166 61 habere
2220 2441 83 61 con

530 2485 155 59 fessus
639 2485 93 59 in
686 2485 218 59 proposito:
857 2485 78 59 a
888 2485 109 59 quo
950 2485 93 59 si
997 2485 202 59 resiliat,
1152 2485 140 59 cadit
1246 2485 78 59 a
1277 2485 311 59 reconciliatione:
1541 2485 93 59 vt
1588 2485 109 59 non
1650 2485 109 59 sit
1712 2485 155 59 omnino
1821 2485 155 59 solida
1930 2485 264 59 reconciliatio
2148 2485 124 59 nisi
2225 2485 109 59 hu-

526 2544 191 62 militer
665 2544 278 62 poenitentiam
891 2544 261 62 iniungendam
1099 2544 261 62 susceperit.
1308 2544 139 62 Vnde
1394 2544 156 62 sicut
1499 2544 139 62 ille
1586 2544 104 62 ad
1638 2544 348 62 reconciliationis
1933 2544 313 62 conseruationem
2176 2544 122 62 debet

532 2598 177 75 aliunde
660 2598 257 75 poenitentiam
869 2598 225 75 suscipere:
1046 2598 112 75 sic
1110 2598 96 75 in
1158 2598 209 75 proposito
1319 2598 145 75 semel
1415 2598 209 75 confessus
1576 2598 145 75 debet
1672 2598 161 75 alteri
1785 2598 161 75 iterum
1897 2598 225 75 confiteri.
2074 2598 129 75 Quoa
2138 2598 161 75 arguitur

524 2652 220 66 vlterius:
693 2652 135 66 quod
778 2652 254 66 sacramentum
981 2652 271 66 poenitentiae
1201 2652 118 66 non
1269 2652 152 66 habet
1370 2652 203 66 effectum
1523 2652 254 66 secundarium
1726 2652 220 66 augmentum
1895 2652 203 66 gratiae:
2047 2652 135 66 quia
2132 2652 118 66 est
2199 2652 102 66 ad
2233 2652 68 66 sa

525 2705 173 69 nandum
646 2705 225 69 aegrotum:
819 2705 104 69 vt
871 2705 104 69 in
922 2705 138 69 illo
1009 2705 121 69 ca.
1078 2705 156 69 Omnis
1182 2705 225 69 vtriusque
1355 2705 173 69 sexus.
1476 2705 190 69 Sanitas
1614 2705 156 69 autem
1718 2705 225 69 consistit
1891 2705 104 69 in
1943 2705 138 69 sola
2029 2705 208 69 amotione
2168 2705 138 69 culpae

532 2753 86 75 &
566 2753 121 75 non
635 2753 104 75 in
687 2753 242 75 collatione
877 2753 207 75 gratiae:
1032 2753 138 75 nisi
1119 2753 104 75 in
1171 2753 173 75 ordine
1291 2753 104 75 ad
1343 2753 190 75 culpam:
1481 2753 207 75 Dicendum
1637 2753 138 75 quod
1723 2753 104 75 ad
1775 2753 242 75 sanationem
1965 2753 190 75 aegroti
2086 2753 207 75 generandam

522 2820 192 55 tamquam
661 2820 105 55 ad
713 2820 174 55 primum
835 2820 209 55 effectum
992 2820 227 55 ordinatur
1167 2820 279 55 poenitentia.
1393 2820 262 55 Nihilominus
1603 2820 157 55 tamen
1707 2820 105 55 ad
1759 2820 244 55 sanationem
1951 2820 174 55 eandem
2056 2820 244 55 confortandam

524 2861 130 61 bene
605 2861 179 61 tamquam
736 2861 98 61 ad
785 2861 196 61 secundum
931 2861 196 61 effectum
1078 2861 228 61 ordinatur.
1257 2861 179 61 Sanitas
1388 2861 130 61 enim
1469 2861 196 61 perfecta
1616 2861 114 61 non
1681 2861 147 61 solum
1779 2861 212 61 consistit
1942 2861 98 61 in
1991 2861 196 61 amotione
2138 2861 147 61 morbi
2236 2861 98 61 in

519 2920 207 65 sanando:
674 2920 121 65 sed
743 2920 104 65 in
795 2920 294 65 confortatione
1037 2920 311 65 conualescentis
1296 2920 104 65 in
1348 2920 225 65 sanitate.
1521 2920 138 65 Vnde
1607 2920 155 65 sicut
1711 2920 190 65 medicus
1849 2920 242 65 corporalis
2039 2920 121 65 non
2108 2920 155 65 solum
2212 2920 121 65 de-

517 2970 117 61 bet
584 2970 134 61 esse
668 2970 234 61 sollicitus
852 2970 100 61 ad
902 2970 201 61 habendam
1052 2970 217 61 medicinam
1219 2970 100 61 ad
1269 2970 234 61 curationem
1453 2970 150 61 morbi
1554 2970 100 61 in
1604 2970 217 61 generando
1771 2970 234 61 sanitatem:
1955 2970 117 61 sed
2022 2970 150 61 etiam
2122 2970 100 61 ad
2155 2970 134 61 confor

515 3023 224 66 tationem
684 3023 336 66 conualescentis
964 3023 112 66 in
1020 3023 243 66 sanitatem
1207 3023 299 66 augmentando:
1450 3023 93 66 &
1487 3023 262 66 synthomata
1693 3023 168 66 morbi
1805 3023 243 66 amouendo:
1992 3023 131 66 sic
2067 3023 224 66 sacerdos
2216 3023 75 66 de

522 3074 127 63 bet
594 3074 145 63 esse
685 3074 235 63 discretus
866 3074 145 63 more
957 3074 235 63 prudentis
1138 3074 199 63 medici:
1283 3074 127 63 non
1355 3074 163 63 solum
1464 3074 109 63 in
1518 3074 199 63 curando
1663 3074 91 63 a
1699 3074 163 63 morbo
1808 3074 199 63 peccati
1953 3074 272 63 poonitentem
2170 3074 127 63 per
2225 3074 72 63 me

522 3125 177 81 dicinam
651 3125 225 81 sacramenti
828 3125 258 81 poenitentiae
1037 3125 225 81 conferendo
1214 3125 193 81 gratiam:
1359 3125 97 81 in
1407 3125 113 81 qua
1472 3125 209 81 consistit
1633 3125 177 81 sanitas
1762 3125 258 81 spiritualis:
1971 3125 113 81 sed
2035 3125 145 81 etiam
2132 3125 97 81 ad
2180 3125 145 81 ipsum
