2426 3739
138 311 298 82 confortandum
380 311 279 82 augmentando
603 311 112 82 in
659 311 112 82 eo
715 311 205 82 gratiam
864 311 112 82 ad
919 311 260 82 amonuendum
1124 311 260 82 synthomata
1328 311 167 82 malae
1440 311 353 82 concupiscentiae
1737 311 112 82 ex
1775 311 167 82 peccato

139 381 215 67 dimissa.
301 381 108 67 AD
354 381 215 67 secundum
516 381 108 67 ad
570 381 161 67 idem:
677 381 144 67 quod
767 381 269 67 sacramentum
982 381 108 67 in
1036 381 161 67 forma
1144 381 126 67 sua
1215 381 161 67 debet
1323 381 233 67 continere
1503 381 161 67 totum
1610 381 215 67 effectum
1772 381 161 67 suum:
1861 381 90 67 Di-

142 438 173 64 cendum
263 438 138 64 quod
349 438 173 64 falsum
471 438 138 64 est:
557 438 138 64 quia
644 438 156 64 forma
748 438 208 64 baptismi
903 438 173 64 nullum
1025 438 208 64 effectum
1180 438 138 64 suum
1267 438 208 64 continet
1423 438 208 64 dicendo,
1578 438 121 64 Ego
1648 438 104 64 te
1700 438 208 64 baptizo,
1838 438 104 64 nisi

137 489 106 62 in
190 489 194 62 figura.
332 489 230 62 Similiter
508 489 124 62 nec
579 489 265 62 sacramentum
791 489 336 62 confirmationis,
1074 489 194 62 dicendo
1215 489 177 62 Inungo
1339 489 106 62 te
1392 489 230 62 chrismate
1569 489 212 62 salutis.
1728 489 106 62 Si
1781 489 141 62 ergo
1869 489 106 62 in

142 541 150 63 forma
242 541 266 63 poenitentiae
458 541 183 63 aliquis
591 541 200 63 effectus
741 541 116 63 est
807 541 266 63 exprimendus:
1024 541 200 63 sufficit
1173 541 133 63 quod
1256 541 133 63 ille
1339 541 116 63 sit
1406 541 266 63 principalis.
1622 541 116 63 per
1689 541 133 63 quod
1772 541 116 63 non
1822 541 116 63 exclu

136 593 163 68 ditur
245 593 145 68 quin
335 593 127 68 cum
408 593 127 68 hoc
480 593 127 68 sit
553 593 163 68 alius
661 593 290 68 secundarius.
897 593 109 68 AD
951 593 199 68 tertium
1096 593 109 68 ad
1151 593 163 68 idem:
1259 593 145 68 quod
1350 593 236 68 baptismus
1531 593 127 68 qui
1604 593 127 68 est
1676 593 181 68 contra
1785 593 145 68 pecca-

140 649 128 58 tum
213 649 255 58 originale,
413 649 91 58 &
449 649 200 58 extrema
595 649 182 58 vnctio
723 649 146 58 quae
814 649 128 58 est
887 649 182 58 contra
1014 649 219 58 peccatum
1178 649 219 58 veniale,
1342 649 128 58 non
1415 649 237 58 conferunt
1597 649 200 58 gratiam
1743 649 128 58 aut
1797 649 146 58 augmen

139 706 138 62 tant
225 706 138 62 nisi
311 706 103 62 ex
363 706 172 62 ordine
483 706 103 62 ad
535 706 207 62 peccatum
690 706 224 62 delendum:
862 706 155 62 quare
965 706 121 62 nec
1034 706 276 62 poenitentia:
1258 706 103 62 Si
1310 706 138 62 ergo
1396 706 121 62 non
1465 706 121 62 sit
1534 706 207 62 peccatum
1689 706 224 62 delendum,
1844 706 86 62 non

137 759 120 65 est
205 759 256 65 poenitentia
410 759 239 65 adhibenda:
599 759 205 65 Dicendum
752 759 137 65 quod
838 759 154 65 ratio
940 759 137 65 ista
1026 759 137 65 vere
1111 759 222 65 solubilis
1282 759 137 65 est:
1368 759 137 65 quia
1453 759 222 65 conclusum
1624 759 171 65 aperte
1744 759 171 65 falsum
1847 759 85 65 est

131 818 110 64 non
194 818 141 64 solum
288 818 94 64 in
336 818 220 64 sacramento
508 818 267 64 poenitentiae:
728 818 110 64 sed
791 818 141 64 etiam
885 818 94 64 in
933 818 220 64 sacramento
1105 818 204 64 baptismi.
1262 818 94 64 Si
1310 818 126 64 enim
1388 818 157 64 alicui
1498 818 189 64 perfecte
1640 818 220 64 poenitenti
1812 818 110 64 per
1859 818 79 64 con

135 873 235 56 tritionem
315 873 144 56 ante
406 873 162 56 omnem
514 873 289 56 confessionem
749 873 199 56 peccata
893 873 126 56 sua
965 873 144 56 sunt
1056 873 217 56 dimissa:
1218 873 108 56 de
1272 873 126 56 quo
1344 873 181 56 nullus
1471 873 108 56 in
1525 873 217 56 ecclesia
1687 873 199 56 dubitat
1832 873 144 56 quin

137 923 165 61 possit
253 923 165 61 fieri:
369 923 132 61 immo
451 923 149 61 credo
550 923 132 61 quod
633 923 182 61 pluries
765 923 182 61 euenit:
897 923 83 61 &
930 923 116 61 cum
996 923 116 61 hoc
1062 923 99 61 si
1112 923 165 61 certus
1227 923 149 61 esset
1326 923 132 61 quod
1409 923 116 61 non
1475 923 149 61 esset
1574 923 99 61 in
1623 923 99 61 eo
1673 923 215 61 pecctatum
1821 923 116 61 delen

136 971 143 62 dum:
225 971 268 62 nihilominus
440 971 143 62 inde
529 971 232 62 teneretur
708 971 232 62 confiteri
886 971 143 62 illa
976 971 214 62 peccata:
1136 971 89 62 &
1172 971 125 62 est
1243 971 107 62 ei
1297 971 268 62 sacramentum
1511 971 286 62 poenitentiae
1726 971 214 62 adhibendum

139 1021 85 56 &
173 1021 119 56 hoc
241 1021 186 56 propter
376 1021 153 56 solum
478 1021 203 56 statutum
631 1021 186 56 diuinum
766 1021 102 56 de
817 1021 237 56 confitendo
1004 1021 186 56 peccata
1139 1021 203 56 actualia
1292 1021 220 56 mortalia:
1461 1021 153 56 licet
1563 1021 119 56 non
1631 1021 220 56 iterantur
1800 1021 170 56 absque

143 1076 209 68 effectum,
304 1076 113 68 quo
368 1076 241 68 praesumitur
561 1076 209 68 poenitens
722 1076 209 68 indigere.
883 1076 113 68 Nec
948 1076 225 68 institutum
1125 1076 145 68 esset
1222 1076 225 68 iterabile.
1399 1076 129 68 Esto
1479 1076 129 68 enim
1560 1076 113 68 per
1624 1076 241 68 impossibile
1817 1076 129 68 quod
1882 1076 64 68 ni

135 1129 108 64 hil
196 1129 92 64 de
242 1129 139 64 poena
335 1129 185 64 restaret
474 1129 92 64 in
520 1129 169 64 debito:
643 1129 77 64 &
674 1129 123 64 quod
751 1129 139 64 etiam
843 1129 92 64 in
889 1129 123 64 vita
966 1129 123 64 ista
1044 1129 139 64 esset
1136 1129 92 64 in
1182 1129 123 64 tali
1259 1129 139 64 statu
1352 1129 123 64 quod
1429 1129 92 64 in
1475 1129 123 64 ipso
1552 1129 185 64 charitas
1691 1129 231 64 augmentanda
1860 1129 77 64 non

147 1185 156 55 esset:
257 1185 125 55 quod
335 1185 141 55 nullo
429 1185 125 55 modo
507 1185 203 55 possibile
663 1185 125 55 est:
742 1185 109 55 nec
804 1185 156 55 omnino
914 1185 266 55 praesumendum:
1133 1185 125 55 quod
1211 1185 141 55 etiam
1305 1185 109 55 nec
1367 1185 203 55 ecclesiae
1523 1185 297 55 reconciliandus:
1774 1185 141 55 tamen
1867 1185 94 55 in

136 1237 137 62 ipso
221 1237 120 62 per
290 1237 257 62 sacramentum
495 1237 291 62 reconciliatio
735 1237 257 62 custodienda
940 1237 137 62 est.
1025 1237 222 62 Similiter
1196 1237 103 62 ex
1248 1237 154 62 parte
1350 1237 222 62 baptismi:
1521 1237 103 62 si
1573 1237 137 62 quis
1658 1237 205 62 paruulus
1795 1237 137 62 circum

134 1299 149 58 cisus
234 1299 149 58 esset
333 1299 99 58 in
383 1299 133 58 fine
466 1299 199 58 temporis
615 1299 116 58 quo
681 1299 232 58 sacramenta
863 1299 182 58 veteris
996 1299 149 58 legis
1095 1299 199 58 habebant
1244 1299 232 58 efficaciam
1426 1299 149 58 suam:
1526 1299 83 58 &
1559 1299 116 58 per
1625 1299 298 58 circuncisionem
1874 1299 99 58 in

131 1345 140 62 ipso
219 1345 193 62 deletum
360 1345 193 62 fuisset
500 1345 211 62 peccatum
658 1345 246 62 originale:
851 1345 263 62 nihilominus
1062 1345 158 62 tamen
1167 1345 193 62 tempore
1307 1345 158 62 nouae
1413 1345 158 62 legis
1518 1345 263 62 sacramentum
1728 1345 211 62 baptismi
1869 1345 70 62 ei

133 1401 141 64 erat
222 1401 265 64 adhibendum:
433 1401 88 64 &
469 1401 124 64 hoc
539 1401 194 64 propter
681 1401 159 64 solum
787 1401 212 64 statutum
945 1401 194 64 diuinum
1087 1401 106 64 de
1140 1401 229 64 baptismo:
1316 1401 159 64 licet
1422 1401 124 64 non
1493 1401 141 64 fine
1581 1401 194 64 effectu
1722 1401 177 64 aliquo
1828 1401 106 64 prae

136 1450 244 60 dictorum.
324 1450 150 60 Vnde
417 1450 94 60 &
455 1450 169 60 Maria
567 1450 244 60 Magdalena
755 1450 112 60 si
811 1450 131 60 non
886 1450 150 60 fuit
979 1450 244 60 baptizata
1167 1450 187 60 quando
1298 1450 225 60 Christus
1467 1450 206 60 remisit
1616 1450 112 60 ei
1673 1450 169 60 omnia
1766 1450 169 60 peccata

133 1502 138 69 sua:
219 1502 173 69 debuit
340 1502 225 69 postmodum
514 1502 242 69 baptizari:
704 1502 156 69 etiam
808 1502 104 69 si
860 1502 104 69 se
912 1502 173 69 mundam
1033 1502 104 69 ab
1085 1502 138 69 omni
1171 1502 190 69 peccato
1310 1502 242 69 sciuisset.
1500 1502 156 69 Etiam
1604 1502 104 69 in
1656 1502 156 69 vtero
1743 1502 190 69 sanctifi-

136 1554 156 71 catus
239 1554 190 71 tempore
378 1554 156 71 legis
482 1554 190 71 Christi
620 1554 173 71 debuit
741 1554 242 71 baptizari.
931 1554 138 71 Vnde
1018 1554 156 71 loan.
1121 1554 207 71 baptista
1277 1554 104 71 in
1329 1554 156 71 vtero
1433 1554 294 71 sanctificatus
1675 1554 156 71 dixit
1761 1554 173 71 Christo.

137 1608 122 68 Ego
206 1608 87 68 a
241 1608 104 68 te
293 1608 156 68 debeo
397 1608 243 68 baptizari.
588 1608 139 68 Vnde
675 1608 104 68 ad
727 1608 174 68 formam
849 1608 243 68 argumenti,
1040 1608 87 68 &
1075 1608 104 68 ad
1127 1608 208 68 assumpta
1283 1608 104 68 in
1335 1608 156 68 ipso,
1440 1608 226 68 dicendum:
1613 1608 139 68 quod
1700 1608 156 68 illud
1787 1608 139 68 assum-

137 1674 163 60 ptum:
245 1674 163 60 Dicta
354 1674 253 60 sacramenta
553 1674 127 60 non
625 1674 235 60 conferunt
806 1674 199 60 gratiam
951 1674 163 60 neque
1059 1674 253 60 augmentant
1258 1674 145 60 nisi
1348 1674 108 60 in
1403 1674 181 60 ordine
1529 1674 108 60 ad
1583 1674 217 60 peccatum
1728 1674 199 60 delendum:

138 1718 200 67 duplicem
289 1718 150 67 habet
389 1718 267 67 intellectum,
606 1718 134 67 quia
689 1718 100 67 ly
739 1718 200 67 delendum
890 1718 167 67 potest
1007 1718 134 67 esse
1090 1718 250 67 participium
1290 1718 117 67 vel
1357 1718 150 67 nomen
1457 1718 200 67 verbale.
1608 1718 100 67 Si
1658 1718 117 67 sit
1708 1718 217 67 participium

134 1783 139 60 tunc
220 1783 225 60 exponitur
394 1783 121 60 per
463 1783 243 60 deletionem
654 1783 208 60 passiuam
810 1783 104 60 de
862 1783 173 60 futuro
983 1783 260 60 simpliciter
1192 1783 208 60 acceptam
1348 1783 121 60 sub
1417 1783 121 60 hoc
1486 1783 173 60 sensu.
1608 1783 104 60 In
1660 1783 173 60 ordine
1781 1783 104 60 ad
1816 1783 104 60 pec-

134 1825 170 69 ctatum
253 1825 221 69 delendum.
423 1825 102 69 i,
474 1825 136 69 quid
559 1825 221 69 delebitur
729 1825 119 69 per
797 1825 153 69 ipsum
899 1825 255 69 sacramentum
1103 1825 289 69 poenitentiae:
1341 1825 85 69 &
1375 1825 170 69 nondum
1494 1825 119 69 est
1562 1825 204 69 deletum.
1715 1825 85 69 &
1749 1825 119 69 sic
1800 1825 136 69 simpli

143 1880 146 53 citer
240 1880 114 53 est
305 1880 162 53 falsa.
419 1880 97 53 Si
467 1880 130 53 vero
549 1880 114 53 sit
613 1880 146 53 nomen
711 1880 195 53 verbale:
857 1880 130 53 tunc
938 1880 211 53 exponitur
1100 1880 114 53 per
1165 1880 211 53 passionem
1328 1880 227 53 deletionis
1506 1880 243 53 simpliciter
1701 1880 162 53 absque
1798 1880 130 53 tempo-

138 1932 119 69 ris
206 1932 306 69 determinatione
461 1932 119 69 sub
529 1932 187 69 ratione
664 1932 153 69 digni
766 1932 119 69 vel
834 1932 187 69 debiti,
970 1932 119 69 sub
1038 1932 119 69 hoc
1106 1932 170 69 sensu:
1225 1932 102 69 In
1276 1932 170 69 ordine
1395 1932 102 69 ad
1446 1932 204 69 peccatum
1598 1932 204 69 delendum
1751 1932 85 69 ,
1785 1932 102 69 i,
1836 1932 136 69 quid

137 1984 180 69 quantum
268 1984 115 69 est
333 1984 98 69 de
382 1984 98 69 se
431 1984 82 69 &
464 1984 164 69 natura
578 1984 115 69 sua
644 1984 245 69 simpliciter
840 1984 164 69 dignum
955 1984 115 69 vel
1020 1984 180 69 debitum
1151 1984 115 69 est
1216 1984 98 69 vt
1265 1984 115 69 per
1331 1984 147 69 ipsum
1429 1984 213 69 deleatur.
1592 1984 82 69 &
1625 1984 115 69 sic
1691 1984 115 69 est
1756 1984 147 69 vera.
1838 1984 98 69 Pec-

137 2042 152 64 catum
238 2042 135 64 enim
322 2042 219 64 originale
491 2042 185 64 quantum
626 2042 118 64 est
693 2042 101 64 de
743 2042 101 64 se
794 2042 84 64 &
828 2042 168 64 natura
945 2042 118 64 sua
1013 2042 168 64 dignum
1131 2042 84 64 &
1164 2042 185 64 debitum
1299 2042 118 64 est
1366 2042 168 64 deleri
1484 2042 118 64 per
1552 2042 236 64 baptismum:
1737 2042 135 64 etsi
1804 2042 135 64 nullum

141 2093 107 57 sit
202 2093 123 57 quod
279 2093 153 57 restat
386 2093 184 57 delendum
524 2093 307 57 participialiter.
784 2093 199 57 Similiter
938 2093 107 57 est
999 2093 92 57 de
1045 2093 169 57 veniali
1168 2093 184 57 respectu
1306 2093 215 57 vnctionis:
1474 2093 77 57 &
1505 2093 92 57 de
1551 2093 169 57 mortali
1673 2093 169 57 actuali
1781 2093 153 57 respectu

140 2150 291 63 poenitentiae.
379 2150 137 63 Vnde
465 2150 137 63 illa
550 2150 239 63 sacramenta
738 2150 120 63 non
807 2150 222 63 conferunt
978 2150 120 63 aut
1046 2150 239 63 augmentant
1234 2150 188 63 gratiam
1371 2150 137 63 nisi
1456 2150 103 63 in
1508 2150 171 63 ordine
1627 2150 103 63 ad
1679 2150 205 63 peccatum
1815 2150 120 63 delem

139 2202 121 64 dum
208 2202 276 64 nominaliter:
432 2202 138 64 quia
518 2202 121 64 non
587 2202 138 64 sunt
673 2202 293 64 principaliter
915 2202 224 64 instituta
1087 2202 103 64 ad
1139 2202 190 64 gratiam
1277 2202 259 64 conferendam
1484 2202 121 64 vel
1553 2202 293 64 augmentandam:
1794 2202 121 64 sed
1863 2202 103 64 ad

136 2255 197 64 peccati
279 2255 268 64 deletionem.
494 2255 89 64 &
530 2255 125 64 sic
601 2255 143 64 quod
691 2255 197 64 gratiam
834 2255 233 64 conferunt
1013 2255 125 64 vel
1085 2255 197 64 augent:
1228 2255 125 64 hoc
1300 2255 125 64 non
1371 2255 125 64 est
1443 2255 143 64 nisi
1532 2255 107 64 in
1586 2255 179 64 ordine
1711 2255 107 64 ad
1747 2255 179 64 peccatum

144 2312 250 60 simpliciter:
347 2312 109 60 sic
410 2312 125 60 quod
488 2312 94 60 si
534 2312 125 60 sit,
612 2312 172 60 deleant
737 2312 156 60 ipsum:
846 2312 78 60 &
878 2312 94 60 si
924 2312 109 60 non
987 2312 125 60 sit,
1065 2312 125 60 quod
1143 2312 187 60 delerent
1283 2312 140 60 ipsum
1377 2312 94 60 si
1424 2312 156 60 esset:
1533 2312 109 60 non
1595 2312 140 60 solum
1689 2312 140 60 autem
1783 2312 94 60 in
1814 2312 109 60 ordi-

135 2364 102 58 ne
186 2364 102 58 ad
237 2364 205 58 peccatum
391 2364 205 58 delendum
545 2364 342 58 participialiter:
835 2364 102 58 in
886 2364 120 58 quo
955 2364 154 58 sensu
1057 2364 154 58 falso
1160 2364 205 58 sequitur
1313 2364 222 58 conclusio
1484 2364 171 58 falsa:
1604 2364 120 58 non
1672 2364 154 58 autem
1774 2364 102 58 in
1808 2364 120 58 sensu

149 2415 147 62 vero:
247 2415 130 62 quia
328 2415 130 62 tunc
410 2415 163 62 aliter
524 2415 212 62 accipitur
687 2415 98 62 ly
736 2415 196 62 delendum
882 2415 98 62 in
931 2415 212 62 praemissa
1094 2415 147 62 vera:
1192 2415 82 62 &
1225 2415 163 62 aliter
1339 2415 98 62 in
1388 2415 245 62 conclusione
1584 2415 147 62 falsa
1681 2415 98 62 vt
1730 2415 163 62 dictum
1828 2415 98 62 est.

136 2466 85 68 &
170 2466 187 68 propter
306 2466 119 68 hoc
374 2466 119 68 non
442 2466 153 68 valet
544 2466 221 68 processus
715 2466 204 68 vlterior
868 2466 102 68 in
919 2466 289 68 argumentando.
1157 2466 136 68 Quid
1242 2466 153 68 autem
1344 2466 204 68 additur:
1498 2466 102 68 si
1549 2466 102 68 ex
1600 2466 255 68 confessione
1804 2466 85 68 &
1821 2466 102 68 abso

136 2516 182 65 lutione
269 2516 182 65 iterata
401 2516 182 65 habetur
533 2516 215 65 augmentum
699 2516 199 65 gratiae:
848 2516 116 65 hoc
914 2516 116 65 non
980 2516 116 65 est
1046 2516 99 65 ex
1096 2516 99 65 vi
1146 2516 232 65 sacramenti
1327 2516 314 65 sacramentaliter
1592 2516 215 65 adhibiti:
1758 2516 116 65 sed
1807 2516 116 65 solum

141 2577 102 64 ex
192 2577 170 64 merito
311 2577 289 64 humiliationis
549 2577 119 64 qua
617 2577 221 64 confitens
787 2577 255 64 recognoscit
991 2577 204 64 peccatum
1143 2577 136 64 suum
1228 2577 136 64 quod
1313 2577 153 64 fecit
1415 2577 102 64 vt
1466 2577 119 64 dei
1534 2577 255 64 offensiuum:
1738 2577 102 64 an
1789 2577 119 64 sic
1840 2577 85 64 sit

135 2633 100 65 an
185 2633 134 65 non,
269 2633 150 65 nihil
369 2633 167 65 omnino
486 2633 184 65 refert:
620 2633 117 65 dum
687 2633 234 65 concedatur
871 2633 134 65 quod
954 2633 217 65 confessio
1122 2633 150 65 semel
1222 2633 150 65 facta
1322 2633 134 65 vni,
1406 2633 184 65 iterari
1540 2633 167 65 possit
1657 2633 167 65 alteri
1774 2633 150 65 circa
1857 2633 67 65 ea

140 2681 119 62 dem
208 2681 204 62 peccata:
361 2681 85 62 &
395 2681 102 62 in
446 2681 136 62 casu
531 2681 170 62 nostro
650 2681 221 62 proposito
820 2681 187 62 iterari
956 2681 187 62 debeat.
1091 2681 119 62 Sed
1159 2681 102 62 in
1210 2681 119 62 hoc
1278 2681 187 62 dicendo
1414 2681 170 62 reuera
1533 2681 221 62 sollicite
1703 2681 204 62 cauendum
1839 2681 85 62 est

134 2736 211 69 periculum
296 2736 130 69 quod
377 2736 211 69 consistit
540 2736 97 69 in
588 2736 211 69 denegando
750 2736 227 69 sacramento
929 2736 227 69 efficaciam
1108 2736 130 69 quam
1189 2736 81 69 a
1221 2736 114 69 deo
1286 2736 97 69 in
1335 2736 114 69 sua
1400 2736 260 69 institutione
1611 2736 195 69 recepit:
1757 2736 114 69 vel
1822 2736 97 69 in
1854 2736 65 69 at

135 2804 212 51 tribuendo
297 2804 98 51 ei
346 2804 228 51 efficaciam
525 2804 130 51 quam
607 2804 114 51 non
672 2804 195 51 recepit.
818 2804 114 51 Sed
883 2804 98 51 vt
932 2804 130 51 mihi
1014 2804 179 51 videtur
1144 2804 98 51 in
1193 2804 146 51 dicto
1290 2804 130 51 illo
1372 2804 114 51 duo
1437 2804 260 51 implicantur:
1648 2804 130 51 quae
1730 2804 146 51 simul
1811 2804 114 51 stare

139 2847 114 66 non
204 2847 196 66 possunt:
351 2847 131 66 quod
433 2847 212 66 videlicet
596 2847 229 66 sacramento
776 2847 196 66 iteratio
923 2847 229 66 adhibetur,
1103 2847 82 66 &
1136 2847 131 66 fine
1217 2847 180 66 effectu
1348 2847 278 66 sacramentali:
1577 2847 131 66 quia
1659 2847 196 66 secundum
1789 2847 131 66 dictum

136 2899 159 68 illud:
248 2899 96 68 si
296 2899 191 68 effectus
439 2899 175 68 aliquis
567 2899 175 68 gratiae
694 2899 96 68 ex
742 2899 128 68 eius
822 2899 239 68 adhibitione
1013 2899 287 68 consequeretur:
1252 2899 128 68 ille
1332 2899 271 68 consequeretur
1555 2899 175 68 ratione
1683 2899 159 68 operis
1778 2899 144 68 operan-

138 2954 107 64 tis
199 2954 183 64 scilicet
336 2954 92 64 ex
382 2954 199 64 deuotione
535 2954 76 64 &
565 2954 244 64 humiliatione
764 2954 122 64 eius
840 2954 107 64 cui
902 2954 244 64 adhiberetur:
1100 2954 107 64 non
1161 2954 137 64 autem
1253 2954 168 64 ratione
1375 2954 153 64 operis
1482 2954 183 64 operati.
1619 2954 92 64 Et
1665 2954 107 64 sic
1726 2954 92 64 in
1772 2954 122 64 tali
1849 2954 107 64 ad-

140 3005 217 65 hibitione
307 3005 233 65 sacramenti
490 3005 150 65 nouae
590 3005 150 65 legis
690 3005 150 65 nulla
790 3005 150 65 esset
890 3005 267 65 praerogatiua
1107 3005 150 65 super
1207 3005 267 65 exhibitionem
1424 3005 117 65 suo
1491 3005 183 65 tempore
1624 3005 283 65 sacramentorum
1841 3005 83 65 ve-

139 3070 146 51 teris
236 3070 162 51 legis:
350 3070 81 51 &
382 3070 114 51 non
447 3070 211 51 efficeret
610 3070 97 51 in
658 3070 130 51 tali
740 3070 244 51 adhibitione
934 3070 130 51 quod
1016 3070 195 51 figurat:
1162 3070 146 51 sicut
1259 3070 146 51 neque
1357 3070 244 51 efficiebant
1552 3070 227 51 sacramenta
1730 3070 179 51 veteris
1844 3070 81 51 le-

151 3106 108 76 gis
212 3106 170 76 praeter
336 3106 294 76 circuncisionem:
584 3106 77 76 &
614 3106 139 76 esset
707 3106 155 76 debile
816 3106 217 76 elementum,
986 3106 139 76 sicut
1078 3106 139 76 erant
1171 3106 217 76 sacramenta
1341 3106 186 76 legalia.
1481 3106 124 76 Quae
1558 3106 139 76 omnia
1651 3106 93 76 vt
1697 3106 170 76 videtur
1805 3106 124 76 multum

142 3173 176 82 vergunt
270 3173 96 82 in
318 3173 192 82 iniuriam
462 3173 224 82 sacramenti
637 3173 144 82 nouae
733 3173 160 82 legis:
845 3173 80 82 &
877 3173 144 82 etiam
973 3173 96 82 in
1021 3173 224 82 falsitatem
1197 3173 144 82 eius.
1293 3173 112 82 Cum
1357 3173 128 82 enim
1437 3173 224 82 sacramenta
1612 3173 176 82 legalia
1740 3173 224 82 figurabant
