2422 3743
153 273 242 74 erroneum.
340 273 168 74 Verum
451 273 149 74 est:
545 273 130 74 dum
619 273 168 74 tamen
731 273 168 74 illud
843 273 186 74 dictum
973 273 130 74 non
1047 273 130 74 sit
1122 273 112 74 de
1178 273 168 74 illis
1290 273 149 74 quae
1383 273 242 74 pertinent
1569 273 112 74 ad
1625 273 242 74 veritatem
1792 273 168 74 opportu

167 343 113 57 nam
231 343 97 57 ad
280 343 210 57 dicendum:
441 343 145 57 vitae
538 343 210 57 scilicet,
700 343 226 57 iustitiae,
878 343 113 57 aut
942 343 226 57 doctrinae.
1120 343 97 57 Si
1168 343 129 57 vero
1249 343 113 57 sit
1314 343 97 57 de
1362 343 145 57 illis
1459 343 129 57 quae
1540 343 210 57 pertinent
1702 343 97 57 ad
1750 343 178 57 aliquam
1879 343 113 57 ha-

156 397 129 60 rum
229 397 257 60 veritatum:
431 397 166 60 illud
542 397 184 60 dicere
671 397 129 60 non
744 397 129 60 est
818 397 239 60 erroneum,
1002 397 166 60 neque
1112 397 129 60 quo
1186 397 110 60 ad
1241 397 129 60 rem
1314 397 202 60 dictam:
1461 397 166 60 neque
1572 397 129 60 quo
1645 397 110 60 ad
1701 397 166 60 actum
1792 397 166 60 dicendi

168 448 173 60 Dictum
289 448 155 60 autem
392 448 155 60 istud
496 448 104 60 de
547 448 121 60 quo
616 448 121 60 est
685 448 224 60 quaestio,
858 448 207 60 pertinet
1013 448 104 60 ad
1065 448 224 60 veritatem
1238 448 173 60 vitae:
1358 448 138 60 quia
1445 448 104 60 vt
1496 448 155 60 supra
1600 448 173 60 dictum
1721 448 138 60 est:
1807 448 138 60 ipsa
1876 448 69 60 de

166 503 140 57 illo
253 503 105 57 in
305 503 122 57 quo
375 503 227 57 consistit
550 503 227 57 periculum
725 503 227 57 animarum:
900 503 87 57 &
935 503 122 57 est
1005 503 140 57 nunc
1092 503 210 57 temporis
1250 503 280 57 opportunitas
1477 503 105 57 ad
1529 503 227 57 dicendum:
1704 503 105 57 eo
1757 503 140 57 quod
1827 503 122 57 habet

162 559 173 62 fortes
283 559 328 62 contradictores.
559 559 104 62 AD
611 559 207 62 quartum:
766 559 138 62 quod
853 559 259 62 sacramentum
1060 559 276 62 poenitentiae
1285 559 242 62 efficaciam
1475 559 155 62 habet
1578 559 86 62 a
1613 559 138 62 solo
1699 559 207 62 Christo:
1855 559 121 62 non

157 609 148 68 autem
255 609 98 68 ab
304 609 131 68 vllo
386 609 164 68 homine
501 609 246 68 instituente
698 609 115 68 &c.
763 609 197 68 Dicendum
911 609 131 68 quod
993 609 148 68 verum
1091 609 115 68 est
1157 609 115 68 tam
1222 609 98 68 in
1272 609 230 68 principali
1452 609 131 68 eius
1534 609 180 68 effectu
1665 609 131 68 quam
1747 609 98 68 in
1780 609 164 68 secunda-

156 665 140 70 rio:
243 665 122 70 nec
313 665 210 70 iteratio
470 665 140 70 eius
558 665 192 70 propter
698 665 245 70 institutum
890 665 157 70 papae
995 665 122 70 dat
1065 665 105 70 ei
1117 665 157 70 nouam
1222 665 245 70 efficaciam
1414 665 105 70 vt
1467 665 210 70 supponit
1624 665 262 70 argumentum.
1817 665 122 70 Habet

151 719 163 55 tamen
259 719 108 55 vt
313 719 181 55 dictum
440 719 126 55 est
512 719 163 55 nouum
621 719 235 55 effectum:
801 719 126 55 sed
873 719 90 55 a
910 719 144 55 solo
1000 719 217 55 Christo.
1162 719 90 55 &
1198 719 163 55 multo
1307 719 163 55 aliud
1415 719 90 55 &
1451 719 163 55 aliud
1560 719 126 55 est
1632 719 181 55 dicere
1758 719 181 55 habere
1867 719 72 55 no

155 772 133 58 uam
231 772 266 58 efficaciam
440 772 114 58 de
497 772 133 58 qua
573 772 228 58 procedit
745 772 285 58 argumentum:
973 772 95 58 &
1011 772 190 58 habere
1144 772 171 58 nouum
1258 772 228 58 effectum
1429 772 190 58 contra
1563 772 152 58 quem
1658 772 228 58 intendit
1810 772 133 58 proce

157 826 156 67 dere.
261 826 104 67 AD
313 826 190 67 quintum
451 826 139 67 quod
538 826 139 67 nemo
624 826 173 67 potest
745 826 208 67 obligari
901 826 104 67 ad
953 826 260 67 confitendum
1161 826 139 67 quod
1247 826 121 67 non
1317 826 139 67 est:
1403 826 208 67 Dicendum
1559 826 139 67 quod
1646 826 121 67 non
1715 826 225 67 obligatur
1871 826 69 67 ho

153 878 109 60 mo
207 878 109 60 ad
262 878 273 60 confitendum
481 878 200 60 peccata
626 878 146 60 quae
717 878 128 60 iam
790 878 146 60 actu
881 878 164 60 habet
991 878 109 60 in
1045 878 200 60 macula:
1191 878 128 60 sed
1264 878 146 60 quae
1355 878 128 60 iam
1428 878 219 60 hactenus
1592 878 237 60 habuerit,
1774 878 91 60 &
1792 878 146 60 manent

166 939 122 57 per
235 939 209 57 memoriam
392 939 104 57 in
444 939 278 57 conscientia.
670 939 122 57 Nam
740 939 139 57 vere
827 939 226 57 contritus
1001 939 157 57 coram
1105 939 139 57 deo,
1192 939 157 57 prius
1296 939 139 57 quam
1383 939 174 57 alicui
1505 939 226 57 confessus
1679 939 139 57 est:
1766 939 122 57 non
1818 939 122 57 habet

160 984 109 58 in
214 984 109 58 se
269 984 218 58 maculam:
433 984 145 58 quia
524 984 127 58 per
596 984 291 58 contritionem
833 984 91 58 &
869 984 255 58 propositum
1069 984 255 58 confitendi
1269 984 182 58 deleta
1396 984 145 58 est:
1487 984 91 58 &
1524 984 164 58 tamen
1633 984 182 58 clarum
1760 984 127 58 est
1833 984 145 58 quod

156 1043 132 64 illa
238 1043 181 64 peccata
370 1043 132 64 quae
452 1043 115 64 non
518 1043 148 64 sunt,
617 1043 181 64 tenetur
749 1043 231 64 confiteri.
930 1043 264 64 Consimiliter
1145 1043 82 64 &
1178 1043 198 64 confessi
1326 1043 231 64 religiosis
1507 1043 148 64 licet
1606 1043 115 64 non
1672 1043 181 64 habeant
1788 1043 148 64 maculam

162 1093 220 70 peccati:
327 1093 147 70 quia
418 1093 128 70 per
491 1093 293 70 absolutionem
730 1093 92 70 &
766 1093 257 70 propositum
968 1093 257 70 confitendi
1169 1093 147 70 illa
1261 1093 165 70 eadem
1371 1093 128 70 suo
1444 1093 202 70 proprio
1591 1093 238 70 sacerdoti
1774 1093 202 70 deletum

159 1150 141 66 est:
247 1150 264 66 nihilominus
458 1150 158 66 tamen
564 1150 211 66 tenentur
722 1150 158 66 eadem
827 1150 193 66 iterato
968 1150 228 66 confiteri
1143 1150 123 66 suo
1214 1150 193 66 proprio
1354 1150 246 66 sacerdoti.
1547 1150 141 66 Vnde
1635 1150 158 66 sicut
1741 1150 105 66 in
1776 1150 158 66 contri-

154 1203 156 62 tione
258 1203 277 62 quantacumque
483 1203 156 62 esset
587 1203 121 62 non
656 1203 242 62 delerentur
846 1203 208 62 peccata:
1002 1203 139 62 nisi
1089 1203 156 62 simul
1193 1203 190 62 adesset
1331 1203 242 62 propositum
1521 1203 242 62 confitendi
1712 1203 104 62 ea
1747 1203 190 62 sacerdoti

148 1253 193 74 tempore
289 1253 246 74 opportuno:
482 1253 123 74 ita
552 1253 140 74 quod
640 1253 105 74 si
693 1253 140 74 ante
780 1253 281 74 confessionem
1009 1253 228 74 resiliret
1184 1253 88 74 a
1219 1253 228 74 proposito
1395 1253 263 74 confitendi:
1605 1253 193 74 grauius
1746 1253 176 74 crimen
1851 1253 88 74 com

153 1319 189 60 mitteret
295 1319 126 60 quam
374 1319 142 60 erant
469 1319 173 60 peccata
595 1319 142 60 prius
689 1319 173 60 deleta:
815 1319 110 60 sic
879 1319 95 60 in
926 1319 237 60 confessione
1115 1319 142 60 facta
1210 1319 221 60 religiosis
1383 1319 95 60 ex
1430 1319 158 60 gratia
1541 1319 142 60 dicti
1635 1319 237 60 priuilegii,
1825 1319 142 60 quan-

155 1366 223 64 tumcunque
326 1366 154 64 esset
429 1366 223 64 perfecta:
600 1366 120 64 non
669 1366 240 64 delerentur
857 1366 188 64 peccata
994 1366 103 64 in
1045 1366 274 64 absolutione,
1268 1366 137 64 nisi
1354 1366 154 64 simul
1456 1366 188 64 adesset
1593 1366 240 64 propositum
1765 1366 171 64 confitem

150 1414 97 63 di
198 1414 129 63 illa
279 1414 161 63 iterum
391 1414 113 63 suo
456 1414 177 63 proprio
585 1414 225 63 sacerdoti:
762 1414 113 63 nec
826 1414 145 63 esset
923 1414 129 63 vere
1003 1414 225 63 poenitens:
1180 1414 145 63 sicut
1277 1414 113 63 nec
1341 1414 129 63 ille
1422 1414 145 63 esset
1518 1414 129 63 vere
1599 1414 225 63 contritus:
1776 1414 113 63 ita
1840 1414 129 63 quod

146 1471 105 67 si
199 1471 140 67 ante
287 1471 210 67 iteratam
444 1471 280 67 confessionem
672 1471 228 67 confessus
847 1471 158 67 semel
952 1471 228 67 resiliret
1127 1471 88 67 a
1162 1471 228 67 proposito
1337 1471 245 67 confitendi
1530 1471 193 67 iterum:
1670 1471 193 67 grauius
1793 1471 140 67 crimen

157 1527 258 66 committeret
363 1527 137 66 quam
449 1527 155 66 erant
552 1527 189 66 peccata
689 1527 155 66 prius
792 1527 189 66 deleta.
930 1527 189 66 Propter
1067 1527 137 66 quid
1153 1527 189 66 dominus
1290 1527 206 66 Martinus
1445 1527 137 66 papa
1531 1527 103 66 ne
1582 1527 206 66 confessi
1737 1527 172 66 dictis
1840 1527 103 66 reli

156 1590 173 59 giosis
277 1590 139 59 tale
363 1590 225 59 discrimen
537 1590 242 59 incurrant:
727 1590 225 59 praecipit
900 1590 156 59 illis
1004 1590 242 59 religiosis
1195 1590 104 59 vt
1246 1590 242 59 diligenter
1437 1590 87 59 &
1472 1590 260 59 efficaciter
1679 1590 208 59 secundum
1818 1590 121 59 datam

151 1631 131 68 eis
226 1631 94 68 a
264 1631 188 68 domino
395 1631 206 68 gratiam
545 1631 131 68 eos
620 1631 113 68 ad
677 1631 131 68 hoc
752 1631 300 68 exhortentur.
996 1631 113 68 AD
1052 1631 206 68 sextum:
1202 1631 150 68 quod
1296 1631 150 68 papa
1390 1631 131 68 qui
1465 1631 169 68 habet
1577 1631 169 68 omnia
1690 1631 150 68 iura
1784 1631 113 68 in
1821 1631 113 68 scri

155 1684 117 68 nio
222 1684 201 68 pectoris
373 1684 134 68 sui,
457 1684 117 68 ius
524 1684 234 68 absoluendi
708 1684 84 68 &
741 1684 268 68 confessiones
959 1684 201 68 audiendi
1110 1684 184 68 illorum
1244 1684 117 68 qui
1311 1684 184 68 vellent
1444 1684 167 68 venire
1562 1684 100 68 ad
1612 1684 134 68 eos,
1696 1684 134 68 quid
1779 1684 184 68 debeba-

152 1731 118 68 tur
219 1731 269 68 sacerdotibus
438 1731 202 68 curatis,
589 1731 202 68 contulit
740 1731 168 68 dictis
858 1731 252 68 religiosis:
1059 1731 134 68 ergo
1143 1731 202 68 abstulit
1295 1731 151 68 illud
1395 1731 286 68 sacerdotibus:
1631 1731 202 68 Dicendum
1782 1731 134 68 quod
1849 1731 84 68 mul

156 1792 114 57 tum
221 1792 163 57 refert
335 1792 98 57 de
384 1792 131 57 iure
466 1792 131 57 quid
547 1792 179 57 habetur
678 1792 98 57 in
727 1792 98 57 re
776 1792 228 57 temporali:
955 1792 82 57 &
988 1792 131 57 quid
1069 1792 179 57 habetur
1200 1792 98 57 in
1249 1792 98 57 re
1298 1792 245 57 spirituali.
1494 1792 98 57 De
1542 1792 131 57 illo
1624 1792 131 57 quod
1706 1792 179 57 habetur
1836 1792 98 57 in
1869 1792 65 57 re

148 1847 252 64 corporali:
346 1847 144 64 quia
436 1847 126 64 non
508 1847 180 64 potest
635 1847 180 64 haberi
761 1847 162 64 simul
869 1847 90 64 a
905 1847 216 64 pluribus
1067 1847 108 64 in
1121 1847 216 64 solidum,
1283 1847 162 64 verum
1391 1847 126 64 est
1463 1847 144 64 quod
1554 1847 180 64 quando
1680 1847 234 64 confertur
1842 1847 90 64 vni

153 1909 206 58 aufertur
307 1909 103 58 ab
358 1909 154 58 alio,
461 1909 103 58 vt
513 1909 171 58 dictum
632 1909 120 58 est
701 1909 154 58 supra
804 1909 103 58 de
855 1909 188 58 decimis
992 1909 223 58 noualium.
1163 1909 103 58 De
1215 1909 137 58 illo
1300 1909 137 58 vero
1386 1909 137 58 quod
1472 1909 188 58 habetur
1609 1909 103 58 in
1660 1909 103 58 re
1711 1909 257 58 spirituali:

161 1950 140 71 quia
249 1950 140 71 illa
337 1950 175 71 potest
459 1950 88 71 a
495 1950 210 71 pluribus
652 1950 158 71 simul
757 1950 228 71 possideri
933 1950 105 71 in
985 1950 210 71 solidum:
1143 1950 123 71 non
1213 1950 123 71 est
1283 1950 158 71 verum
1389 1950 140 71 quod
1476 1950 123 71 ius
1546 1950 105 71 in
1599 1950 140 71 illa
1687 1950 228 71 concessum
1844 1950 88 71 vni

149 2014 223 58 aufertur
316 2014 204 58 alteri:
465 2014 148 58 immo
558 2014 167 58 manet
669 2014 204 58 integre
818 2014 148 58 apud
910 2014 241 58 vtrosque.
1096 2014 148 58 tale
1189 2014 186 58 omnino
1319 2014 130 58 est
1393 2014 130 58 ius
1467 2014 111 58 de
1523 2014 223 58 audiendo
1671 2014 260 58 confessiones

151 2061 89 71 &
187 2061 267 71 absoluendo.
400 2061 142 71 Quod
489 2061 213 71 arguitur
649 2061 107 71 in
702 2061 249 71 oppositum:
897 2061 142 71 quod
986 2061 124 71 non
1057 2061 124 71 est
1128 2061 213 71 erroneum
1288 2061 178 71 teneri
1413 2061 107 71 ex
1466 2061 231 71 praecepto
1644 2061 160 71 papae
1750 2061 107 71 ad
1804 2061 160 71 illud

157 2112 138 72 quid
243 2112 155 72 alias
346 2112 121 72 est
415 2112 207 72 licitum:
571 2112 207 72 Dicendum
726 2112 138 72 quod
812 2112 155 72 verum
916 2112 138 72 est:
1002 2112 121 72 dum
1071 2112 155 72 tamen
1174 2112 172 72 subsit
1295 2112 155 72 causa
1398 2112 138 72 siue
1485 2112 155 72 ratio
1588 2112 207 72 secundum
1726 2112 207 72 praedicta.

154 2167 169 58 alias
267 2167 169 58 autem
380 2167 151 58 bene
474 2167 188 58 posset
606 2167 151 58 esse
681 2167 207 58 erroneum.

499 2216 142 66 Irca
588 2216 212 66 secundum
747 2216 212 66 arguitur
906 2216 142 66 quod
995 2216 106 66 ex
1048 2216 265 66 concessione
1260 2216 124 66 per
1331 2216 265 66 priuilegium
1543 2216 106 66 de
1596 2216 248 66 absoluendo
1791 2216 88 66 a
1808 2216 124 66 pecca

501 2276 121 60 tis
570 2276 276 60 simpliciter,
794 2276 242 60 concedatur
984 2276 207 60 potestas
1139 2276 242 60 absoluendi
1329 2276 86 60 a
1364 2276 224 60 maioribus
1536 2276 259 60 criminibus:
1743 2276 138 60 puta
1829 2276 138 60 quae

501 2330 128 55 sunt
581 2330 207 55 reseruata
740 2330 223 55 episcopis.
916 2330 144 55 Primo
1012 2330 128 55 sic.
1091 2330 112 55 Qui
1155 2330 239 55 simpliciter
1347 2330 191 55 concedit
1490 2330 80 55 &
1522 2330 144 55 nihil
1618 2330 191 55 excipit:
1761 2330 144 55 totum
1857 2330 112 55 in-

498 2384 194 55 cludit:
640 2384 159 55 quare
746 2384 124 55 cum
816 2384 124 55 per
887 2384 265 55 priuilegium
1099 2384 265 55 simpliciter
1311 2384 247 55 concedatur
1505 2384 247 55 religiosis
1699 2384 212 55 potestas
1841 2384 88 55 ab-

487 2439 211 54 soluendi
646 2439 88 54 a
681 2439 229 54 peccatis:
857 2439 88 54 &
892 2439 211 54 audiendi
1051 2439 282 54 confessionem
1280 2439 194 54 illorum
1420 2439 88 54 &
1456 2439 176 54 nuilum
1579 2439 211 54 peccatum
1720 2439 211 54 excipitur:

452 2489 117 69 sed
519 2489 217 69 quodlibet
686 2489 150 69 genus
786 2489 183 69 peccati
919 2489 250 69 includitur.
1119 2489 133 69 ergo
1202 2489 117 69 &c.
1269 2489 183 69 Secundo
1402 2489 133 69 sic:
1485 2489 133 69 quid
1569 2489 117 69 non
1635 2489 117 69 est
1702 2489 233 69 prohibitum
1868 2489 67 69 vi

154 2545 168 53 detur
266 2545 150 53 esse
360 2545 262 53 concessum.
566 2545 206 53 dominus
715 2545 224 53 Martinus
883 2545 112 53 in
939 2545 168 53 dando
1052 2545 243 53 fratribus
1238 2545 280 53 simpliciter
1463 2545 262 53 potestatem
1668 2545 224 53 audiendi
1818 2545 112 53 con-

152 2594 228 73 fessiones
328 2594 246 73 peccatorum
521 2594 123 73 non
591 2594 228 73 prohibuit
767 2594 123 73 eis
837 2594 158 73 casus
942 2594 281 73 episcopales.
1170 2594 140 73 ergo
1258 2594 123 73 &c.
1328 2594 176 73 Tertio
1451 2594 140 73 sic.
1539 2594 140 73 Idem
1627 2594 105 73 in
1679 2594 158 73 eodem
1767 2594 158 73 priuile

154 2652 127 68 gio
226 2652 217 68 concedit
389 2652 127 68 eis
462 2652 181 68 plenam
589 2652 254 68 potestatem
788 2652 217 68 audiendi
951 2652 290 68 confessiones
1186 2652 91 68 &
1223 2652 272 68 absoluendi.
1440 2652 127 68 sed
1512 2652 127 68 non
1585 2652 127 68 est
1657 2652 163 68 plena
1748 2652 181 68 potestas

155 2718 144 55 quae
245 2718 108 55 se
299 2718 216 55 extendit
461 2718 108 55 ad
515 2718 180 55 aliqua
642 2718 198 55 peccata
786 2718 90 55 &
822 2718 108 55 ad
876 2718 180 55 aliqua
1002 2718 144 55 non.
1092 2718 144 55 ergo
1182 2718 126 55 &c.
1254 2718 198 55 CONtra.
1398 2718 252 55 rescriptum
1597 2718 108 55 de
1651 2718 234 55 beneficii
1813 2718 126 55 colla

154 2762 155 66 tione
257 2762 275 66 simpliciter,
480 2762 120 66 non
549 2762 172 66 potest
669 2762 189 66 extendi
807 2762 103 66 ad
858 2762 258 66 dignitates,
1064 2762 137 66 siue
1150 2762 103 66 ad
1202 2762 223 66 beneficia
1373 2762 172 66 quibus
1494 2762 240 66 dignitates
1683 2762 137 66 sunt
1751 2762 172 66 annexae:

157 2813 102 62 vt
208 2813 170 62 extra.
327 2813 102 62 de
378 2813 204 62 praeben.
531 2813 102 62 c.
582 2813 136 62 vlt.
667 2813 136 62 ergo
752 2813 119 62 nec
820 2813 204 62 potestas
973 2813 204 62 concessa
1127 2813 153 62 super
1229 2813 187 62 peccata
1365 2813 255 62 simpliciter
1569 2813 136 62 vllo
1654 2813 136 62 modo
1739 2813 170 62 potest
1841 2813 85 62 ex-

154 2874 158 61 tendi
260 2874 106 61 ad
313 2874 176 61 maiora
436 2874 193 61 crimina
577 2874 229 61 episcopis
752 2874 246 61 reseruata.
946 2874 106 61 AD
999 2874 158 61 istam
1104 2874 264 61 quaestionem
1315 2874 229 61 respondet
1491 2874 193 61 dominus
1632 2874 193 61 Clemens
1773 2874 141 61 papa
1861 2874 106 61 in

159 2918 206 70 rescripto
317 2918 174 70 quodam:
444 2918 95 70 in
491 2918 111 70 quo
554 2918 142 70 dicit
649 2918 126 70 sic:
728 2918 174 70 loquens
855 2918 95 70 ad
902 2918 174 70 fratres
1029 2918 285 70 praedicatores.
1266 2918 158 70 Libere
1377 2918 221 70 praedicare
1551 2918 206 70 potestis:
1709 2918 158 70 audire
1804 2918 126 70 confes

153 2979 183 58 siones:
286 2979 216 58 absoluere
452 2979 149 58 vobis
552 2979 266 58 confitentes:
768 2979 100 58 ac
818 2979 266 58 poenitentias
1033 2979 149 58 vobis
1133 2979 282 58 confitentibus
1365 2979 216 58 iniungere
1532 2979 232 58 salutares:
1714 2979 183 58 aliorum
1830 2979 100 58 infe

154 3031 157 62 riorum
264 3031 236 62 praelatorum
453 3031 79 62 &
484 3031 189 62 rectorum
626 3031 236 62 ecclesiarum
814 3031 94 62 ac
861 3031 220 62 sacerdotum
1034 3031 251 62 parochialium
1239 3031 173 62 assensu
1364 3031 220 62 nullatenus
1537 3031 220 62 requisito:
1710 3031 141 62 illis
1789 3031 141 62 casibus

159 3080 196 67 exceptis
306 3080 115 67 qui
371 3080 98 67 de
421 3080 147 67 iuris
519 3080 262 67 consuetudine
732 3080 115 67 aut
797 3080 229 67 retentione
977 3080 98 67 ab
1026 3080 115 67 eis
1092 3080 246 67 specialiter
1288 3080 147 67 facta
1386 3080 147 67 sedi,
1485 3080 180 67 legatis
1616 3080 82 67 &
1648 3080 229 67 ordinariis
1812 3080 131 67 praedi

150 3137 138 77 ctis
236 3137 259 77 specialiter
444 3137 294 77 relinquuntur:
686 3137 104 77 ad
738 3137 138 77 quos
824 3137 121 77 non
893 3137 156 77 licet
997 3137 156 77 vobis
1101 3137 156 77 manus
1205 3137 242 77 extendere:
1395 3137 138 77 nisi
1481 3137 156 77 vobis
1585 3137 259 77 specialiter
1775 3137 156 77 conmit
