2429 3721
490 286 219 79 corrupta:
658 286 135 79 quod
742 286 118 79 est
810 286 269 79 impossibile.
1028 286 168 79 Dictum
1146 286 151 79 etiam
1247 286 151 79 illud
1348 286 101 79 in
1398 286 151 79 aliis
1499 286 219 79 hominibus
1668 286 118 79 non
1735 286 185 79 videtur
1869 286 252 79 conueniens:
2071 286 151 79 neque
2155 286 118 79 etiam

489 370 235 57 simpliciter
677 370 188 57 secundum
818 370 110 57 se:
881 370 125 57 quia
959 370 157 57 quando
1069 370 110 57 duo
1132 370 94 57 se
1179 370 157 57 habent
1288 370 141 57 sicut
1383 370 235 57 incompletum
1571 370 78 57 &
1602 370 219 57 completum:
1774 370 266 57 dispositiones
1994 370 125 57 quae
2072 370 125 57 sunt
2135 370 125 57 conue-

484 425 177 55 nientes
613 425 226 55 inductioni
790 425 258 55 complementi,
999 425 145 55 nullo
1096 425 129 55 modo
1177 425 177 55 possunt
1306 425 129 55 esse
1386 425 226 55 contrariae
1563 425 81 55 &
1595 425 242 55 repugnantes
1789 425 242 55 incompleto.
1982 425 161 55 aliter
2095 425 129 55 enim
2175 425 113 55 in-

483 466 194 61 completo
628 466 227 61 repugnaret
806 466 129 61 suum
887 466 275 61 complementum:
1114 466 81 61 &
1146 466 146 61 esset
1243 466 291 61 incompossibile
1486 466 146 61 ipsum
1583 466 194 61 deuenire
1729 466 97 61 ad
1777 466 162 61 illud:
1891 466 129 61 quid
1972 466 113 61 est
2020 466 243 61 inconveniens.

483 525 137 59 ITEM
568 525 137 59 alia
654 525 188 59 ratione
791 525 120 59 non
859 525 188 59 videtur
996 525 171 59 dictum
1116 525 154 59 illud
1218 525 103 59 in
1270 525 103 59 se
1321 525 257 59 conveniens:
1526 525 137 59 quia
1612 525 171 59 natura
1732 525 120 59 non
1800 525 137 59 agit
1886 525 257 59 dispositiue
2091 525 103 59 ad
2125 525 137 59 formae

490 576 151 70 vnius
591 576 269 70 corruptionem
809 576 134 70 nisi
893 576 235 70 disponendo
1078 576 202 70 materiam
1229 576 101 70 ad
1280 576 202 70 alterius
1431 576 168 70 formae
1549 576 134 70 quam
1633 576 134 70 nata
1717 576 118 70 est
1784 576 218 70 producere
1952 576 269 70 inductionem,
2170 576 101 70 vt
2204 576 67 70 di

484 623 154 70 ximus
587 623 103 70 in
638 623 137 70 alio
724 623 223 70 Quolibet.
895 623 103 70 Et
946 623 120 70 sic
1015 623 120 70 nec
1083 623 120 70 est
1152 623 206 70 dicendum
1306 623 137 70 quod
1392 623 171 70 natura
1511 623 154 70 prius
1614 623 188 70 generet
1751 623 154 70 talem
1854 623 171 70 formam
1974 623 308 70 corporeitatis:
2214 623 51 70 &

489 691 159 60 postea
600 691 111 60 eam
664 691 207 60 corrumpat
823 691 159 60 nullam
934 691 143 60 aliam
1029 691 238 60 producendo:
1220 691 143 60 sicut
1315 691 143 60 neque
1411 691 143 60 etiam
1506 691 127 60 quod
1586 691 207 60 corrumpat
1745 691 159 60 formam
1856 691 222 60 embryonis,
2031 691 111 60 per
2094 691 111 60 hoc
2142 691 127 60 dispo-

493 738 149 66 nendo
593 738 199 66 materiam
742 738 99 66 ad
792 738 149 66 talis
891 738 282 66 corporeitatis
1123 738 182 66 humanae
1256 738 265 66 productionem
1471 738 133 66 quam
1554 738 116 66 non
1621 738 215 66 producat:
1786 738 116 66 sed
1853 738 133 66 vice
1935 738 133 66 eius
2018 738 182 66 creator
2134 738 133 66 animam

489 797 232 60 rationalem
672 797 216 60 infundit:
838 797 133 60 quae
921 797 199 60 materiae
1070 797 116 60 dat
1137 797 133 60 esse
1220 797 282 60 corporeitatis
1452 797 183 60 humanae
1585 797 232 60 perfectum:
1767 797 133 60 quod
1850 797 133 60 illa
1933 797 149 60 forma
2033 797 133 60 etsi
2099 797 166 60 producta

482 841 200 70 fuisset:
633 841 134 70 dare
716 841 117 70 non
783 841 234 70 potuisset.
967 841 117 70 Sed
1034 841 117 70 est
1100 841 217 70 dicendum:
1268 841 134 70 quod
1351 841 167 70 natura
1468 841 150 70 prius
1568 841 251 70 naturaliter
1769 841 84 70 &
1802 841 150 70 simul
1902 841 217 70 duratione
2070 841 200 70 producit
2203 841 67 70 il

495 892 108 68 lam
556 892 155 68 formam
665 892 108 68 qua
727 892 170 68 materia
851 892 93 68 vt
897 892 170 68 aliquid
1021 892 232 68 incompletum
1207 892 217 68 disponitur
1378 892 93 68 ad
1424 892 155 68 animam
1532 892 93 68 vt
1579 892 93 68 ad
1625 892 263 68 complementum:
1842 892 124 68 quam
1920 892 124 68 deus
1997 892 170 68 creando
2121 892 139 68 illam
2214 892 93 68 in

483 950 201 68 fundit.
629 950 146 68 Vnde
721 950 110 68 de
775 950 329 68 ecclesiasticis
1050 950 274 68 dogmatibus.
1270 950 201 68 Dicimus
1416 950 183 68 corpus
1544 950 238 68 coagulari
1727 950 110 68 in
1782 950 165 68 vulua
1892 950 91 68 &
1928 950 220 68 compingi
2093 950 165 68 atque
2185 950 91 68 for

492 1017 165 50 mari:
602 1017 110 50 ac
657 1017 201 50 formato
803 1017 128 50 iam
876 1017 201 50 corpore
1023 1017 183 50 animam
1151 1017 183 50 creari
1279 1017 92 50 &
1316 1017 220 50 infundi,
1481 1017 110 50 vt
1536 1017 165 50 viuat
1645 1017 147 50 homo
1737 1017 110 50 in
1792 1017 165 50 vtero
1902 1017 110 50 ex
1957 1017 165 50 anima
2067 1017 220 50 constans
2213 1017 55 50 &

494 1057 184 73 corpore.
631 1057 107 73 Sic
693 1057 138 73 tamen
784 1057 92 73 vt
830 1057 138 73 forma
922 1057 122 73 illa
998 1057 260 73 corporeitatis
1213 1057 107 73 dat
1274 1057 122 73 esse
1350 1057 229 73 incompletum
1534 1057 260 73 corporeitatis
1748 1057 260 73 interminatae:
1962 1057 122 73 quae
2039 1057 214 73 compositum
2192 1057 76 73 est

493 1102 165 88 corpus
609 1102 264 88 simpliciter:
824 1102 116 88 cui
890 1102 149 88 anima
989 1102 231 88 superaddit
1170 1102 264 88 complementum
1385 1102 116 88 per
1451 1102 116 88 hoc
1517 1102 149 88 dando
1616 1102 132 88 esse
1698 1102 215 88 completum
1863 1102 281 88 corporeitatis
2078 1102 198 88 terminatae

496 1160 122 73 qua
565 1160 244 73 compositum
757 1160 122 73 est
826 1160 174 73 corpus
948 1160 191 73 humanum
1087 1160 174 73 omnium
1209 1160 209 73 corporum
1365 1160 278 73 dignissimum:
1592 1160 157 73 quale
1696 1160 278 73 complementum
1922 1160 278 73 perfectionis
2131 1160 139 73 natura

497 1215 114 70 nec
562 1215 98 70 in
611 1215 146 70 vnica
708 1215 146 70 forma
806 1215 114 70 nec
871 1215 98 70 in
919 1215 195 70 pluribus
1066 1215 211 70 producere
1228 1215 179 70 potuit:
1358 1215 114 70 sed
1423 1215 179 70 solummo
1553 1215 114 70 per
1618 1215 163 70 formam
1732 1215 130 70 quam
1813 1215 195 70 produxit
1959 1215 98 70 ad
2008 1215 146 70 illam
2089 1215 179 70 disponere

495 1270 171 66 potuit:
620 1270 140 66 sicut
713 1270 234 66 incompletum
900 1270 93 66 ad
947 1270 265 66 complementum:
1165 1270 93 66 vt
1212 1270 140 66 infra
1305 1270 265 66 declarabitur.
1523 1270 93 66 Vt
1570 1270 109 66 sic
1632 1270 93 66 in
1679 1270 125 66 solo
1757 1270 156 66 homine
1866 1270 109 66 sit
1928 1270 202 66 possibile
2084 1270 125 66 esse
2146 1270 125 66 plures

487 1326 159 67 formas
598 1326 270 67 substantiales
820 1326 254 67 perficientes
1027 1326 127 67 vnam
1106 1326 206 67 potentiam
1265 1326 206 67 materiae:
1424 1326 159 67 quarum
1535 1326 111 67 vna
1598 1326 206 67 naturalis
1757 1326 127 67 est:
1836 1326 127 67 alia
1916 1326 127 67 vero
1995 1326 302 67 supernaturalis:

497 1388 123 60 quia
573 1388 138 60 forma
666 1388 200 60 naturalis
819 1388 138 60 illam
911 1388 246 60 sufficienter
1111 1388 200 60 perficere
1265 1388 108 60 non
1326 1388 169 60 potuit.
1449 1388 92 60 In
1495 1388 169 60 omnibus
1618 1388 138 60 autem
1710 1388 138 60 aliis
1802 1388 123 60 fora
1879 1388 138 60 vnica
1971 1388 123 60 quam
2048 1388 154 60 natura
2155 1388 138 60 produ

494 1444 114 54 xit,
565 1444 185 54 potentiam
708 1444 114 54 quae
779 1444 86 54 ad
822 1444 128 54 ipsam
908 1444 114 54 est,
979 1444 86 54 se
1022 1444 114 54 sola
1093 1444 185 54 perficere
1236 1444 185 54 sufficit.
1378 1444 100 54 Per
1435 1444 100 54 iam
1493 1444 128 54 dicta
1578 1444 128 54 etiam
1664 1444 128 54 patet
1749 1444 171 54 secundum
1878 1444 214 54 suppositum:
2049 1444 114 54 quod
2120 1444 128 54 dicta
2192 1444 71 54 for

489 1486 102 68 ma
540 1486 220 68 naturalis
709 1486 102 68 in
760 1486 186 68 Christo
896 1486 169 68 absque
1014 1486 254 68 corruptione
1218 1486 102 68 in
1268 1486 119 68 sua
1336 1486 254 68 substantia,
1539 1486 85 68 &
1573 1486 119 68 per
1641 1486 237 68 consequens
1828 1486 169 68 absque
1946 1486 305 68 puluerizatione
2200 1486 102 68 in

498 1537 180 67 materia
628 1537 114 67 sub
694 1537 147 67 forma
792 1537 245 67 putredinis,
988 1537 82 67 a
1020 1537 114 67 deo
1086 1537 229 67 conseruata
1265 1537 147 67 fuit.
1363 1537 147 67 Patet
1461 1537 147 67 etiam
1559 1537 98 67 ex
1608 1537 147 67 eodem
1706 1537 180 67 tertium
1837 1537 245 67 suppositum.
2033 1537 147 67 dicta
2131 1537 131 67 enim
2196 1537 82 67 for

487 1591 98 73 ma
536 1591 212 73 naturalis
698 1591 98 73 in
747 1591 147 73 nullo
845 1591 130 73 alio
926 1591 228 73 conseruata
1106 1591 147 73 fuit:
1203 1591 195 73 postquam
1350 1591 195 73 secundum
1496 1591 163 73 dictum
1610 1591 212 73 prophetae
1773 1591 147 73 illud
1871 1591 130 73 fuit
1952 1591 244 73 priuilegium
2131 1591 147 73 Christi

493 1647 100 68 Et
543 1647 133 68 quod
627 1647 150 68 illud
727 1647 167 68 fuerit
843 1647 250 68 priuilegium
1043 1647 183 68 Christi
1176 1647 117 68 quo
1243 1647 100 68 ad
1293 1647 117 68 non
1360 1647 217 68 sustinere
1526 1647 283 68 corruptionem,
1760 1647 233 68 Augustinus
1943 1647 183 68 videtur
2076 1647 183 68 innuere
2209 1647 100 68 in

487 1698 182 72 sermone
620 1698 116 72 cum
686 1698 165 72 dicit.
801 1698 165 72 Scimus
917 1698 165 72 dictum
1033 1698 149 72 primo
1132 1698 198 72 parenti:
1281 1698 165 72 puluis
1396 1698 116 72 es:
1462 1698 83 72 &
1495 1698 99 72 in
1545 1698 198 72 puluerem
1694 1698 149 72 ibis.
1793 1698 132 72 Quod
1875 1698 99 72 si
1925 1698 99 72 de
1975 1698 149 72 morte
2074 1698 198 72 dicitur,
2206 1698 66 72 ge

489 1754 181 77 neralis
620 1754 115 77 est
686 1754 230 77 sententia:
866 1754 99 77 si
915 1754 99 77 de
965 1754 246 77 resolutione
1162 1754 99 77 in
1211 1754 213 77 puluerem:
1375 1754 131 77 hanc
1457 1754 246 77 conditionem
1654 1754 181 77 Christi
1786 1754 131 77 caro
1868 1754 164 77 euasit
1983 1754 131 77 quae
2048 1754 230 77 corruptionem

491 1811 115 66 non
556 1811 229 66 sustinuit.
736 1811 164 66 Innuit
851 1811 131 66 ergo
933 1811 98 66 vt
982 1811 180 66 videtur
1113 1811 131 66 quod
1195 1811 115 66 non
1261 1811 213 66 sustinere
1425 1811 262 66 corruptionem
1638 1811 98 66 in
1687 1811 148 66 forma
1785 1811 279 66 corporeitatis
2015 1811 213 66 praedicto
2179 1811 131 66 modo

488 1864 126 70 fuit
567 1864 141 70 cauam
661 1864 157 70 quaere
771 1864 204 70 postmodum
928 1864 110 70 non
990 1864 251 70 sustinuisset
1194 1864 314 70 puluerizationem:
1461 1864 141 70 etiam
1555 1864 94 70 si
1602 1864 235 70 resurrectio
1791 1864 110 70 sua
1853 1864 220 70 accelerata
2026 1864 110 70 non
2089 1864 188 70 fuisset.
2214 1864 63 70 Et

489 1916 114 77 sic
554 1916 97 77 vt
602 1916 179 77 videtur
732 1916 162 77 innuit
846 1916 130 77 quod
927 1916 114 77 eum
992 1916 114 77 non
1057 1916 211 77 sustinere
1220 1916 260 77 corruptionem
1431 1916 97 77 in
1480 1916 146 77 carne
1577 1916 244 77 priuilegium
1772 1916 130 77 eius
1854 1916 146 77 fuit:
1951 1916 146 77 licet
2049 1916 130 77 mori
2130 1916 114 77 per
2179 1916 97 77 sepa

490 1971 201 66 rationem
641 1971 168 66 animae
758 1971 101 66 ab
809 1971 134 66 illa
893 1971 168 66 carne:
1010 1971 134 66 ipsi
1094 1971 117 66 cum
1161 1971 151 66 aliis
1261 1971 184 66 commune
1395 1971 151 66 fuit.
1496 1971 117 66 Sed
1563 1971 117 66 nec
1630 1971 117 66 sic
1697 1971 134 66 quin
1781 1971 151 66 etiam
1881 1971 117 66 non
1949 1971 134 66 mori
2032 1971 101 66 ex
2083 1971 168 66 debito
2183 1971 84 66 pri

490 2027 199 65 uilegium
640 2027 133 65 eius
723 2027 150 65 fuit.
823 2027 183 65 dicente
956 2027 216 65 Augustino
1122 2027 150 65 super
1221 2027 150 65 illud
1321 2027 150 65 psal.
1421 2027 166 65 cxlii.
1537 2027 233 65 Collocauit
1720 2027 100 65 me
1770 2027 100 65 in
1819 2027 199 65 obscuris
1969 2027 150 65 sicut
2069 2027 183 65 mortuos
2185 2027 83 65 sae

499 2074 150 63 culi.
600 2074 117 63 Hoc
666 2074 100 63 in
717 2074 167 63 capite
834 2074 251 63 agnoscitis.
1034 2074 134 63 Ille
1118 2074 134 63 enim
1201 2074 117 63 pro
1268 2074 150 63 nobis
1368 2074 184 63 mortuus
1502 2074 167 63 factus
1619 2074 134 63 est:
1703 2074 117 63 sed
1770 2074 117 63 non
1836 2074 184 63 mortuus
1970 2074 201 63 saeculi.
2121 2074 117 63 Qui
2171 2074 100 63 sunt

492 2127 173 77 mortui
613 2127 208 77 saeculi:
768 2127 173 77 merito
889 2127 190 77 mortui,
1028 2127 208 77 mercedem
1183 2127 259 77 recipientes
1391 2127 259 77 iniquitatis
1599 2127 86 77 &
1633 2127 173 77 mortem
1754 2127 208 77 ducentes
1910 2127 104 77 ex
1962 2127 225 77 propagine
2117 2127 156 77 peccati

494 2189 101 68 At
545 2189 135 68 ille
629 2189 118 68 qui
697 2189 101 68 in
748 2189 135 68 alio
832 2189 152 68 psal.
934 2189 169 68 dixit.
1052 2189 135 68 Quae
1137 2189 118 68 non
1204 2189 152 68 rapui
1306 2189 135 68 tunc
1391 2189 237 68 exoluebam.
1577 2189 152 68 dixit
1678 2189 101 68 in
1729 2189 237 68 euangelio.
1915 2189 152 68 Venit
2016 2189 203 68 princeps
2152 2189 118 68 mundi

493 2239 88 72 &
529 2239 159 72 nihil
634 2239 106 72 in
687 2239 106 72 me
740 2239 229 72 inueniet:
917 2239 176 72 nullam
1040 2239 176 72 culpam
1164 2239 159 72 quare
1270 2239 141 72 mori
1358 2239 194 72 debeam.
1499 2239 123 72 Non
1569 2239 159 72 autem
1675 2239 159 72 morte
1781 2239 176 72 dignus
1905 2239 141 72 sum:
1993 2239 159 72 nihil
2099 2239 141 72 feci
2169 2239 106 72 vnde

497 2292 198 72 moriar:
641 2292 126 72 sed
713 2292 162 72 facio
820 2292 108 72 vt
874 2292 180 72 moriar
1000 2292 162 72 sicut
1108 2292 144 72 homo
1197 2292 144 72 sine
1287 2292 233 72 adiutorio
1467 2292 162 72 inter
1575 2292 198 72 mortuos
1718 2292 180 72 liber.
1844 2292 144 72 quia
1934 2292 126 72 non
2006 2292 216 72 solueret
2167 2292 90 72 a
2185 2292 90 72 vin

500 2345 144 70 culis
596 2345 128 70 nisi
676 2345 144 70 liber
772 2345 80 70 a
804 2345 208 70 vinculis.
963 2345 128 70 Ille
1043 2345 144 70 liber
1139 2345 160 70 mortem
1251 2345 192 70 occidit:
1395 2345 192 70 vinculum
1539 2345 160 70 vicit.
1651 2345 128 70 Ecce
1731 2345 128 70 quia
1811 2345 128 70 mori
1890 2345 112 70 non
1954 2345 176 70 debuit:
2082 2345 112 70 sed
2146 2345 80 70 a
2162 2345 112 70 morte

501 2400 135 61 liber
591 2400 135 61 fuit.
681 2400 90 61 Et
726 2400 120 61 ideo
801 2400 210 61 aspiciendo
967 2400 90 61 ad
1012 2400 150 61 mortem
1117 2400 165 61 debitam
1237 2400 120 61 quam
1312 2400 120 61 alii
1387 2400 255 61 sustinuerunt,
1598 2400 195 61 excipitur
1748 2400 90 61 de
1793 2400 120 61 illa
1868 2400 180 61 generali
2004 2400 195 61 sententia
2154 2400 120 61 quae
2214 2400 60 61 de

500 2458 148 65 morte
598 2458 197 65 dicitur,
746 2458 132 65 caro
828 2458 181 65 Christi
960 2458 148 65 munda
1058 2458 115 65 per
1124 2458 197 65 virginem
1272 2458 214 65 assumpta.
1437 2458 82 65 &
1469 2458 115 65 sic
1535 2458 115 65 non
1601 2458 132 65 mori
1683 2458 247 65 priuilegium
1880 2458 132 65 eius
1963 2458 148 65 fuit.
2061 2458 115 65 Non
2127 2458 132 65 ergo
2193 2458 82 65 est

503 2506 170 60 mortuus
626 2506 154 60 contra
734 2506 231 60 priuilegium
919 2506 123 60 suum
996 2506 123 60 nisi
1073 2506 123 60 quia
1150 2506 170 60 voluit.
1273 2506 92 60 vt
1319 2506 185 60 secundum
1458 2506 108 60 hoc
1520 2506 123 60 quid
1597 2506 139 60 dicit
1689 2506 216 60 Augustinus
1859 2506 123 60 illi
1936 2506 108 60 per
1998 2506 216 60 innocentis
2152 2506 123 60 mortem

496 2562 254 74 liberarentur
702 2562 111 74 qui
766 2562 190 74 habebant
909 2562 143 74 quare
1004 2562 238 74 morerentur.
1195 2562 127 74 Quia
1274 2562 95 74 si
1322 2562 127 74 haec
1401 2562 143 74 causa
1496 2562 111 74 non
1560 2562 190 74 fuisset:
1703 2562 159 74 contra
1814 2562 238 74 priuilegium
2004 2562 127 74 suum
2084 2562 175 74 nunquam
2195 2562 79 74 mor

501 2616 131 68 tuus
583 2616 197 68 fuisset:
730 2616 115 68 nec
796 2616 164 68 carnem
910 2616 197 68 mortalem
1058 2616 279 68 assumpsisset.
1287 2616 98 68 Si
1336 2616 147 68 autem
1434 2616 246 68 priuilegium
1631 2616 131 68 suum
1713 2616 131 68 fuit
1795 2616 115 68 non
1860 2616 131 68 mori
1942 2616 131 68 nisi
2024 2616 213 68 voluntate
2188 2616 82 68 &
2204 2616 66 68 ex

497 2671 113 61 cam.
568 2671 170 61 scilicet
695 2671 156 61 propter
808 2671 198 61 morientium
963 2671 198 61 profectum:
1119 2671 99 61 per
1175 2671 198 61 consequens
1331 2671 113 61 eius
1402 2671 212 61 priuilegium
1571 2671 113 61 fuit
1642 2671 99 61 non
1699 2671 170 61 corrumpi
1826 2671 170 61 secundum
1953 2671 141 61 formam
2052 2671 156 61 carnis:
2165 2671 127 61 neque

501 2727 201 70 vlterius
652 2727 252 70 puluerizari
854 2727 134 70 nisi
938 2727 101 70 ex
988 2727 218 70 consimili
1156 2727 168 70 causa.
1273 2727 151 70 Quare
1374 2727 118 70 cum
1441 2727 134 70 illa
1525 2727 118 70 non
1592 2727 201 70 subfuit:
1744 2727 134 70 quia
1828 2727 101 70 ex
1878 2727 134 70 illa
1962 2727 252 70 corruptione
2163 2727 84 70 &
2180 2727 84 70 pul

504 2780 231 70 uerizatione
688 2780 154 70 nuilus
796 2780 200 70 profectus
950 2780 231 70 morientibus
1135 2780 246 70 prouenisset:
1335 2780 108 70 qui
1397 2780 185 70 perfecte
1535 2780 92 70 ex
1581 2780 123 70 sola
1658 2780 139 70 morte
1751 2780 200 70 prouenit:
1905 2780 154 70 igitur
2013 2780 92 70 vt
2059 2780 169 70 videtur
2182 2780 108 70 quo

495 2833 112 68 ad
551 2833 131 68 non
626 2833 224 68 corrumpi
794 2833 224 68 secundum
962 2833 186 68 carnem
1092 2833 93 68 &
1129 2833 131 68 non
1204 2833 280 68 puluerizari
1428 2833 280 68 priuilegium
1652 2833 168 68 illud
1763 2833 149 68 sibi
1857 2833 242 68 seruauit.
2043 2833 131 68 Sed
2118 2833 112 68 an
2155 2833 112 68 fue-

491 2888 121 58 rit
560 2888 138 58 eius
646 2888 258 58 priuilegium
853 2888 121 58 quo
921 2888 103 58 ad
973 2888 121 58 non
1042 2888 224 58 sustinere
1214 2888 345 58 puluerizationem,
1507 2888 103 58 vt
1559 2888 172 58 nuilus
1679 2888 121 58 hoc
1748 2888 121 58 cum
1817 2888 189 58 Christo
1955 2888 103 58 de
2007 2888 138 58 eius
2076 2888 189 58 voluntate

505 2942 191 68 commune
644 2942 209 68 haberet:
800 2942 104 68 de
853 2942 122 68 hoc
922 2942 191 68 dubitat
1061 2942 104 68 in
1114 2942 157 68 Maria
1218 2942 157 68 matre
1322 2942 191 68 Christi
1462 2942 104 68 in
1514 2942 191 68 sermone
1653 2942 244 68 praedicto:
1844 2942 104 68 vt
1897 2942 157 68 licet
2001 2942 191 68 Christi
2123 2942 139 68 priui-

493 2994 165 57 legium
608 2994 132 57 fuit
691 2994 248 57 incorruptum
889 2994 165 57 manere
1004 2994 99 57 in
1054 2994 149 57 forma
1153 2994 215 57 corporis:
1318 2994 83 57 &
1351 2994 116 57 per
1417 2994 231 57 consequens
1598 2994 182 57 immunem
1730 2994 83 57 a
1763 2994 314 57 puluerizatione:
2027 2994 165 57 Mariae
2143 2994 149 57 tamen

493 3048 190 68 commune
631 3048 121 68 cum
700 3048 138 68 ipso
786 3048 138 68 esse
872 3048 190 68 potuit,
1010 3048 172 68 manere
1130 3048 190 68 immunem
1268 3048 86 68 a
1303 3048 327 68 puluerizatione:
1579 3048 138 68 etsi
1665 3048 121 68 non
1734 3048 259 68 incorruptam
1941 3048 103 68 in
1992 3048 155 68 forma
2078 3048 190 68 materiae.

509 3098 124 63 Vnde
587 3098 186 63 postquam
727 3098 124 63 ait:
804 3098 248 63 Corruptionem
1006 3098 109 63 non
1068 3098 140 63 vidit
1161 3098 109 63 qui
1223 3098 155 63 tertia
1332 3098 109 63 die
1394 3098 233 63 resurrexit:
1580 3098 186 63 adiecit.
1720 3098 109 63 Sed
1782 3098 109 63 hic
1844 3098 124 63 ille
1922 3098 109 63 qui
1984 3098 155 63 quando
2092 3098 155 63 voluit
2185 3098 78 63 re-

495 3150 180 81 surgere
625 3150 180 81 potuit.
756 3150 212 81 Excipitur
919 3150 131 81 ergo
1001 3150 98 81 de
1050 3150 131 81 illa
1131 3150 131 81 gene
1213 3150 131 81 rali
1295 3150 212 81 sententia
1458 3150 98 81 de
1507 3150 180 81 virgine
1638 3150 163 81 sumpta
1752 3150 180 81 natura.
1882 3150 131 81 quod
1964 3150 98 81 si
2013 3150 114 81 non
2078 3150 163 81 Mariae
2176 3150 82 81 con
