2435 3745
138 323 162 86 gruit:
251 323 194 86 congruit
397 323 146 86 tamen
494 323 146 86 filio
591 323 129 86 quem
672 323 178 86 genuit.
801 323 129 86 Ecce
882 323 129 86 quod
963 323 194 86 dicendo:
1109 323 259 86 Corruptionem
1319 323 113 86 non
1384 323 162 86 vidit:
1497 323 113 86 non
1562 323 146 86 tamen
1659 323 113 86 hoc
1708 323 194 86 intelligit

146 405 99 56 de
195 405 247 56 corruptione
393 405 115 56 per
459 405 313 56 puluerizationem
723 405 99 56 vt
772 405 165 56 aliqui
887 405 214 56 exponunt:
1052 405 181 56 dicendo
1184 405 132 56 quod
1267 405 148 56 nulla
1365 405 148 56 forma
1464 405 132 56 quae
1547 405 132 56 fuit
1629 405 99 56 in
1679 405 181 56 Christo
1794 405 99 56 viuo

127 452 167 64 mansit
244 452 100 64 in
295 452 134 64 ipso
378 452 184 64 mortuo:
512 452 117 64 sed
579 452 234 64 accelerata
763 452 284 64 resurrectione
997 452 218 64 praeuenta
1165 452 134 64 fuit
1248 452 100 64 in
1299 452 134 64 ipso
1382 452 284 64 puluerizatio.
1617 452 117 64 Sic
1683 452 134 64 enim
1767 452 117 64 hoc
1817 452 84 64 non

130 504 238 70 insinuaret
317 504 238 70 Augustinus
505 504 136 70 esse
590 504 255 70 priuilegium
794 504 204 70 Christi:
947 504 119 70 cum
1015 504 187 70 sentiat
1152 504 136 70 quod
1237 504 187 70 conmune
1373 504 170 70 habuit
1492 504 119 70 cum
1560 504 187 70 Christo
1697 504 153 70 Maria
1799 504 136 70 quod

134 559 352 63 puluerizationem
431 559 130 63 non
505 559 222 63 recepit.
672 559 148 63 Vnde
765 559 222 63 sequitur
931 559 111 63 in
987 559 167 63 eodem
1098 559 222 63 sermone.
1265 559 204 63 Putredo
1413 559 93 63 &
1450 559 204 63 vermis:
1598 559 204 63 humanae
1747 559 130 63 est
1802 559 93 63 op-

133 616 211 65 probrium
292 616 282 65 conditionis:
521 616 88 65 a
556 616 123 65 quo
627 616 229 65 opprobrio
803 616 123 65 cum
873 616 159 65 lesus
979 616 123 65 sit
1049 616 211 65 alienus:
1208 616 176 65 natura
1331 616 176 65 Mariae
1455 616 247 65 excipitur:
1648 616 141 65 quam
1736 616 159 65 lesus
1825 616 70 65 de

131 667 108 59 ea
185 667 235 59 accepisse
366 667 235 59 probatur.
546 667 90 59 &
582 667 181 59 infra.
709 667 162 59 Illud
817 667 144 59 ergo
907 667 307 59 sacratissimum
1160 667 181 59 corpus
1286 667 108 59 de
1340 667 126 59 quo
1413 667 217 59 Christus
1575 667 181 59 carnem
1683 667 217 59 assumpsit:

124 720 171 65 escam
238 720 229 65 vermibus
410 720 229 65 traditum
581 720 210 65 communi
734 720 171 65 forte
848 720 267 65 putredinis
1058 720 95 65 &
1096 720 191 65 futuri
1229 720 114 65 de
1286 720 229 65 vermibus
1458 720 248 65 pulueris:
1648 720 152 65 quia
1725 720 171 65 sentire

127 773 109 57 non
190 773 156 57 valeo:
299 773 156 57 dicere
408 773 234 57 pertimesco.
595 773 171 57 Quartum
720 773 125 57 vero
798 773 234 57 suppositum.
985 773 187 57 scilicet
1125 773 125 57 quod
1203 773 140 57 nihil
1297 773 156 57 formae
1406 773 265 57 substantialis
1624 773 234 57 naturaliter
1811 773 109 57 ma-

129 826 115 58 net
194 826 98 58 in
243 826 164 58 mortuo
358 826 131 58 alio
440 826 82 58 a
472 826 180 58 Christo
603 826 131 58 quae
685 826 147 58 prius
784 826 131 58 fuit
865 826 98 58 in
915 826 147 58 viuo:
1013 826 98 58 ex
1062 826 115 58 hoc
1127 826 229 58 declaratur
1308 826 131 58 quod
1389 826 115 58 iam
1455 826 147 58 supra
1553 826 164 58 tactum
1668 826 131 58 est:
1750 826 82 58 &
1766 826 131 58 tactum

123 883 101 55 in
174 883 201 55 Quolibet
324 883 268 55 praecedente:
542 883 134 55 quod
626 883 151 55 sicut
726 883 168 55 eisdem
844 883 318 55 dispositionibus
1112 883 168 55 quibus
1229 883 184 55 materia
1363 883 117 55 sit
1430 883 335 55 improportionalis
1715 883 168 55 formae
1815 883 84 55 em-

133 932 191 67 bryonis,
277 932 80 67 &
308 932 255 67 impossibilis
516 932 144 67 stare
611 932 112 67 sub
675 932 144 67 illa,
771 932 80 67 &
803 932 271 67 prportionalis
1026 932 144 67 atque
1122 932 223 67 necessitas
1297 932 112 67 fit
1361 932 96 67 ad
1409 932 255 67 suscipiendum
1616 932 96 67 in
1664 932 96 67 se
1712 932 112 67 non
1775 932 112 67 tam
1823 932 80 67 for

125 984 117 70 mam
192 984 283 70 corporeitatis
425 984 183 70 hominis
559 984 133 70 quam
642 984 167 70 animae
759 984 233 70 rationalis
942 984 167 70 simul:
1059 984 100 70 ad
1109 984 133 70 quam
1192 984 133 70 illa
1275 984 217 70 disponit:
1442 984 267 70 consimiliter
1659 984 167 70 eisdem
1759 984 133 70 dispo-

132 1038 199 59 sitionibus
288 1038 199 59 contrariis
444 1038 142 59 quibus
544 1038 156 59 materia
658 1038 171 59 existens
786 1038 99 59 sub
842 1038 128 59 forma
928 1038 171 59 hominis,
1056 1038 71 59 &
1084 1038 114 59 quae
1155 1038 99 59 est
1212 1038 128 59 anima
1297 1038 213 59 rationalis,
1468 1038 71 59 &
1496 1038 114 59 quae
1567 1038 99 59 est
1624 1038 142 59 educta
1723 1038 85 59 de
1752 1038 142 59 potentia

122 1094 187 52 materiae
262 1094 109 52 sit
325 1094 311 52 improportionalis
589 1094 78 52 &
620 1094 249 52 impossibilis
822 1094 93 52 ad
869 1094 249 52 subsistendum
1071 1094 109 52 sub
1133 1094 140 52 illis
1226 1094 171 52 formis:
1351 1094 78 52 &
1382 1094 218 52 necessitas
1553 1094 93 52 ad
1600 1094 249 52 suscipiendum
1802 1094 93 52 in
1833 1094 62 52 se

131 1149 144 63 aliam
227 1149 176 63 formam.
355 1149 80 63 &
387 1149 112 63 hoc
451 1149 288 63 indifferenter:
691 1149 128 63 siue
771 1149 176 63 ponatur
899 1149 144 63 vnica
995 1149 144 63 forma
1091 1149 96 63 in
1139 1149 128 63 vno,
1219 1149 128 63 siue
1299 1149 160 63 plures
1411 1149 160 63 numero
1523 1149 96 63 in
1571 1149 224 63 quocumque.
1747 1149 96 63 Ad
1779 1149 112 63 omnes

125 1202 128 64 enim
205 1202 144 64 simul
301 1202 112 64 sit
365 1202 176 64 materia
493 1202 224 64 necessitas
669 1202 112 64 aut
733 1202 272 64 impossibilis:
957 1202 128 64 siue
1036 1202 144 64 simul
1132 1202 224 64 duratione:
1308 1202 128 64 siue
1388 1202 176 64 tempore
1516 1202 224 64 producatur
1692 1202 96 64 in
1740 1202 160 64 eodem:
1836 1202 64 64 pu

126 1267 85 56 ta
168 1267 85 56 in
210 1267 141 56 homine
309 1267 268 56 substantialitas
535 1267 155 56 hominis
647 1267 85 56 vt
690 1267 99 56 est
746 1267 169 56 hominis:
873 1267 70 56 &
901 1267 183 56 similiter
1042 1267 226 56 corporeitas:
1225 1267 113 56 quae
1296 1267 113 56 sunt
1366 1267 70 56 a
1395 1267 155 56 duplici
1507 1267 155 56 formae.
1620 1267 169 56 scilicet
1747 1267 169 56 naturali
1860 1267 42 56 &

127 1306 267 63 supernaturali
347 1306 94 63 in
394 1306 173 63 homine:
520 1306 78 63 &
551 1306 141 63 forma
645 1306 173 63 animati
771 1306 78 63 &
802 1306 220 63 sensibilis
974 1306 78 63 &
1006 1306 235 63 rationalis:
1194 1306 126 63 siue
1273 1306 126 63 sint
1351 1306 188 63 diuersae
1492 1306 157 63 formae
1602 1306 188 63 secundum
1743 1306 126 63 rim:
1806 1306 94 63 siue

130 1362 110 57 vna
193 1362 79 57 &
225 1362 157 57 eadem:
335 1362 126 57 quae
413 1362 126 57 sunt
492 1362 94 57 in
539 1362 157 57 homine
649 1362 79 57 a
681 1362 126 57 sola
759 1362 157 57 anima:
870 1362 79 57 &
901 1362 204 57 similiter
1058 1362 142 57 simul
1153 1362 79 57 a
1184 1362 173 57 materia
1310 1362 252 57 abiiciuntur.
1514 1362 189 57 Generata
1656 1362 126 57 enim
1735 1362 94 57 in
1782 1362 142 57 asino

124 1415 177 68 secundum
257 1415 162 68 vltimam
375 1415 236 68 differentiam
567 1415 207 68 specificam
730 1415 103 68 hac
789 1415 236 68 asininitate,
981 1415 133 68 simul
1069 1415 192 68 generatur
1217 1415 177 68 secundum
1350 1415 236 68 differentiam
1542 1415 221 68 subalternam
1719 1415 118 68 haec
1793 1415 133 68 anima

124 1467 170 59 litas,
243 1467 85 59 &
277 1467 136 59 haec
361 1467 220 59 animatio,
531 1467 85 59 &
565 1467 136 59 haec
650 1467 271 59 corporeitas,
870 1467 85 59 &
904 1467 136 59 haec
989 1467 339 59 substantialitas:
1277 1467 85 59 &
1311 1467 237 59 econtrario
1497 1467 102 59 in
1548 1467 271 59 corruptione:
1768 1467 102 59 vt
1802 1467 85 59 ne-

119 1522 147 67 cesse
217 1522 115 67 sit
282 1522 147 67 omnem
381 1522 262 67 generationem
594 1522 197 67 inchoari
741 1522 82 67 a
774 1522 147 67 prima
872 1522 197 67 materia,
1020 1522 82 67 &
1052 1522 98 67 de
1102 1522 147 67 omnem
1200 1522 262 67 corruptionem
1413 1522 180 67 resolui
1544 1522 98 67 in
1593 1522 164 67 primam
1708 1522 213 67 materiam.

119 1575 160 63 aliter
231 1575 128 63 enim
311 1575 208 63 subiectum
470 1575 256 63 generationis
678 1575 80 63 &
710 1575 256 63 corruptionis
918 1575 112 63 non
982 1575 144 63 esset
1077 1575 112 63 ens
1141 1575 96 63 in
1189 1575 192 63 potentia
1333 1575 160 63 medium
1445 1575 144 63 inter
1541 1575 112 63 ens
1604 1575 80 63 &
1636 1575 112 63 non
1700 1575 128 63 ens.
1780 1575 96 63 Et
1812 1575 80 63 sic

125 1635 158 62 quando
236 1635 206 62 generatio
394 1635 79 62 &
426 1635 206 62 corruptio
584 1635 174 62 currunt
711 1635 142 62 cursu
806 1635 174 62 naturae
932 1635 111 62 non
996 1635 222 62 impeditae,
1170 1635 111 62 cum
1233 1635 174 62 materia
1360 1635 111 62 sit
1423 1635 222 62 necessitas
1597 1635 111 62 aut
1645 1635 253 62 impossibilitas

117 1686 100 57 ad
167 1686 167 57 formam
284 1686 200 57 vltimam:
434 1686 150 57 simul
534 1686 117 57 fit
600 1686 233 57 necessitas
784 1686 117 57 aut
850 1686 300 57 impossibilitas
1100 1686 100 57 ad
1150 1686 150 57 omnes
1250 1686 167 57 formas
1367 1686 267 57 praecedentes
1583 1686 150 57 vsque
1683 1686 100 57 ad
1733 1686 167 57 primam
1833 1686 67 57 ma

123 1735 168 65 teriam,
245 1735 214 65 quotcumque
413 1735 153 65 formae
520 1735 183 65 ponantur
657 1735 92 65 in
703 1735 153 65 eodem.
809 1735 92 65 Et
855 1735 92 65 si
901 1735 153 65 tantum
1008 1735 137 65 vnica
1099 1735 137 65 forma
1191 1735 168 65 ponatur
1313 1735 92 65 in
1359 1735 153 65 eodem,
1466 1735 137 65 simul
1557 1735 107 65 fit
1618 1735 214 65 necessitas
1786 1735 107 65 aut
1832 1735 61 65 im

112 1791 264 69 possibilitas
327 1791 99 69 ad
377 1791 149 69 ipsam
476 1791 116 69 sub
542 1791 182 69 ratione
674 1791 83 69 &
707 1791 149 69 gradu
806 1791 182 69 vltimae
939 1791 264 69 differentiae
1153 1791 132 69 quae
1236 1791 116 69 dat
1302 1791 198 69 rationem
1451 1791 132 69 esse
1533 1791 215 69 completi:
1699 1791 83 69 &
1732 1791 116 69 sub
1781 1791 116 69 ratio

116 1851 101 57 ne
167 1851 84 57 &
201 1851 152 57 gradu
302 1851 186 57 generis
437 1851 152 57 primi
538 1851 84 57 &
572 1851 253 57 cuiuscumque
775 1851 270 57 differentiae
995 1851 270 57 intermediae.
1214 1851 152 57 Licet
1316 1851 135 57 enim
1400 1851 118 57 non
1468 1851 186 57 ponamus
1603 1851 101 57 in
1637 1851 253 57 substantiali-

116 1896 124 63 bus
187 1896 195 63 aliquam
329 1896 301 63 corporeitatem
577 1896 283 63 interminatam
807 1896 177 63 manere
931 1896 177 63 eandem
1055 1896 106 63 in
1108 1896 212 63 generato
1267 1896 89 63 &
1303 1896 230 63 corrupto,
1480 1896 159 63 sicut
1586 1896 159 63 manet
1692 1896 159 63 eadem
1781 1896 106 63 cor-

130 1951 192 70 poreitas
274 1951 255 70 accidentalis
481 1951 239 70 interminata
673 1951 112 70 vel
737 1951 144 70 eadem
832 1951 239 70 interminata
1024 1951 192 70 qualitas
1168 1951 192 70 secundum
1311 1951 319 70 praedeterminata.
1583 1951 96 70 Et
1631 1951 112 70 hoc
1694 1951 144 70 ideo:
1790 1951 128 70 quia

121 2008 211 59 generatio
283 2008 113 59 non
348 2008 227 59 terminatur
526 2008 130 59 nisi
607 2008 97 59 ad
655 2008 130 59 esse
736 2008 243 59 substantiae
931 2008 227 59 attingendo
1109 2008 146 59 ipsam
1206 2008 259 59 substantiam:
1417 2008 81 59 &
1449 2008 211 59 corruptio
1611 2008 97 59 ad
1660 2008 130 59 eius
1741 2008 113 59 non
1790 2008 113 59 esse.

133 2059 165 59 Propter
253 2059 120 59 quod
327 2059 135 59 eadem
417 2059 135 59 forma
507 2059 254 59 substantialis
716 2059 179 59 secundum
851 2059 105 59 rem
911 2059 105 59 non
971 2059 150 59 potest
1075 2059 120 59 esse
1150 2059 284 59 incorruptibilis
1389 2059 75 59 &
1419 2059 254 59 ingenerabilis
1629 2059 179 59 secundum
1763 2059 120 59 esse
1838 2059 90 59 in

127 2112 240 64 terminatum:
319 2112 80 64 &
351 2112 240 64 generabilis
543 2112 80 64 &
575 2112 272 64 corruptibilis
800 2112 192 64 secundum
944 2112 128 64 esse
1024 2112 240 64 terminatum.
1216 2112 208 64 Augmentum
1376 2112 144 64 autem
1473 2112 80 64 &
1505 2112 208 64 diminutio
1665 2112 192 64 secundum
1793 2112 96 64 quan

123 2167 189 61 titatem,
265 2167 189 61 intensum
406 2167 79 61 &
438 2167 189 61 remissum
579 2167 189 61 secundum
721 2167 236 61 qualitatem,
910 2167 110 61 non
973 2167 236 61 terminantur
1161 2167 94 61 ad
1209 2167 236 61 quantitatem
1397 2167 79 61 &
1429 2167 220 61 qualitatem
1602 2167 220 61 attingendo
1775 2167 142 61 eorum

127 2223 217 53 essentiam:
297 2223 108 53 sed
359 2223 139 53 solum
451 2223 155 53 gradum
560 2223 93 53 in
606 2223 124 53 esse
683 2223 139 53 circa
776 2223 139 53 ipsa.
869 2223 170 53 Propter
993 2223 124 53 quod
1070 2223 124 53 bene
1147 2223 155 53 potest
1256 2223 139 53 eadem
1349 2223 201 53 quantitas
1503 2223 232 53 interminata
1689 2223 124 53 esse
1751 2223 139 53 incorru

126 2271 192 64 ptibilis
270 2271 80 64 &
302 2271 288 64 ingenerabilis,
542 2271 80 64 &
574 2271 272 64 corruptibilis
799 2271 80 64 &
831 2271 240 64 generabilis
1023 2271 192 64 secundum
1167 2271 160 64 gradus
1279 2271 288 64 terminationum:
1520 2271 80 64 &
1552 2271 208 64 similiter
1712 2271 144 64 eadem
1808 2271 112 64 qua

120 2330 148 57 litas
218 2330 164 57 manere
333 2330 164 57 absque
448 2330 246 57 generatione
645 2330 82 57 &
678 2330 246 57 corruptione
875 2330 99 57 in
924 2330 115 57 sua
990 2330 213 57 essentia:
1154 2330 82 57 &
1187 2330 131 57 esse
1269 2330 246 57 generabilis
1466 2330 82 57 &
1499 2330 279 57 corruptibilis
1729 2330 197 57 secundum

123 2379 168 69 gradus
241 2379 302 69 terminationum.
492 2379 134 69 Bene
576 2379 151 69 tamen
677 2379 184 69 ponimus
811 2379 101 69 in
861 2379 151 69 eadem
962 2379 151 69 forma
1062 2379 168 69 numero
1180 2379 101 69 in
1230 2379 151 69 eodem
1331 2379 268 69 substantiali
1549 2379 201 69 simplici
1700 2379 117 69 per
1750 2379 134 69 essen-

121 2425 130 68 tiam
202 2425 114 68 non
267 2425 261 68 suscipientem
479 2425 147 68 magis
577 2425 81 68 &
610 2425 163 68 minus,
724 2425 147 68 neque
822 2425 147 68 maius
919 2425 114 68 aut
985 2425 163 68 minus,
1099 2425 163 68 gradus
1213 2425 196 68 secundum
1359 2425 261 68 intensiones,
1571 2425 228 68 perfectius
1751 2425 81 68 &
1767 2425 114 68 minus

132 2487 199 68 perfectum:
288 2487 85 68 vt
330 2487 298 68 substantialitatis
586 2487 241 68 corporeitatis
784 2487 213 68 animationis
954 2487 71 68 &
983 2487 199 68 caeterorum
1139 2487 199 68 huiusmodi.
1294 2487 71 68 &
1323 2487 142 68 gradus
1422 2487 227 68 terimationum
1606 2487 255 68 substantialium
1805 2487 85 68 siue

128 2535 241 71 essentialium
324 2535 196 71 diuersos.
474 2535 151 71 Nomine
580 2535 120 71 enim
655 2535 316 71 substantialitatis
926 2535 196 71 figuratur
1076 2535 135 71 forma
1167 2535 120 71 illa
1242 2535 90 71 vt
1287 2535 196 71 interiata
1437 2535 166 71 omnino.
1558 2535 151 71 Nomine
1663 2535 135 71 autem
1738 2535 151 71 corporei

133 2593 155 59 tatis,
242 2593 248 59 animationis,
444 2593 295 59 sensibilitatis,
692 2593 78 59 &
723 2593 310 59 rationabilitatis
986 2593 186 59 signatur
1126 2593 140 59 eadem
1219 2593 93 59 vt
1266 2593 93 59 in
1312 2593 186 59 diuersis
1452 2593 186 59 gradibus
1591 2593 109 59 sub
1653 2593 186 59 diuersis
1777 2593 109 59 diffe

134 2640 158 66 rentiis
249 2640 187 66 radicatis
393 2640 86 66 in
436 2640 173 66 essentia
565 2640 158 66 eiusdem
680 2640 144 66 formae
781 2640 173 66 termiata
911 2640 115 66 est.
983 2640 101 66 Nec
1040 2640 101 66 est
1098 2640 115 66 vllo
1170 2640 115 66 modo
1242 2640 173 66 dicendum
1371 2640 115 66 quod
1443 2640 129 66 forae
1529 2640 144 66 plures
1630 2640 245 66 introducuntur
1831 2640 86 66 in

132 2692 133 62 eodem
221 2692 103 62 per
280 2692 177 62 ordinem,
412 2692 103 62 aut
471 2692 118 62 quod
545 2692 221 62 disponnibus
722 2692 221 62 incompletis
899 2692 133 62 matia
988 2692 103 62 sic
1046 2692 103 62 fit
1105 2692 206 62 necessitas
1268 2692 88 62 ad
1312 2692 147 62 formam
1415 2692 251 62 substantialem
1622 2692 236 62 incompletam:
1813 2692 74 62 &
1828 2692 59 62 il

123 2752 87 67 la
167 2752 175 67 generata
298 2752 102 67 per
356 2752 131 67 alias
444 2752 189 67 disponnes
589 2752 233 67 completiores
778 2752 102 67 fit
836 2752 204 67 necessitas
996 2752 87 67 ad
1040 2752 146 67 formam
1142 2752 247 67 completiorem:
1346 2752 160 67 quoniam
1462 2752 160 67 numquam
1578 2752 102 67 sit
1637 2752 131 67 matia
1709 2752 175 67 necessitas

125 2804 95 67 ad
173 2804 127 67 vnam
252 2804 159 67 formam
363 2804 238 67 generandam:
554 2804 127 67 quin
634 2804 143 67 simul
729 2804 79 67 &
761 2804 159 67 eisdem
872 2804 238 67 disponnibus
1063 2804 127 67 fiat
1142 2804 286 67 impossibilitas
1380 2804 95 67 ad
1428 2804 175 67 aliquam
1555 2804 143 67 aliam
1651 2804 159 67 formam
1746 2804 143 67 substan

124 2852 147 61 tialem
227 2852 205 61 existentem
388 2852 88 61 in
432 2852 161 61 materia
549 2852 234 61 abiiciendam:
740 2852 73 61 &
769 2852 205 61 econtrario
930 2852 205 61 similiter.
1092 2852 147 61 aliter
1194 2852 117 61 enim
1267 2852 191 61 generatio
1414 2852 132 61 esset
1502 2852 117 61 sine
1575 2852 234 61 corruptione.
1766 2852 103 61 Sed
1810 2852 73 61 nec

126 2906 95 66 ad
174 2906 158 66 formam
284 2906 236 66 incompletam
473 2906 126 66 siue
552 2906 110 66 sub
615 2906 173 66 ratione
741 2906 221 66 incompleti
915 2906 221 66 generandam
1088 2906 158 66 vnquam
1198 2906 173 66 materia
1324 2906 110 66 fit
1387 2906 236 66 necessitas,
1577 2906 126 66 quin
1656 2906 142 66 simul
1750 2906 79 66 &
1766 2906 126 66 eisdem

141 2960 223 71 disponnibus
320 2960 119 71 fiat
394 2960 209 71 necessitas
558 2960 89 71 ad
603 2960 149 71 formam
707 2960 209 71 completam:
871 2960 119 71 siue
946 2960 104 71 sub
1005 2960 223 71 generatione
1184 2960 179 71 completi
1318 2960 223 71 generandam.
1497 2960 74 71 &
1526 2960 164 71 econtra
1646 2960 164 71 numquam
1765 2960 104 71 sit
1824 2960 89 71 in

132 3021 250 71 possibilitas
336 3021 94 71 ad
382 3021 125 71 vnam
461 3021 250 71 expellendam,
664 3021 125 71 quin
742 3021 141 71 simel
836 3021 125 71 fiat
914 3021 266 71 ipossibilitas
1133 3021 94 71 ad
1180 3021 141 71 aliam
1273 3021 250 71 expellendam.
1477 3021 109 71 SED
1539 3021 156 71 statim
1649 3021 172 71 aliquis
1758 3021 125 71 arguet

122 3077 162 61 contra
235 3077 114 61 nos
300 3077 97 61 ex
349 3077 179 61 dictis:
479 3077 130 61 quod
560 3077 195 61 Christus
706 3077 114 61 non
771 3077 114 61 sit
836 3077 130 61 vere
917 3077 81 61 &
950 3077 243 61 naturaliter
1144 3077 179 61 mortuus
1274 3077 146 61 sicut
1372 3077 179 61 Petrus:
1501 3077 130 61 quia
1583 3077 195 61 secundum
1729 3077 114 61 iam
1777 3077 114 61 dicta

118 3129 152 61 forma
219 3129 286 61 corporeitatis
455 3129 101 61 in
505 3129 185 61 Christo
640 3129 168 61 educta
758 3129 101 61 de
808 3129 202 61 potentia
960 3129 202 61 materiae
1112 3129 118 61 est
1179 3129 152 61 vltia
1280 3129 236 61 necessitas
1465 3129 101 61 ad
1516 3129 168 61 animam
1617 3129 269 61 intellectiuam.

119 3175 101 91 Si
170 3175 135 91 ergo
254 3175 135 91 illa
338 3175 152 91 forma
439 3175 202 91 corporea
591 3175 185 91 manente
725 3175 152 91 anima
826 3175 236 91 separetur:
1012 3175 219 91 separatio
1180 3175 135 91 illa
1264 3175 118 91 est
1331 3175 253 91 inaturalis,
1533 3175 84 91 &
1567 3175 185 91 solummo
1685 3175 202 91 miraculosa
