2361 3720
532 290 200 99 dictorum
683 290 317 99 animaduertendum
950 290 134 99 quod
1033 290 150 99 circa
1133 290 150 99 illam
1233 290 167 99 formam
1350 290 217 99 corpoream
1517 290 167 99 duplex
1634 290 267 99 consideratur
1851 290 150 99 ordo.
1951 290 134 99 Vnus
2018 290 217 99 respqiactus

544 373 243 64 producendi
735 373 122 64 eam
804 373 104 64 in
856 373 156 64 esse:
960 373 156 64 Alius
1065 373 208 64 respectu
1221 373 156 64 actus
1325 373 260 64 perficiendi
1533 373 87 64 &
1568 373 156 64 dandi
1672 373 139 64 esse
1759 373 208 64 materiae
1915 373 87 64 &
1950 373 139 64 toti
2020 373 208 64 composito.

535 425 185 62 Habendo
669 425 134 62 vero
753 425 201 62 aspectum
904 425 101 62 ad
955 425 168 62 primum
1072 425 201 62 ordinem,
1223 425 151 62 dicta
1324 425 151 62 forma
1425 425 218 62 nequaquam
1592 425 117 62 est
1659 425 235 62 dispositio
1844 425 101 62 ad
1894 425 185 62 animam:
2029 425 117 62 sed
2079 425 151 62 eamtuor

537 481 138 63 dicta
629 481 169 63 faciunt
752 481 246 63 necessitatem
952 481 185 63 materiae
1090 481 92 63 ad
1136 481 169 63 animam:
1259 481 108 63 nec
1321 481 138 63 etiam
1413 481 231 63 naturaliter
1598 481 200 63 praecedit
1751 481 169 63 animam:
1874 481 108 63 sed
1936 481 231 63 naturaliter
2105 481 123 63 simili

540 536 130 62 eodem
626 536 173 62 instanti
756 536 173 62 secundum
886 536 101 62 rem
944 536 72 62 &
972 536 87 62 in
1016 536 130 62 eodem
1102 536 130 62 signo
1189 536 173 62 secundum
1319 536 173 62 rationem
1449 536 130 62 ambae
1535 536 144 62 formae
1636 536 216 62 producuntur
1810 536 87 62 in
1853 536 130 62 esse.
1939 536 159 62 Habendo
2055 536 144 62 quidem
2156 536 101 62 ait

532 587 125 77 ctum
611 587 94 77 ad
658 587 188 77 secundum
799 587 188 77 ordinem:
939 587 141 77 dicta
1033 587 141 77 forma
1127 587 188 77 corporea
1268 587 110 77 est
1331 587 219 77 dispositio
1503 587 94 77 ad
1550 587 172 77 animam:
1675 587 78 77 &
1707 587 204 77 praecedit
1863 587 141 77 ipsam
1957 587 94 77 in
2004 587 172 77 materia
2129 587 141 77 natu-

526 640 167 64 raliter.
651 640 83 64 Vt
693 640 111 64 enim
763 640 125 64 dicit
846 640 209 64 philosophus
1013 640 125 64 libro
1096 640 125 64 viii.
1180 640 167 64 Politic.
1305 640 139 64 Corpus
1402 640 70 64 &
1430 640 125 64 anima
1514 640 97 64 duo
1569 640 125 64 sunt.
1653 640 139 64 corpus
1750 640 125 64 autem
1834 640 278 64 generationeprius
2070 640 195 64 quamanima.

529 698 133 70 quod
612 698 199 70 iametiam
762 698 150 70 supra
862 698 199 70 diximus,
1011 698 83 70 &
1045 698 249 70 auctoritate
1244 698 233 70 Augustinus
1427 698 100 70 de
1477 698 299 70 ecclesiasticis
1726 698 233 70 dogmatibus
1909 698 299 70 confirmauimus.
2141 698 100 70 Illa

528 756 122 59 enim
604 756 137 59 forma
695 756 122 59 etsi
771 756 182 59 respectu
908 756 137 59 actus
999 756 213 59 producendi
1166 756 91 59 in
1212 756 122 59 esse
1288 756 106 59 nec
1349 756 182 59 perfecte
1486 756 106 59 nec
1547 756 213 59 imperfecte
1714 756 213 59 disponitur
1881 756 167 59 materia
2003 756 198 59 adanimam:
2140 756 106 59 tamen

527 808 171 68 respectu
655 808 128 68 actus
740 808 213 68 perficiendi
911 808 85 68 in
954 808 128 68 esse:
1039 808 114 68 ipsa
1110 808 100 68 est
1167 808 171 68 perfecta
1295 808 199 68 dispositio
1451 808 171 68 materiae
1579 808 85 68 ad
1622 808 156 68 animam:
1736 808 128 68 sicut
1821 808 213 68 incompletum
1992 808 114 68 quod
2063 808 171 68 perficit
2177 808 71 68 eam

527 868 178 55 respectu
661 868 222 55 complementi
839 868 119 55 quid
913 868 133 55 addit
1002 868 237 55 perfectionem
1194 868 89 55 in
1239 868 133 55 esse,
1328 868 74 55 &
1357 868 119 55 quod
1432 868 178 55 perficit
1565 868 104 55 eam
1624 868 178 55 secundum
1758 868 119 55 esse
1832 868 193 55 perfectum
1980 868 104 55 cum
2039 868 133 55 forma
2114 868 133 55 illaini

531 921 196 64 perfecta.
682 921 90 64 Et
727 921 106 64 hoc
787 921 106 64 est
847 921 121 64 quod
923 921 181 64 facilius
1058 921 181 64 dicitur:
1194 921 121 64 quod
1269 921 166 64 habendo
1390 921 181 64 aspectum
1526 921 90 64 ad
1571 921 136 64 fieri
1661 921 166 64 illarum
1782 921 196 64 formarum:
1933 921 106 64 vna
1993 921 136 64 nullo
2083 921 121 64 modo
2144 921 90 64 pere

528 979 145 57 cedit
625 979 162 57 aliam.
738 979 178 57 Habendo
867 979 145 57 autem
964 979 194 57 aspectum
1110 979 97 57 ad
1158 979 129 57 esse
1239 979 145 57 earum
1336 979 97 57 in
1384 979 194 57 materia,
1530 979 113 57 vna
1595 979 113 57 est
1659 979 226 57 dispositio
1837 979 97 57 ad
1885 979 145 57 aliam
1982 979 242 57 naturaliter
2160 979 81 57 pre

525 1038 171 65 cedens:
650 1038 187 65 secundum
790 1038 124 65 quod
868 1038 140 65 infra
961 1038 171 65 dicemus
1085 1038 233 65 dimensiones
1272 1038 249 65 interminatas
1474 1038 93 65 in
1521 1038 140 65 fieri
1614 1038 218 65 praecedere
1785 1038 156 65 formas
1894 1038 264 65 substantiales
2096 1038 140 65 genera-

527 1086 153 63 bilium
634 1086 77 63 &
665 1086 276 63 corruptibilium
894 1086 92 63 in
940 1086 184 63 materia:
1078 1086 92 63 in
1124 1086 123 63 esse
1201 1086 138 63 autem
1293 1086 138 63 sequi
1385 1086 123 63 eas.
1461 1086 123 63 Quia
1538 1086 138 63 autem
1630 1086 153 63 duobus
1737 1086 107 63 sic
1799 1086 92 63 se
1845 1086 215 63 habentibus
2013 1086 123 63 quod
2090 1086 123 63 vnum
2166 1086 107 63 non

522 1143 158 63 potest
633 1143 158 63 manere
743 1143 158 63 absque
854 1143 237 63 permanentia
1043 1143 205 63 alterius,
1201 1143 111 63 non
1264 1143 111 63 sit
1327 1143 253 63 inconueniens
1533 1143 174 63 virtute
1659 1143 158 63 diuina
1769 1143 142 63 illud
1864 1143 158 63 manere
1975 1143 126 63 quid
2054 1143 158 63 omnino
2164 1143 111 63 na-

520 1195 206 57 turaliter
679 1195 191 57 dependet
822 1195 79 57 a
854 1195 238 57 permanentia
1044 1195 206 57 alterius:
1203 1195 143 57 patet
1298 1195 95 57 in
1346 1195 222 57 substantia
1520 1195 143 57 panis
1616 1195 79 57 &
1647 1195 127 57 eius
1727 1195 270 57 accidentibus.
1949 1195 206 57 Accidinis
2092 1195 143 57 emnullo

522 1251 124 54 modo
600 1251 233 54 naturaliter
786 1251 140 54 natum
879 1251 109 54 est
941 1251 155 54 manere
1050 1251 124 54 sine
1127 1251 233 54 substantia.
1313 1251 78 54 &
1344 1251 140 54 tamen
1437 1251 109 54 non
1499 1251 171 54 manente
1623 1251 217 54 substantia
1794 1251 140 54 panis
1887 1251 93 54 in
1918 1251 310 54 transilbstantiatio

518 1303 93 62 ne
565 1303 155 62 manent
674 1303 217 62 accidentia
844 1303 109 62 per
906 1303 217 62 miraculum.
1077 1303 140 62 Etiam
1170 1303 93 62 si
1216 1303 171 62 materia
1340 1303 78 62 &
1371 1303 124 62 fora
1449 1303 233 62 naturaliter
1635 1303 279 62 corrumperentur
1867 1303 93 62 in
1914 1303 186 62 nihilum,
2053 1303 93 62 do
2100 1303 109 62 non
2146 1303 78 62 com

525 1359 185 57 seruante
663 1359 123 57 illa
741 1359 93 57 in
787 1359 123 57 esse
864 1359 185 57 secundum
1003 1359 139 57 modum
1096 1359 185 57 conmunem
1234 1359 262 57 manutenentiae
1450 1359 247 57 creaturarum:
1651 1359 139 57 licet
1744 1359 216 57 accidentia
1913 1359 139 57 simul
2006 1359 247 57 caderetnatu-

523 1413 162 59 raliter
641 1413 89 59 in
686 1413 177 59 nihilum,
818 1413 133 59 tamen
907 1413 177 59 miraculo
1040 1413 118 59 deus
1114 1413 148 59 posset
1217 1413 118 59 illa
1291 1413 148 59 tenere
1394 1413 89 59 in
1438 1413 133 59 esse.
1527 1413 118 59 Quia
1600 1413 177 59 arguitur
1733 1413 118 59 quod
1807 1413 118 59 ista
1881 1413 162 59 positio
1999 1413 103 59 est
2058 1413 207 59 sollarias.

524 1468 184 66 Dicendum
662 1468 123 66 quod
739 1468 108 66 non
800 1468 108 66 est
862 1468 92 66 in
908 1468 154 66 aliquo
1015 1468 200 66 solitaria
1169 1468 230 66 praeterquam
1353 1468 92 66 in
1399 1468 123 66 modo
1476 1468 230 66 conseruandi
1660 1468 154 66 formam
1768 1468 184 66 corporis
1906 1468 169 66 Christi
2029 1468 92 66 in
2075 1468 123 66 esse
2136 1468 108 66 post-

522 1532 154 61 animae
629 1532 262 61 separationem.
845 1532 92 61 In
891 1532 170 61 omnibus
1015 1532 123 61 enim
1092 1532 139 61 aliis
1184 1532 108 61 vel
1246 1532 108 61 cum
1307 1532 108 61 vna
1369 1532 108 61 vel
1431 1532 108 61 cum
1492 1532 154 61 altera
1600 1532 92 61 ex
1646 1532 139 61 aliis
1739 1532 154 61 duabus
1847 1532 170 61 famosis
1970 1532 231 61 opinionibus
2140 1532 92 61 con-

518 1580 178 55 currit:
647 1580 81 55 &
680 1580 113 55 quo
745 1580 97 55 ad
793 1580 146 55 illud
890 1580 130 55 quod
971 1580 113 55 est
1036 1580 97 55 ei
1085 1580 243 55 solitarium,
1279 1580 146 55 plane
1376 1580 162 55 posuit
1490 1580 146 55 illam
1587 1580 211 55 Hilarius:
1749 1580 97 55 vt
1798 1580 146 55 patet
1895 1580 97 55 in
1943 1580 146 55 dicta
2024 1580 211 55 auctoritate

522 1633 103 61 ix.
581 1633 89 61 de
626 1633 207 61 trinitate.
788 1633 74 61 &
818 1633 133 61 plane
906 1633 251 61 praenunciauit
1113 1633 177 61 propheta
1246 1633 148 61 quando
1350 1633 148 61 dixit.
1453 1633 103 61 Non
1512 1633 133 61 dabis
1601 1633 163 61 sanctum
1719 1633 118 61 tuum
1793 1633 148 61 videre
1896 1633 251 61 corruptionem:
2103 1633 89 61 it
2133 1633 103 61 patet

529 1692 96 65 ex
577 1692 240 65 expositione
769 1692 240 65 Augustinus.
961 1692 128 65 Quia
1041 1692 160 65 arguit
1153 1692 128 65 quod
1233 1692 144 65 magis
1329 1692 256 65 inconueniens
1537 1692 112 65 est
1601 1692 192 65 apparens
1745 1692 160 65 contra
1857 1692 176 65 naturam
1969 1692 256 65 relinpositione

521 1741 170 75 plurium
644 1741 185 75 formarum
783 1741 93 75 in
830 1741 154 75 homine
938 1741 124 75 quam
1015 1741 154 75 contra
1123 1741 139 75 facta
1216 1741 93 75 in
1262 1741 201 75 positione
1417 1741 154 75 vnius:
1525 1741 185 75 Dicendum
1664 1741 124 75 quod
1741 1741 108 75 non
1803 1741 108 75 est
1865 1741 247 75 inconueniens
2066 1741 108 75 pie
2112 1741 108 75 quper

516 1800 136 68 rimur
607 1800 106 68 per
667 1800 181 68 rationes
803 1800 197 68 naturales
954 1800 91 68 in
1000 1800 166 68 naturis
1121 1800 136 68 rerum
1211 1800 181 68 secundum
1347 1800 197 68 doctrinas
1498 1800 257 68 philosophicas
1710 1800 136 68 illis
1801 1800 166 68 factis.
1907 1800 317 68 Situndeillisallquis

519 1854 234 69 intellexerit
710 1854 132 69 (quod
797 1854 102 69 non
856 1854 102 69 est
914 1854 219 69 verisimile)
1090 1854 117 69 quae
1163 1854 88 69 in
1207 1854 219 69 sacramentis
1383 1854 73 69 &
1412 1854 88 69 in
1456 1854 132 69 aliis
1543 1854 146 69 factis
1646 1854 249 69 pertinentibus
1851 1854 88 69 ad
1895 1854 132 69 fidem
1982 1854 132 69 certa
2070 1854 190 69 tenemiisa

524 1903 164 74 diuina
639 1903 279 74 instructione:
868 1903 115 74 tum
934 1903 181 74 minimum
1065 1903 263 74 inconueniens
1279 1903 197 74 apparens
1427 1903 99 74 in
1476 1903 115 74 eis
1541 1903 131 74 quae
1624 1903 131 74 fide
1706 1903 197 74 tenemus,
1853 1903 181 74 maximum
1985 1903 181 74 debemus
2100 1903 131 74 repuia

514 1963 89 62 re
559 1963 252 62 inconveniens:
767 1963 74 62 &
796 1963 149 62 dicere
900 1963 119 62 quod
975 1963 208 62 quaecumque
1138 1963 134 62 ratio
1227 1963 149 62 humana
1331 1963 252 62 quantuncumque
1539 1963 163 62 efficax
1658 1963 193 62 appareat,
1806 1963 134 62 tamen
1895 1963 297 62 verisinilituline
2148 1963 104 62 de-

523 2026 151 59 cipit.
629 2026 182 59 secundum
765 2026 121 59 quod
841 2026 136 59 dicit
931 2026 212 59 Augustinus
1098 2026 91 59 de
1143 2026 212 59 rationibus
1309 2026 121 59 quae
1385 2026 212 59 inducuntur
1551 2026 151 59 contra
1657 2026 197 59 veritates
1809 2026 197 59 contentas
1960 2026 91 59 in
1990 2026 242 59 sacasttiptura.

524 2073 108 75 cum
585 2073 155 75 quarum
694 2073 186 75 veritate
833 2073 170 75 eiusdem
957 2073 247 75 auctoritatis
1158 2073 124 75 sunt
1235 2073 124 75 quae
1312 2073 93 75 in
1359 2073 232 75 sacramentis
1544 2073 201 75 ecclesiae
1699 2073 77 75 &
1730 2073 139 75 circa
1823 2073 186 75 peccatum
1962 2073 201 75 oribinale
2117 2073 77 75 &
2132 2073 93 75 cae-

521 2127 131 61 tera
603 2127 213 61 instituta
766 2127 82 61 a
799 2127 180 61 Christo
930 2127 82 61 &
963 2127 82 61 a
996 2127 115 61 deo
1061 2127 147 61 facta
1160 2127 180 61 tenemus
1291 2127 98 61 ex
1340 2127 262 61 consuetudine
1553 2127 213 61 ecclesiae
1717 2127 82 61 &
1750 2127 164 61 dictis
1864 2127 229 61 sanctorum,
2045 2127 131 61 etsi
2110 2127 115 61 deil-

514 2176 108 66 lis
575 2176 93 66 in
622 2176 139 66 sacra
715 2176 201 66 scriptura
869 2176 139 66 nulla
962 2176 155 66 omnino
1070 2176 155 66 fieret
1178 2176 170 66 mentio.
1302 2176 93 66 Et
1349 2176 124 66 ideo
1426 2176 309 66 incomparabiliter
1689 2176 232 66 praeferenda
1874 2176 124 66 sunt
1952 2176 294 66 hiusiodnifacta&
2184 2176 46 66 s

523 2238 113 69 crae
594 2238 198 69 scripturae
749 2238 127 69 dicta
834 2238 156 69 omnibus
948 2238 99 69 eis
1004 2238 113 69 quae
1075 2238 71 69 a
1103 2238 212 69 philosophis
1273 2238 127 69 dicta
1358 2238 113 69 sunt
1429 2238 71 69 &
1457 2238 170 69 scripta:
1585 2238 99 69 nec
1641 2238 127 69 illis
1726 2238 212 69 comparanda,
1896 2238 113 69 quia
1967 2238 85 69 vt
1995 2238 241 69 diciturinplalde

517 2297 237 71 philosophis
707 2297 111 71 qui
770 2297 142 71 erant
865 2297 127 71 suis
945 2297 206 71 doctrinis
1103 2297 174 71 iudices
1230 2297 79 71 &
1261 2297 190 71 doctores
1404 2297 190 71 gentium,
1546 2297 190 71 Absorpti
1689 2297 127 71 sunt
1768 2297 158 71 iuncti
1879 2297 158 71 petrae
1990 2297 174 71 iudices
2100 2297 127 71 eorum.

537 2344 113 80 Vbi
601 2344 145 80 dicit
698 2344 242 80 Augustinus.
892 2344 178 80 Petrae.
1021 2344 97 80 i.
1070 2344 194 80 Christo.
1215 2344 226 80 coniuncti.
1393 2344 97 80 i.
1441 2344 210 80 comparati
1603 2344 178 80 iudices
1732 2344 145 80 eorum
1829 2344 178 80 tamquam
1958 2344 226 80 iudicantes
2120 2344 113 80 demo-

512 2391 171 78 ribus,
631 2391 85 78 &
665 2391 239 78 sententiam
853 2391 273 78 proferentes.
1075 2391 154 78 Dixit
1177 2391 119 78 hoc
1246 2391 273 78 Aristoteles.
1467 2391 188 78 Adiunge
1604 2391 154 78 illum
1706 2391 188 78 petrae:
1843 2391 85 78 &
1877 2391 222 78 absorpius
2047 2391 136 78 est:
2133 2391 136 78 apud

519 2444 179 76 inferos
649 2444 277 76 contremiscit.
877 2444 147 76 Dixit
975 2444 114 76 hoc
1040 2444 244 76 Pythagoras:
1235 2444 147 76 dixit
1333 2444 114 76 hoc
1398 2444 163 76 Plato.
1512 2444 179 76 Adiunge
1642 2444 147 76 illos
1740 2444 179 76 petrae:
1870 2444 179 76 compara
2000 2444 260 76 aucturitatem

524 2502 176 74 illorum
652 2502 240 74 auctoritati
843 2502 256 74 euangelicae:
1051 2502 176 74 compara
1179 2502 192 74 inflatos
1323 2502 176 74 Christo
1450 2502 224 74 crucifixo.
1626 2502 176 74 Dicimus
1754 2502 128 74 eis.
1834 2502 112 74 Vos
1898 2502 128 74 lris
1977 2502 176 74 Lellias
2089 2502 144 74 conseri

525 2557 189 76 psistis
662 2557 103 76 in
714 2557 206 76 cordibus
868 2557 258 76 superborum:
1075 2557 137 76 ille
1161 2557 172 76 crucem
1281 2557 137 76 suam
1367 2557 155 76 fixit
1470 2557 103 76 in
1521 2557 223 76 frontibus
1693 2557 172 76 regum.
1814 2557 137 76 ergo
1900 2557 206 76 absorpti
2054 2557 137 76 sunt
2123 2557 103 76 iumo

513 2625 118 69 cti
580 2625 168 69 petrae
698 2625 185 69 iudices
832 2625 168 69 eorum.
950 2625 168 69 Tandiu
1067 2625 202 69 videntur
1218 2625 185 69 aliquid
1353 2625 168 69 dicere
1470 2625 151 69 donec
1571 2625 252 69 comparentur
1773 2625 185 69 petrae.
1907 2625 218 69 Propterea
2058 2625 168 69 Iinlltii

515 2670 125 73 tus
586 2670 178 73 fuerit
711 2670 196 73 aliquis
854 2670 160 73 eorum
961 2670 178 73 dicere
1085 2670 143 73 quod
1175 2670 160 73 dixit
1281 2670 214 73 Christus
1442 2670 303 73 congratulamur
1691 2670 160 73 illi.
1798 2670 125 73 Sed
1870 2670 160 73 erunt
1977 2670 160 73 multi
2066 2670 160 73 quiconi

516 2717 205 83 dicant.
665 2717 149 83 Quid
758 2717 149 83 ergo
851 2717 167 83 erit:
963 2717 205 83 audient
1111 2717 167 83 verba
1223 2717 130 83 mea
1297 2717 205 83 quoniam
1446 2717 335 83 praeualuerunt.
1725 2717 316 83 Praeualuerunt
1985 2717 167 83 verba
2078 2717 149 83 meaer-

519 2785 116 76 bis
586 2785 200 76 illorum.
736 2785 150 76 Dicta
835 2785 133 76 sunt
919 2785 183 76 quaedam
1052 2785 100 76 ab
1102 2785 116 76 eis
1168 2785 216 76 discrete:
1335 2785 116 76 sed
1401 2785 83 76 a
1434 2785 100 76 me
1484 2785 150 76 vere.
1584 2785 133 76 Ecce
1667 2785 133 76 quod
1751 2785 183 76 quamdiu
1884 2785 116 76 non
1950 2785 183 76 fuerint
2067 2785 166 76 companta

519 2842 153 62 dicta
621 2842 289 62 philosophorum
859 2842 170 62 dictis
978 2842 85 62 &
1012 2842 170 62 factis
1131 2842 204 62 Christi:
1284 2842 170 62 dictis
1402 2842 102 62 in
1453 2842 153 62 sacra
1555 2842 238 62 scriptura:
1742 2842 85 62 &
1776 2842 170 62 factis
1895 2842 102 62 in
1946 2842 255 62 sacramentis
2150 2842 119 62 &in

516 2881 191 82 corpore
655 2881 122 82 quo
724 2881 104 82 ad
776 2881 261 82 identitatem
985 2881 104 82 in
1037 2881 139 82 viuo
1124 2881 87 82 &
1159 2881 191 82 mortuo,
1298 2881 87 82 &
1332 2881 209 82 corporis
1489 2881 348 82 praeseruationem,
1784 2881 87 82 &
1819 2881 156 82 etiam
1923 2881 104 82 in
1975 2881 191 82 corpore
2097 2881 139 82 nollto

519 2930 126 89 quo
591 2930 108 89 ad
645 2930 252 89 originalis
843 2930 306 89 propagationem
1096 2930 90 89 &
1132 2930 198 89 caetera
1276 2930 252 89 huiusmodi:
1474 2930 180 89 tandiu
1600 2930 198 89 possunt
1744 2930 180 89 videri
1871 2930 180 89 dicere
1997 2930 198 89 aliquid
2123 2930 108 89 dis-

512 3008 173 63 crete:
633 3008 121 63 sed
702 3008 121 63 cum
771 3008 260 63 comparantur
979 3008 173 63 petrae
1100 3008 104 63 in
1152 3008 173 63 dictis
1274 3008 87 63 &
1308 3008 190 63 factis:
1447 3008 104 63 si
1499 3008 277 63 contradicant
1724 3008 121 63 non
1793 3008 121 63 est
1862 3008 121 63 eis
1932 3008 208 63 vlterius
2070 3008 156 63 creden-

520 3057 147 68 dum:
612 3057 165 68 quasi
722 3057 202 68 aliquid
869 3057 184 68 dicant
998 3057 165 68 vere.
1108 3057 147 68 Vnde
1200 3057 147 68 quia
1292 3057 165 68 tanta
1402 3057 165 68 sequi
1512 3057 221 68 videntur
1678 3057 331 68 inconuenientia
1953 3057 147 68 cira
2027 3057 202 68 praedicta

519 3105 152 76 facta
620 3105 169 76 diuina
738 3105 101 76 ex
789 3105 219 76 positione
958 3105 152 76 vnius
1059 3105 169 76 solius
1177 3105 169 76 formae
1295 3105 287 76 substantialis
1531 3105 101 76 in
1581 3105 185 76 homine:
1716 3105 287 76 quantuncumque
1952 3105 152 76 nilli
2037 3105 185 76 terisimi-

522 3142 128 88 lis
595 3142 164 88 ratio
704 3142 292 88 produceretur
941 3142 109 88 ex
996 3142 292 88 philosophia,
1233 3142 146 88 etsi
1324 3142 164 88 forte
1434 3142 128 88 eam
1507 3142 201 88 soluere
1653 3142 237 88 nescirem,
1835 3142 237 88 solubilem
2017 3142 128 88 tan
2090 3142 91 88 a
2127 3142 128 88 ma-

511 3205 124 91 gis
582 3205 177 91 perito
706 3205 230 91 crederem.
883 3205 106 91 Et
936 3205 141 91 quod
1024 3205 194 91 amplius
1165 3205 141 91 est,
1254 3205 106 91 si
1307 3205 124 91 non
1377 3205 194 91 possent
1519 3205 177 91 vitari
1643 3205 159 91 omnia
1749 3205 318 91 inconuenientia
2014 3205 159 91 cirea
2102 3205 124 91 dicta
