2442 3688
786 268 241 93 Equuntur
966 268 301 93 quaestiones
1207 268 301 93 pertinentes
1448 268 120 93 ad
1508 268 261 93 aliquorum
1709 268 221 93 hominum
1869 268 160 93 bona
1969 268 241 93 carnalia
2130 268 120 93 siue

783 353 285 74 temporalia.
1011 353 114 74 Et
1068 353 171 74 erant
1181 353 209 74 quaedam
1333 353 285 74 pertinentes
1561 353 266 74 communiter
1770 353 114 74 ad
1827 353 152 74 bona
1921 353 285 74 ecclesiarum
2149 353 95 74 &
2168 353 76 74 se

779 403 220 58 cularium
944 403 275 58 personarum.
1164 403 202 58 Quaedam
1311 403 147 58 vero
1402 403 165 58 aliae
1512 403 275 58 pertinentes
1732 403 275 58 specialiter
1953 403 110 58 ad
2008 403 147 58 bona
2081 403 165 58 persona

776 454 139 66 rum
855 454 416 66 ecclesiasticarum.
1212 454 178 66 ClRca
1331 454 198 66 primum
1469 454 178 66 erant
1588 454 178 66 duae:
1707 454 198 66 quarum
1846 454 178 66 prima
1965 454 158 66 erat
2064 454 119 66 de
2123 454 158 66 modo

772 509 267 76 acquirendi
982 509 153 76 bona
1077 509 305 76 quorumcunque
1326 509 95 76 a
1364 509 325 76 quibuscunque.
1631 509 210 76 Secunda
1784 509 153 76 erat
1879 509 286 76 specialiter
2108 509 115 76 de
2147 509 95 76 mo-

785 562 115 66 do
842 562 268 66 acquirendi
1053 562 153 66 bona
1149 562 268 66 subditorum
1360 562 96 66 a
1398 562 288 66 principibus
1628 562 96 66 &
1667 562 268 66 praelatis.
1878 562 173 66 PRIma
1993 562 173 66 erat:
2108 562 173 66 vtrum

782 615 197 60 licitum
925 615 125 60 sit
997 615 197 60 vendere
1140 615 215 60 redditus
1302 615 107 60 ad
1355 615 179 60 vitam.
1481 615 197 60 SEcunda
1624 615 161 60 erat:
1732 615 161 60 vtrum
1839 615 215 60 princeps
2000 615 179 60 licite
2108 615 143 60 potest

473 673 172 66 tenere
593 673 137 66 bona
679 673 206 66 alicuius
833 673 137 66 sibi
919 673 120 66 per
988 673 206 66 publicam
1142 673 223 66 iustitiam
1314 673 240 66 adiudicata
1502 673 189 66 propter
1640 673 172 66 culpam
1760 673 137 66 illi
1845 673 240 66 impositam,
2034 673 137 66 quem
2120 673 103 66 in
2154 673 86 66 rei

471 726 210 61 veritate
628 726 140 61 scit
715 726 140 61 esse
803 726 262 61 innocentem.
1012 726 157 61 ClRca
1117 726 175 61 primum
1239 726 227 61 arguitur,
1414 726 140 61 quod
1502 726 157 61 nullo
1606 726 140 61 modo
1694 726 157 61 licet
1799 726 192 61 vendere
1938 726 210 61 redditus
2096 726 105 61 ad
2131 726 122 61 vitam

479 778 126 67 quia
558 778 110 67 non
621 778 141 67 licet
715 778 141 67 emere
809 778 188 67 redditus
950 778 94 67 ad
998 778 157 67 vitam,
1108 778 94 67 vt
1155 778 141 67 alias
1249 778 251 67 determinatum
1453 778 141 67 fuit.
1547 778 79 67 &
1579 778 141 67 eadem
1673 778 110 67 est
1736 778 141 67 ratio
1830 778 188 67 illiciti
1971 778 94 67 ex
2018 778 141 67 parte
2097 778 157 67 vedentis

483 831 129 60 quae
564 831 113 60 est
628 831 97 60 ex
677 831 145 60 parte
773 831 194 60 ementis:
919 831 129 60 nisi
999 831 129 60 quia
1080 831 129 60 plus
1161 831 194 60 expectat
1306 831 194 60 accipere
1451 831 97 60 de
1500 831 161 60 alieno
1612 831 113 60 per
1677 831 161 60 partes
1790 831 226 60 successiue
1968 831 129 60 quam
2048 831 145 60 dedit
2145 831 97 60 de
2177 831 81 60 suo

472 887 211 65 sperando
630 887 193 65 diutius
771 887 176 65 viuere
894 887 211 65 postquam
1052 887 176 65 fortem
1175 887 246 65 receperit.
1368 887 88 65 &
1403 887 158 65 eadem
1508 887 123 65 est
1579 887 158 65 ratio
1684 887 105 65 ex
1737 887 158 65 parte
1842 887 246 65 vendentis.
2035 887 211 65 Expectat
2176 887 70 65 ei

470 939 150 72 minus
570 939 134 72 dare
654 939 100 72 de
704 939 117 72 suo
771 939 117 72 per
838 939 167 72 partes
955 939 234 72 successiue
1138 939 134 72 quam
1222 939 184 72 recepit
1355 939 150 72 simul
1455 939 100 72 de
1506 939 184 72 alieno:
1639 939 200 72 sperando
1789 939 134 72 quod
1873 939 167 72 emptor
1990 939 167 72 citius
2090 939 167 72 moriatur

486 981 142 78 quam
575 981 231 78 acceperit
753 981 160 78 vltra
860 981 196 78 fortem.
1003 981 107 78 IN
1056 981 249 78 contrarium
1252 981 142 78 est.
1341 981 196 78 quoniam
1483 981 160 78 facto
1590 981 249 78 approbatur
1786 981 89 78 a
1822 981 196 78 multis,
1964 981 89 78 &
2000 981 160 78 verbo
2107 981 89 78 a
2124 981 125 78 nullo

480 1047 317 63 contradicitur,
745 1047 141 63 quod
833 1047 123 63 non
903 1047 194 63 videtur
1044 1047 159 63 posse
1150 1047 159 63 fieri
1255 1047 141 63 nisi
1344 1047 159 63 esset
1449 1047 211 63 licitum.
1608 1047 282 63 ISTAquaestio
1837 1047 106 63 vt
1890 1047 159 63 credo
1995 1047 141 63 mota
2083 1047 141 63 fuit
2154 1047 88 63 pro

487 1103 140 61 pter
574 1103 227 61 conuersam
748 1103 174 61 huius,
870 1103 105 61 an
923 1103 174 61 liceat
1045 1103 157 61 emere
1149 1103 209 61 redditus
1306 1103 105 61 ad
1359 1103 174 61 vitam:
1481 1103 105 61 de
1533 1103 122 61 qua
1603 1103 262 61 determinaui
1812 1103 140 61 quod
1899 1103 140 61 non:
1986 1103 140 61 quod
2074 1103 105 61 vt
2108 1103 140 61 intel-

484 1162 141 59 lexi
572 1162 229 59 aliquibus
748 1162 264 59 displicuit.
960 1162 141 59 quod
1048 1162 176 59 reuera
1171 1162 123 59 non
1241 1162 141 59 dixi
1329 1162 106 59 in
1382 1162 194 59 fauorem
1523 1162 123 59 vel
1594 1162 158 59 odium
1699 1162 229 59 alicuius:
1875 1162 123 59 sed
1946 1162 158 59 teste
2051 1162 123 59 deo
2104 1162 141 59 loquar

477 1213 141 65 ipsa
565 1213 211 65 veritate
724 1213 193 65 quantum
864 1213 141 65 mihi
952 1213 246 65 apparuerit
1146 1213 211 65 coactus,
1304 1213 158 65 iuxta
1410 1213 123 65 hoc
1480 1213 141 65 quod
1568 1213 123 65 ibi
1638 1213 246 65 declaratum
1832 1213 158 65 fuit.
1937 1213 141 65 iNec
2025 1213 106 65 in
2078 1213 123 65 rei
2131 1213 123 65 veri-

473 1270 135 57 tate
558 1270 152 57 adhuc
659 1270 135 57 mihi
744 1270 152 57 aliud
845 1270 135 57 quam
930 1270 135 57 tunc
1014 1270 135 57 dixi
1099 1270 203 57 apparet.
1251 1270 135 57 Quid
1336 1270 118 57 cum
1403 1270 254 57 apparuerit,
1606 1270 220 57 quocumque
1775 1270 203 57 docente,
1928 1270 118 57 vel
1995 1270 152 57 etiam
2080 1270 169 57 ecclesia

478 1312 253 64 contrarium
677 1312 181 64 teneri
803 1312 307 64 praecipiente,
1056 1312 181 64 absque
1182 1312 144 64 omni
1273 1312 253 64 confusione
1471 1312 90 64 &
1507 1312 253 64 rebellione
1706 1312 199 64 paratus
1851 1312 126 64 ero
1923 1312 199 64 obedire
2067 1312 108 64 in
2122 1312 126 64 hoc
2176 1312 72 64 si

472 1366 134 69 cut
548 1366 96 69 &
587 1366 115 69 in
644 1366 210 69 omnibus
797 1366 172 69 aliis
912 1366 306 69 determinatis
1160 1366 96 69 &
1198 1366 344 69 determinandis.
1485 1366 306 69 aliquantulum
1734 1366 172 69 tamen
1848 1366 210 69 certior
2001 1366 134 69 sum
2078 1366 134 69 pro
2135 1366 115 69 tunc

473 1423 250 61 determinato
673 1423 133 61 quam
757 1423 133 61 tunc
840 1423 150 61 eram:
940 1423 133 61 quia
1023 1423 133 61 scio
1106 1423 133 61 quod
1190 1423 150 61 magni
1290 1423 133 61 viri
1373 1423 133 61 idem
1456 1423 200 61 sentiunt
1606 1423 100 61 in
1656 1423 150 61 dicta
1756 1423 233 61 quaestione
1939 1423 133 61 quid
2023 1423 133 61 ego,
2089 1423 167 61 secundum

481 1475 135 69 quod
565 1475 202 69 dixerunt
717 1475 152 69 mihi.
818 1475 168 69 Dictum
936 1475 118 69 est
1003 1475 152 69 etiam
1104 1475 135 69 mihi
1189 1475 84 69 a
1222 1475 168 69 quodam
1340 1475 135 69 quod
1425 1475 152 69 vidit
1526 1475 135 69 duas
1610 1475 168 69 bullas
1728 1475 185 69 papales
1863 1475 236 69 impetratas
2048 1475 168 69 contra
2149 1475 101 69 emen

481 1531 127 66 tes
553 1531 109 66 ad
608 1531 163 66 vitam
717 1531 109 66 ad
771 1531 291 66 restituendum
1007 1531 236 66 perceptum
1189 1531 163 66 vltra
1298 1531 200 66 fortem.
1443 1531 127 66 Sed
1516 1531 145 66 haec
1607 1531 236 66 hactenus.
1788 1531 109 66 Ad
1843 1531 272 66 intellectum
2060 1531 145 66 ergo
2133 1531 109 66 eius

477 1587 142 64 quod
566 1587 212 64 dicendum
725 1587 142 64 est,
814 1587 106 64 in
867 1587 124 64 hac
938 1587 248 64 quaestione
1132 1587 230 64 reducenda
1310 1587 142 64 sunt
1398 1587 106 64 ad
1451 1587 212 64 memoriam
1611 1587 195 64 quaedam
1752 1587 159 64 tacta
1858 1587 106 64 in
1912 1587 177 64 quadam
2036 1587 142 64 alia
2124 1587 159 64 quae-

475 1634 166 68 stione
592 1634 133 68 anni
675 1634 283 68 praecedentis,
908 1634 216 68 videlicet
1074 1634 100 68 an
1124 1634 166 68 liceat
1240 1634 150 68 emere
1340 1634 166 68 vilius
1457 1634 100 68 vt
1507 1634 266 68 incontinenti
1723 1634 200 68 vendatur
1872 1634 183 68 carius.
2006 1634 100 68 de
2055 1634 116 68 qua
2105 1634 150 68 determi

471 1689 167 63 natum
583 1689 149 63 fuit
676 1689 149 63 quod
769 1689 149 63 non.
862 1689 186 63 Contra
992 1689 149 63 quam
1085 1689 353 63 determinationem
1382 1689 260 63 similiter,
1586 1689 111 63 vt
1642 1689 242 63 intellexi
1828 1689 186 63 multum
1958 1689 149 63 fuit
2032 1689 223 63 murmuratum

482 1740 89 61 &
518 1740 161 61 tamen
625 1740 107 61 vt
679 1740 161 61 credo
786 1740 125 61 non
858 1740 215 61 continet
1018 1740 143 61 nisi
1108 1740 232 61 naturalis
1287 1740 161 61 iuris
1394 1740 268 61 aequitatis:
1608 1740 215 61 secundum
1769 1740 143 61 quam
1859 1740 215 61 pertinet
2020 1740 107 61 ad
2055 1740 197 61 theologos

472 1793 237 65 huiusmodi
654 1793 273 65 quaestiones
872 1793 291 65 determinare.
1109 1793 109 65 Si
1164 1793 146 65 enim
1255 1793 218 65 secundum
1419 1793 255 65 aequitatem
1619 1793 164 65 iuris
1728 1793 200 65 ciuilis
1874 1793 127 65 aut
1946 1793 218 65 canonici
2092 1793 164 65 possent

481 1857 289 57 determinari,
716 1857 127 57 hoc
788 1857 127 57 non
861 1857 127 57 est
933 1857 145 57 nisi
1024 1857 235 57 inquantum
1205 1857 163 57 ortum
1313 1857 181 57 habent
1440 1857 109 57 ex
1494 1857 199 57 regulis
1639 1857 235 57 naturalis
1820 1857 163 57 iuris
1928 1857 90 57 &
1965 1857 199 57 diuini.
2109 1857 181 57 Dictum

483 1901 141 66 autem
577 1901 125 66 fuit
655 1901 94 66 in
702 1901 250 66 declaratione
906 1901 156 66 illius
1015 1901 250 66 quaestionis,
1219 1901 125 66 quod
1297 1901 188 66 iustitia
1438 1901 125 66 quae
1516 1901 110 66 est
1578 1901 172 66 moralis
1704 1901 172 66 virtus,
1829 1901 188 66 medietas
1969 1901 172 66 quaedam
2095 1901 110 66 est
2142 1901 110 66 inter

488 1954 132 66 plus
570 1954 82 66 &
603 1954 148 66 minus
702 1954 148 66 circa
800 1954 280 66 conmutationes
1031 1954 82 66 &
1064 1954 313 66 communicationes
1328 1954 148 66 rerum
1426 1954 214 66 faciendas
1591 1954 198 66 hominium
1739 1954 148 66 inter
1838 1954 115 66 se,
1904 1954 99 66 vt
1954 1954 99 66 in
2003 1954 148 66 mutua
2085 1954 165 66 conversa

489 2009 151 61 tione
590 2009 134 61 siue
674 2009 303 61 communicatione
926 2009 219 61 naturalem
1094 2009 185 61 seruent
1229 2009 252 61 aequitatem:
1430 2009 118 61 nec
1498 2009 202 61 indebite
1649 2009 252 61 subtrahatur
1851 2009 118 61 vni
1918 2009 134 61 quid
2002 2009 185 61 addatur
2120 2009 134 61 alteri

488 2061 81 59 &
520 2061 114 59 sic
585 2061 146 59 fiant
682 2061 227 59 inaequales
861 2061 81 59 &
893 2061 195 59 recedant
1039 2061 97 59 ab
1088 2061 243 59 aequalitate
1283 2061 130 59 quam
1364 2061 146 59 prius
1461 2061 211 59 habuerunt
1623 2061 146 59 inter
1721 2061 97 59 se
1769 2061 162 59 quando
1883 2061 162 59 neuter
1996 2061 162 59 alteri
2110 2061 178 59 debebat

486 2115 153 70 aliud
588 2115 136 70 quam
673 2115 170 70 mutuam
792 2115 238 70 charitatis
979 2115 272 70 dilectionem,
1200 2115 153 70 iuxta
1302 2115 153 70 illud
1405 2115 136 70 quod
1490 2115 153 70 dicit
1592 2115 221 70 Apostolus
1762 2115 119 70 Ro.
1830 2115 153 70 xiii.
1932 2115 170 70 Nemini
2051 2115 204 70 quicquam
2187 2115 68 70 de

482 2167 152 61 beatis
588 2167 122 61 nisi
665 2167 91 61 vt
710 2167 168 61 inuicem
832 2167 213 61 diligatis.
1000 2167 137 61 Talis
1091 2167 122 61 enim
1167 2167 107 61 est
1228 2167 183 61 aequitas
1365 2167 122 61 siue
1442 2167 229 61 aequalitas:
1624 2167 122 61 quae
1701 2167 137 61 debet
1792 2167 198 61 custodiri
1944 2167 91 61 in
1990 2167 152 61 mutuis
2081 2167 168 61 contracti

485 2221 110 55 bus
548 2221 141 55 inter
642 2221 189 55 homines,
784 2221 94 55 vt
831 2221 110 55 ibi
894 2221 126 55 bene
972 2221 157 55 (sicut
1082 2221 157 55 credo)
1192 2221 126 55 fuit
1271 2221 204 55 probatum.
1428 2221 79 55 &
1459 2221 110 55 hoc
1522 2221 110 55 fit
1585 2221 157 55 quando
1695 2221 157 55 neuter
1805 2221 126 55 plus
1884 2221 173 55 recipit
2009 2221 94 55 de
2056 2221 94 55 eo
2104 2221 126 55 quid
2166 2221 79 55 est

484 2277 194 63 alterius
629 2277 129 63 quam
710 2277 113 63 det
775 2277 97 63 de
823 2277 129 63 suo,
904 2277 97 63 vt
953 2277 210 63 similiter
1114 2277 129 63 fuit
1195 2277 113 63 ibi
1260 2277 226 63 expositum.
1438 2277 129 63 Dico
1518 2277 162 63 igitur
1632 2277 129 63 quod
1713 2277 129 63 quia
1793 2277 97 63 in
1842 2277 162 63 mutuis
1955 2277 259 63 contractibus
2149 2277 97 63 com-

476 2327 244 68 mutationis
667 2327 174 68 nuilus
789 2327 226 68 voluntate
963 2327 209 68 absoluta
1120 2327 87 68 &
1155 2327 174 68 sciens
1277 2327 139 68 plus
1364 2327 139 68 dare
1451 2327 174 68 vellet
1573 2327 139 68 quam
1660 2327 244 68 reciperet,
1851 2327 139 68 etsi
1939 2327 157 68 daret
2043 2327 122 68 vel
2113 2327 174 68 quodam

471 2385 153 68 modo
567 2385 134 68 iam
643 2385 211 68 coactum
796 2385 115 68 se
854 2385 230 68 sentiret
1026 2385 211 68 propter
1179 2385 306 68 necessitatem
1428 2385 191 68 emendi
1562 2385 211 68 alienum
1715 2385 134 68 vel
1792 2385 230 68 vendendi
1964 2385 172 68 suum:
2079 2385 134 68 vel
2136 2385 115 68 post

475 2436 139 64 modum
567 2436 108 64 cum
629 2436 216 64 perciperet
799 2436 185 64 deceptum
938 2436 93 64 se
984 2436 263 64 intelligeret:
1201 2436 124 64 quid
1278 2436 139 64 autem
1371 2436 77 64 a
1401 2436 170 64 quoquam
1525 2436 201 64 obtinetur
1679 2436 139 64 quasi
1772 2436 185 64 coactum:
1911 2436 77 64 &
1942 2436 108 64 ita
2004 2436 108 64 per
2050 2436 201 64 extortionem

489 2490 109 66 vel
552 2490 109 66 per
614 2490 125 66 eius
692 2490 250 66 nescientiam:
895 2490 78 66 &
926 2490 109 66 ita
989 2490 109 66 per
1051 2490 234 66 deceptionem
1239 2490 172 66 iniuste
1363 2490 219 66 obtinetur:
1535 2490 156 66 igitur
1644 2490 94 66 in
1691 2490 125 66 tali
1769 2490 203 66 contractu
1925 2490 109 66 quo
1988 2490 125 66 quis
2066 2490 156 66 vendit
2175 2490 109 66 red

482 2542 153 70 ditus
584 2542 102 70 ad
635 2542 153 70 vitam
736 2542 85 70 &
770 2542 203 70 intendit
923 2542 153 70 minus
1024 2542 136 70 dare
1109 2542 102 70 de
1160 2542 119 70 suo
1228 2542 136 70 quam
1313 2542 203 70 accipiat
1465 2542 119 70 vel
1533 2542 237 70 accepturus
1720 2542 119 70 est
1787 2542 102 70 de
1838 2542 170 70 alieno
1957 2542 203 70 sperans,
2109 2542 102 70 vt
2160 2542 119 70 di-

482 2598 143 62 ctum
571 2598 125 62 est
643 2598 161 62 illum
750 2598 161 62 minus
857 2598 232 62 victurum:
1035 2598 214 62 dicendum
1196 2598 125 62 est
1267 2598 143 62 idem
1356 2598 125 62 cum
1428 2598 107 62 eo
1481 2598 143 62 quid
1570 2598 161 62 dicit
1677 2598 232 62 Gaufridus
1856 2598 107 62 de
1909 2598 232 62 ementibus
2087 2598 107 62 ad
2123 2598 125 62 vitam

480 2647 158 59 Sicut
586 2647 140 59 enim
674 2647 105 59 vt
726 2647 123 59 ibi
796 2647 176 59 dictum
919 2647 158 59 fuit,
1025 2647 228 59 Gaufridus
1200 2647 193 59 inquit,
1340 2647 140 59 Quid
1428 2647 105 59 de
1481 2647 228 59 quibusdam
1656 2647 123 59 qui
1727 2647 140 59 dant
1814 2647 211 59 pecuniam
1972 2647 228 59 ecclesiis
2148 2647 88 59 &
2183 2647 105 59 ab

486 2703 117 68 eis
553 2703 216 68 recipiunt
719 2703 166 68 certas
836 2703 266 68 possessiones
1052 2703 200 68 tenendas
1202 2703 133 68 toto
1285 2703 183 68 tempore
1419 2703 150 68 vitae
1519 2703 150 68 suae:
1618 2703 150 68 credo
1718 2703 150 68 dicit
1818 2703 133 68 quod
1901 2703 216 68 illicitus
2068 2703 117 68 est
2118 2703 133 68 contra

485 2756 159 59 ctus:
591 2756 106 59 eo
644 2756 141 59 quod
733 2756 194 59 homines
874 2756 194 59 sperant
1015 2756 124 59 diu
1086 2756 194 59 viuere:
1227 2756 88 59 &
1262 2756 124 59 sic
1333 2756 194 59 taliter
1474 2756 283 59 contrahentes
1704 2756 194 59 credunt
1845 2756 106 59 se
1898 2756 194 59 amplius
2021 2756 230 59 percepturos

483 2813 109 59 de
537 2813 273 59 prouentibus
756 2813 291 59 possessionum
993 2813 146 59 quam
1084 2813 127 59 sit
1157 2813 200 59 pecunia
1302 2813 146 59 quam
1393 2813 237 59 dederunt:
1575 2813 127 59 sic
1648 2813 127 59 non
1721 2813 164 59 video
1830 2813 146 59 ego,
1921 2813 91 59 &
1958 2813 164 59 forte
2067 2813 127 59 non
2122 2813 127 59 video

484 2861 134 63 quia
568 2861 219 63 decipior,
736 2861 84 63 &
770 2861 118 63 res
837 2861 168 63 aliter
955 2861 101 63 se
1005 2861 151 63 habet
1106 2861 134 63 quam
1190 2861 134 63 mihi
1274 2861 202 63 apparet:
1425 2861 134 63 quin
1509 2861 118 63 hic
1577 2861 202 63 dicendum
1728 2861 118 63 sit
1795 2861 101 63 de
1846 2861 252 63 vendentibus
2047 2861 134 63 quod
2131 2861 118 63 ibi
2182 2861 67 63 de

479 2921 259 57 ementibus.
682 2921 148 57 Quid
774 2921 148 57 ergo
866 2921 185 57 inquit
996 2921 111 57 de
1051 2921 240 57 quibusdam
1236 2921 129 57 qui
1310 2921 240 57 accipiunt
1495 2921 222 57 pecuniam
1661 2921 92 57 &
1698 2921 240 57 concedunt
1883 2921 185 57 certas
1993 2921 259 57 possessiones

482 2962 194 74 tenendas
628 2962 130 74 toto
709 2962 178 74 tempore
838 2962 146 74 vitae
935 2962 178 74 illorum
1065 2962 81 74 a
1097 2962 162 74 quibus
1211 2962 194 74 pecuniam
1357 2962 227 74 accipiunt:
1535 2962 113 74 non
1600 2962 146 74 video
1697 2962 130 74 aimo
1778 2962 178 74 quomodo
1908 2962 113 74 non
1972 2962 113 74 sit
2037 2962 211 74 illicitus
2183 2962 81 74 com

485 3025 180 59 tractus
616 3025 98 59 eo
665 3025 131 59 quod
747 3025 180 59 homines
878 3025 180 59 sperant
1009 3025 147 59 alios
1107 3025 131 59 cito
1189 3025 147 59 mori:
1287 3025 115 59 sic
1353 3025 180 59 taliter
1484 3025 262 59 contrahentes
1697 3025 180 59 credunt
1828 3025 147 59 illos
1926 3025 147 59 minus
2025 3025 229 59 accepturos
2188 3025 66 59 de

478 3080 255 67 prouentibus
682 3080 272 67 possessionum
903 3080 136 67 quam
989 3080 119 67 sit
1057 3080 187 67 pecunia
1193 3080 136 67 quam
1278 3080 221 67 dederunt.
1448 3080 136 67 Vnde
1533 3080 136 67 etsi
1618 3080 187 67 propter
1754 3080 272 67 necessitatem
1976 3080 187 67 habendi
2095 3080 153 67 paratam

485 3130 200 76 pecuniam
635 3130 150 76 istud
735 3130 100 76 ab
785 3130 166 76 initio
901 3130 200 76 fecerunt
1051 3130 116 76 non
1117 3130 200 76 sperando
1267 3130 183 76 ementes
1400 3130 150 76 minus
1500 3130 266 76 percepturos:
1716 3130 100 76 si
1766 3130 150 76 tamen
1866 3130 216 76 contingat
2032 3130 150 76 illos
2115 3130 133 76 citius
