2428 3717
469 304 118 95 cum
536 304 185 95 corpore
671 304 134 95 eius
755 304 134 95 viuo
839 304 134 95 nisi
923 304 202 95 secundum
1074 304 151 95 quid:
1175 304 151 95 nullo
1276 304 134 95 modo
1360 304 118 95 est
1427 304 252 95 haereticum:
1629 304 151 95 etiam
1730 304 101 95 si
1780 304 168 95 opinio
1898 304 134 95 illa
1982 304 118 95 sit
2049 304 235 95 haeretica:

473 391 133 64 quia
557 391 117 64 hoc
623 391 167 64 ponere
740 391 100 64 ex
790 391 117 64 hac
857 391 183 64 secunda
990 391 150 64 causa
1090 391 133 64 stat
1173 391 117 64 cum
1240 391 200 64 opposito
1390 391 167 64 illius
1506 391 217 64 opinionis
1673 391 200 64 scilicet
1823 391 117 64 cum
1889 391 217 64 positione
2056 391 183 64 plurium
2173 391 83 64 for

472 445 164 62 marum
581 445 110 62 in
636 445 201 62 homine:
782 445 91 62 &
819 445 146 62 ideo
910 445 128 62 non
983 445 219 62 sequitur
1148 445 183 62 omnino
1276 445 110 62 ex
1330 445 146 62 illa
1422 445 237 62 opinione.
1604 445 110 62 Et
1659 445 128 62 non
1732 445 128 62 est
1805 445 274 62 differentia
2025 445 110 62 in
2079 445 128 62 hoc
2152 445 146 62 apud

475 494 203 66 ponentem
627 494 102 66 in
678 494 169 66 homine
797 494 119 66 cum
865 494 152 66 anima
966 494 271 66 intellectiua
1186 494 135 66 vnam
1271 494 169 66 formam
1389 494 152 66 aliam
1491 494 119 66 aut
1559 494 186 66 plures,
1694 494 135 66 quae
1779 494 152 66 simul
1880 494 271 66 corrumpuntur
2101 494 102 66 in
2134 494 119 66 sepa-

467 545 194 67 ratione
608 545 194 67 animae:
749 545 141 67 siue
837 545 141 67 ante
925 545 211 67 corporis
1084 545 176 67 mortui
1207 545 282 67 resolutionem
1436 545 141 67 siue
1524 545 141 67 post
1612 545 194 67 dicatur
1752 545 123 67 non
1823 545 141 67 esse
1911 545 141 67 idem
1999 545 123 67 cum
2069 545 194 67 corpore
2193 545 70 67 vi

470 601 104 63 uo
522 601 276 63 simpliciter:
746 601 121 63 sed
815 601 207 63 secundum
970 601 155 63 quid:
1074 601 138 63 nisi
1160 601 121 63 quo
1229 601 104 63 ad
1281 601 173 63 sensus
1402 601 276 63 apparentiam:
1626 601 121 63 qui
1695 601 121 63 non
1764 601 173 63 potest
1885 601 242 63 discernere
2075 601 104 63 in
2127 601 155 63 carne
2213 601 52 63 &

468 659 133 58 osse
551 659 83 58 &
585 659 199 58 caeteris
734 659 199 58 partibus
884 659 266 58 consimilibus
1100 659 166 58 quando
1216 659 199 58 existunt
1366 659 150 58 eadem
1465 659 199 58 secundum
1615 659 166 58 formam
1731 659 266 58 simpliciter:
1947 659 83 58 &
1981 659 166 58 quando
2097 659 133 58 non:
2163 659 100 58 nisi

469 716 201 64 postquam
620 716 151 64 magna
721 716 184 64 mutatio
855 716 151 64 facta
955 716 168 64 fuerit
1073 716 151 64 circa
1173 716 101 64 ea
1224 716 117 64 per
1291 716 268 64 resolutionem
1509 716 101 64 in
1559 716 184 64 cineres
1693 716 117 64 aut
1760 716 101 64 in
1810 716 218 64 pulueres,
1978 716 117 64 aut
2028 716 235 64 generationem

469 763 194 64 animalis
614 763 194 64 alterius
759 763 178 64 figurae
889 763 97 64 ex
937 763 161 64 ipsis.
1050 763 97 64 Et
1099 763 113 64 hoc
1163 763 145 64 ideo:
1260 763 129 64 quia
1341 763 161 64 sensus
1454 763 161 64 formam
1567 763 274 64 substantialem
1793 763 210 64 percipere
1954 763 113 64 non
2019 763 194 64 possunt:
2164 763 81 64 &
2180 763 81 64 cor

478 816 140 69 pora
566 816 193 69 hominum
706 816 88 69 &
741 816 228 69 animalium
916 816 298 69 vniuersaliter
1161 816 210 69 recenter
1319 816 175 69 mortua
1441 816 158 69 parum
1546 816 210 69 videntur
1704 816 193 69 distare
1844 816 88 69 a
1879 816 175 69 viuis:
2001 816 158 69 sicut
2106 816 88 69 &
2124 816 140 69 acetum

480 875 142 56 visui
575 875 142 56 parum
669 875 173 56 apparet
795 875 173 56 distare
921 875 79 56 a
952 875 142 56 viuo.
1046 875 142 56 Sicut
1141 875 142 56 etiam
1235 875 94 56 in
1282 875 173 56 omnibus
1408 875 204 56 contingit
1565 875 126 56 quae
1644 875 126 56 sunt
1722 875 173 56 vicinae
1848 875 126 56 siue
1927 875 220 56 propinquae
2100 875 189 56 naturae.

467 917 104 67 In
519 917 191 67 omnibus
658 917 139 67 enim
745 917 191 67 talibus
884 917 174 67 gradus
1006 917 226 67 harmoniae
1180 917 104 67 in
1232 917 139 67 vno,
1319 917 87 67 &
1354 917 296 67 dispositionum
1597 917 209 67 variatio
1754 917 209 67 secundum
1910 917 191 67 modicam
2032 917 226 67 intensionem

468 984 114 61 aut
533 984 245 61 remissionem
729 984 114 61 per
794 984 179 61 modicam
924 984 196 61 actionem
1071 984 147 61 facit
1169 984 196 61 materiam
1316 984 310 61 incompossibilem
1577 984 98 61 ad
1626 984 163 61 formam
1740 984 179 61 illius,
1871 984 82 61 &
1903 984 261 61 necessitatem
2115 984 130 61 eius
2197 984 98 61 ad

469 1036 185 59 formam
599 1036 204 59 vicinam
747 1036 278 59 contrariam.
969 1036 148 59 Vnde
1062 1036 111 59 in
1117 1036 185 59 homine
1247 1036 130 59 sua
1321 1036 204 59 morbida
1469 1036 259 59 dispositio
1673 1036 130 59 qua
1747 1036 167 59 habet
1858 1036 296 59 necessitatem
2080 1036 185 59 moriendi

480 1086 97 60 si
528 1086 113 60 quo
593 1086 97 60 ad
642 1086 210 60 harmoniam
803 1086 129 60 suam
884 1086 81 60 &
917 1086 275 60 dispositionem
1143 1086 113 60 qua
1208 1086 194 60 saluatur
1353 1086 113 60 cum
1418 1086 97 60 ea
1466 1086 146 60 forma
1564 1086 178 60 hominis
1693 1086 291 60 substantialis:
1936 1086 178 60 modicum
2065 1086 226 60 intendatur

472 1142 118 59 vel
539 1142 252 59 remittatur:
741 1142 168 59 statim
859 1142 185 59 materia
993 1142 118 59 sit
1061 1142 319 59 incompossibilis
1329 1142 168 59 formae
1447 1142 202 59 hominis:
1598 1142 84 59 &
1632 1142 235 59 necessitas
1817 1142 101 59 ad
1867 1142 168 59 formam
1985 1142 235 59 cadaueris:
2153 1142 101 59 modi

471 1197 104 60 ca
523 1197 173 60 tantum
644 1197 156 60 facta
748 1197 225 60 mutatione
921 1197 104 60 in
973 1197 191 60 figuris
1112 1197 87 60 &
1147 1197 225 60 quibusdam
1320 1197 156 60 aliis
1424 1197 277 60 qualitatibus
1649 1197 243 60 symbolicis
1840 1197 121 60 quo
1909 1197 104 60 ad
1961 1197 191 60 illarum
2083 1197 173 60 termina-

468 1249 177 71 tiones:
596 1249 96 71 vt
645 1249 144 71 visus
741 1249 144 71 inter
837 1249 209 71 generatum
998 1249 80 71 &
1030 1249 209 71 corruptum
1190 1249 177 71 modicam
1319 1249 112 71 aut
1383 1249 161 71 nullam
1495 1249 161 71 possit
1608 1249 225 71 discernere
1784 1249 273 71 diuersitatem:
2009 1249 128 71 quia
2089 1249 193 71 secundum

472 1301 187 61 modicum
608 1301 187 61 variata
744 1301 119 61 est
812 1301 238 61 terminatio
1000 1301 102 61 in
1051 1301 153 61 illis
1153 1301 187 61 propter
1289 1301 204 61 formarum
1442 1301 272 61 vicinitatem:
1663 1301 119 61 ita
1731 1301 102 61 vt
1782 1301 102 61 in
1834 1301 170 61 mortuo
1953 1301 85 61 &
1987 1301 136 61 viuo
2072 1301 187 61 corpore
2191 1301 68 61 ap

471 1353 165 72 pareat
586 1353 115 72 non
652 1353 148 72 solum
751 1353 99 72 in
800 1353 247 72 homoeomeris
998 1353 132 72 idem
1080 1353 181 72 corpus:
1212 1353 148 72 eadem
1311 1353 148 72 caro:
1410 1353 132 72 idem
1493 1353 115 72 os:
1559 1353 132 72 idem
1641 1353 181 72 neruus:
1773 1353 115 72 sed
1839 1353 148 72 etiam
1938 1353 99 72 in
1987 1353 264 72 anomoeomeris
2185 1353 66 72 ap

475 1411 150 62 paret
575 1411 134 62 idem
659 1411 167 62 caput:
776 1411 134 62 idem
859 1411 184 62 oculus:
993 1411 134 62 idem
1076 1411 167 62 nasus:
1193 1411 150 62 eadem
1294 1411 167 62 manus:
1410 1411 83 62 &
1444 1411 184 62 caetera
1577 1411 234 62 huiusmodi:
1761 1411 150 62 licet
1861 1411 150 62 forma
1961 1411 284 62 substantialis
2195 1411 100 62 in

468 1469 123 67 eis
539 1469 123 67 sit
609 1469 210 67 diuersa.
766 1469 123 67 Sed
836 1469 175 67 quando
959 1469 193 67 corpora
1099 1469 228 67 mortuorum
1275 1469 123 67 diu
1345 1469 105 67 in
1397 1469 228 67 sepulcris
1573 1469 193 67 iacent:
1713 1469 140 67 tunc
1800 1469 140 67 sola
1888 1469 175 67 figura
2011 1469 210 67 corporis
2151 1469 105 67 viui

471 1517 122 66 est
540 1517 104 66 in
592 1517 139 66 eis.
680 1517 104 66 Si
732 1517 139 66 enim
819 1517 226 66 tanguntur
993 1517 139 66 manu
1080 1517 122 66 vel
1150 1517 157 66 venti
1254 1517 313 66 exsufflatione,
1515 1517 174 66 statim
1637 1517 209 66 decidunt
1794 1517 104 66 in
1846 1517 226 66 pulueres.
2020 1517 104 66 Et
2072 1517 139 66 tunc
2142 1517 122 66 primo

472 1568 193 75 propter
613 1568 176 75 magnam
736 1568 246 75 distantiam
929 1568 140 75 quae
1017 1568 123 75 est
1087 1568 158 75 inter
1192 1568 193 75 corpora
1333 1568 140 75 viua
1420 1568 88 75 &
1455 1568 228 75 reliquias
1631 1568 211 75 corporum
1789 1568 246 75 mortuorum,
1982 1568 211 75 percipit
2123 1568 140 75 sensus

470 1630 133 53 quod
553 1630 116 53 non
620 1630 116 53 est
686 1630 133 53 idem
769 1630 166 53 corpus
885 1630 249 53 simpliciter
1084 1630 199 53 secundum
1233 1630 182 53 speciem
1366 1630 298 53 specialissimam
1614 1630 182 53 proprie
1747 1630 166 53 dictam
1863 1630 133 53 viui
1946 1630 83 53 &
1979 1630 249 53 reliquiarum
2162 1630 99 53 illa

476 1680 136 62 rum:
561 1680 205 62 secundum
715 1680 119 62 rem
783 1680 154 62 tamen
885 1680 85 62 &
919 1680 222 62 veritatem
1090 1680 205 62 percipit
1244 1680 171 62 statim
1363 1680 256 62 intellectus
1568 1680 154 62 cuius
1670 1680 119 62 est
1738 1680 222 62 percipere
1909 1680 171 62 formam
2011 1680 256 62 substantialem

474 1732 138 59 quod
560 1732 155 59 nulla
663 1732 120 59 est
732 1732 224 59 identitas
904 1732 206 59 secundum
1059 1732 172 59 formam
1179 1732 292 59 substantialem
1420 1732 155 59 maior
1523 1732 103 59 in
1575 1732 189 59 corpore
1712 1732 172 59 mortuo
1833 1732 103 59 ad
1885 1732 172 59 corpus
2005 1732 189 59 eiusdem
2143 1732 155 59 viuum

495 1791 125 66 uam
567 1791 197 66 ipsarum
710 1791 268 66 reliquiarum
924 1791 215 66 corporis
1085 1791 197 66 mortui,
1228 1791 268 66 quemadmodum
1443 1791 179 66 sensus
1568 1791 179 66 gustus
1693 1791 89 66 &
1729 1791 215 66 odoratus
1890 1791 250 66 percipiunt
2086 1791 143 66 quod
2176 1791 125 66 nul

482 1844 104 57 la
534 1844 122 57 est
603 1844 226 57 identitas
777 1844 122 57 aut
846 1844 174 57 modica
968 1844 104 57 in
1020 1844 174 57 sapore
1142 1844 87 57 &
1177 1844 156 57 odore
1281 1844 156 57 maior
1385 1844 104 57 in
1437 1844 156 57 aceto
1541 1844 104 57 ad
1593 1844 156 57 vinum
1698 1844 139 57 quam
1785 1844 104 57 ad
1837 1844 156 57 aquam
1941 1844 104 57 in
1993 1844 139 57 quam
2063 1844 208 57 resoluitur

473 1893 201 75 acetum:
619 1893 164 75 licet
728 1893 128 75 hoc
801 1893 128 75 non
874 1893 256 75 percipiant
1075 1893 183 75 visus,
1203 1893 201 75 tactus,
1349 1893 91 75 &
1386 1893 219 75 auditus.
1550 1893 146 75 Apud
1641 1893 219 75 ponentes
1806 1893 146 75 vero
1897 1893 110 75 in
1952 1893 183 75 homine
2079 1893 128 75 cum
2134 1893 128 75 anima

476 1948 219 71 rationali
645 1948 135 71 esse
729 1948 135 71 vnam
813 1948 152 71 aliam
914 1948 169 71 formam
1032 1948 236 71 materialem
1218 1948 118 71 vel
1285 1948 185 71 plures:
1420 1948 135 71 quae
1504 1948 152 71 tamen
1606 1948 118 71 non
1673 1948 152 71 simel
1774 1948 270 71 corrumpuntur
1993 1948 101 71 in
2044 1948 253 71 separatione

485 1998 192 63 animae:
624 1998 122 63 sed
694 1998 175 63 manent
816 1998 122 63 per
886 1998 192 63 aliquod
1026 1998 279 63 interuallum:
1253 1998 87 63 &
1287 1998 244 63 variatione
1480 1998 175 63 maiore
1602 1998 157 63 facta
1706 1998 105 63 in
1759 1998 192 63 corpore
1898 1998 262 63 corrumpitur
2108 1998 122 63 vna
2160 1998 105 63 post

471 2051 156 68 aliam
575 2051 104 68 si
627 2051 139 68 sint
713 2051 191 68 plures:
852 2051 156 68 magna
956 2051 121 68 est
1025 2051 260 68 differentia
1233 2051 104 68 in
1285 2051 191 68 dicendo
1424 2051 121 68 non
1493 2051 139 68 esse
1580 2051 139 68 idem
1666 2051 173 68 corpus
1788 2051 191 68 mortuum
1926 2051 121 68 cum
1996 2051 139 68 viuo
2082 2051 139 68 nisi
2152 2051 121 68 secun

479 2108 117 67 dum
546 2108 150 67 quid:
646 2108 133 67 ante
730 2108 267 67 resolutionem
946 2108 100 67 in
996 2108 200 67 pulueres
1146 2108 83 67 &
1180 2108 150 67 post.
1280 2108 133 67 Isti
1363 2108 133 67 enim
1447 2108 183 67 possent
1580 2108 167 67 dicere
1697 2108 133 67 quod
1780 2108 267 67 aliquantulum
1997 2108 150 67 manet
2097 2108 150 67 indem
2181 2108 83 67 cor

484 2159 109 68 pus
547 2159 172 68 mortuum
672 2159 125 68 quod
750 2159 125 68 fuit
828 2159 140 68 viuum
921 2159 125 68 post
999 2159 156 68 animae
1108 2159 265 68 separationem:
1327 2159 156 68 antea.
1436 2159 187 68 scilicet
1577 2159 109 68 per
1639 2159 281 68 putrefactionem
1873 2159 172 68 mutatum
1998 2159 109 68 sit
2060 2159 94 68 in
2107 2159 140 68 auras
2185 2159 78 68 vel

471 2223 204 63 elementa:
628 2223 141 63 licet
723 2223 110 63 non
786 2223 157 63 maneat
896 2223 141 63 post.
990 2223 141 63 sicut
1084 2223 189 63 secundum
1226 2223 299 63 praedeterminata
1477 2223 189 63 dicerent
1619 2223 126 63 quod
1697 2223 126 63 fuit
1776 2223 204 63 generatum
1933 2223 110 63 per
1996 2223 251 63 aliquantulum
2184 2223 79 63 tem

482 2280 117 64 pus
549 2280 134 64 ante
633 2280 167 64 animae
749 2280 250 64 infusionem.
950 2280 184 64 Possunt
1083 2280 150 64 etiam
1184 2280 167 64 dicere
1301 2280 167 64 nullam
1417 2280 134 64 esse
1501 2280 267 64 differentiam
1718 2280 117 64 quo
1785 2280 100 64 ad
1835 2280 117 64 hoc
1902 2280 100 64 in
1952 2280 184 64 Christo
2085 2280 83 64 &
2119 2280 100 64 in
2152 2280 117 64 aliis

479 2327 215 72 hominibus:
647 2327 123 72 nisi
724 2327 123 72 quod
801 2327 169 72 Christi
923 2327 230 72 resurrectio
1107 2327 215 72 accelerata
1276 2327 138 72 fuit:
1368 2327 77 72 &
1398 2327 199 72 praeuenit
1552 2327 184 72 corporis
1690 2327 261 72 corruptionem:
1904 2327 123 72 quid
1981 2327 107 72 non
2042 2327 107 72 sit
2104 2327 92 72 in
2134 2327 123 72 aliis.

474 2370 177 83 Propter
603 2370 129 83 quod
683 2370 193 83 corrupta
828 2370 145 83 forma
924 2370 257 83 substantiali
1134 2370 97 83 in
1182 2370 129 83 eis:
1262 2370 177 83 vergunt
1391 2370 97 83 in
1439 2370 306 83 putrefactionem.
1697 2370 97 83 Et
1745 2370 113 83 non
1809 2370 113 83 est
1874 2370 241 83 differentia
2067 2370 145 83 inter
2147 2370 113 83 istos

475 2428 136 78 duos
560 2428 153 78 modos
662 2428 203 78 ponendi,
814 2428 136 78 nisi
899 2428 102 78 in
950 2428 136 78 hoc,
1034 2428 136 78 quod
1119 2428 153 78 prior
1221 2428 153 78 modus
1323 2428 153 78 ponit
1424 2428 170 78 eandem
1543 2428 288 78 corporeitatem
1780 2428 237 78 reseruatam
1967 2428 203 78 miraculo
2119 2428 102 78 in
2153 2428 102 78 solo

483 2483 181 76 Christo
614 2483 165 76 mortuo
730 2483 132 76 quae
812 2483 132 76 fuit
895 2483 99 76 in
944 2483 148 76 viuo,
1043 2483 115 76 non
1109 2483 99 76 ad
1158 2483 148 76 horam
1257 2483 115 76 sed
1323 2483 264 76 simpliciter:
1538 2483 99 76 vt
1587 2483 148 76 etiam
1686 2483 99 76 si
1735 2483 115 76 non
1801 2483 181 76 fuisset
1933 2483 231 76 accelerata
2098 2483 165 76 resurre-

477 2532 130 71 ctio
558 2532 114 71 non
623 2532 179 71 fuisset
753 2532 228 71 corruptum,
932 2532 114 71 nec
998 2532 146 71 etiam
1095 2532 212 71 potuisset
1258 2532 212 71 corrumpi:
1421 2532 114 71 vel
1486 2532 244 71 naturaliter
1681 2532 98 71 vt
1730 2532 244 71 redigeretur
1925 2532 98 71 in
1974 2532 212 71 pulueres:
2137 2532 114 71 vel
2186 2532 81 71 vio

481 2589 158 69 lenter
592 2589 111 69 per
655 2589 253 69 combustionem
861 2589 95 69 vt
908 2589 237 69 redigeretur
1098 2589 95 69 in
1146 2589 190 69 cineres.
1288 2589 127 69 Dico
1367 2589 158 69 stante
1478 2589 158 69 diuino
1589 2589 190 69 promisso
1731 2589 127 69 quod
1810 2589 269 69 praeconizauit
2032 2589 142 69 Dauid
2111 2589 158 69 propheta

477 2644 182 59 dicens.
610 2644 116 59 Non
676 2644 149 59 dabis
776 2644 182 59 sanctum
908 2644 133 59 tuum
991 2644 166 59 videre
1107 2644 282 59 corruptionem.
1340 2644 149 59 Sicut
1439 2644 133 59 vero
1522 2644 199 59 oratione
1671 2644 216 59 composita
1837 2644 298 59 praedestinatus
2086 2644 116 59 non
2135 2644 133 59 potest

487 2697 209 65 danmnari:
648 2697 145 65 licet
745 2697 242 65 simpliciter
938 2697 81 65 &
970 2697 193 65 absolute
1115 2697 209 65 potuisset
1276 2697 209 65 corrumpi:
1437 2697 113 65 sic
1502 2697 242 65 simpliciter
1695 2697 81 65 &
1727 2697 193 65 absolute
1872 2697 193 65 oratione
2017 2697 161 65 diuisa
2114 2697 145 65 praede-

477 2757 186 71 stinatus
617 2757 155 71 potest
726 2757 202 71 danmnari.
881 2757 124 71 lste
958 2757 124 71 vero
1036 2757 140 71 modus
1129 2757 140 71 ponit
1222 2757 124 71 quod
1299 2757 233 71 naturaliter
1486 2757 140 71 solum
1579 2757 202 71 permansit
1734 2757 140 71 sicut
1827 2757 78 71 &
1858 2757 140 71 manet
1951 2757 93 71 in
1997 2757 140 71 aliis
2090 2757 93 71 ad
2121 2757 140 71 tempus.

475 2807 111 66 Sed
538 2807 126 66 quod
617 2807 111 66 nos
680 2807 111 66 non
744 2807 189 66 possumus
886 2807 158 66 tenere
996 2807 253 66 resolutionem
1201 2807 142 66 fieri
1296 2807 95 66 in
1343 2807 237 66 generatione
1533 2807 79 66 &
1564 2807 237 66 corruptione
1754 2807 142 66 vsque
1849 2807 95 66 ad
1896 2807 158 66 primam
2006 2807 205 66 materiam,
2149 2807 111 66 nulla

477 2862 148 67 forma
575 2862 263 67 substantiali
789 2862 181 67 manente
920 2862 263 67 naturaliter:
1134 2862 115 67 hoc
1199 2862 181 67 arguunt
1331 2862 164 67 aliqui
1446 2862 131 67 sic.
1528 2862 99 67 Si
1577 2862 115 67 non
1643 2862 148 67 manet
1741 2862 164 67 aliqua
1856 2862 131 67 fora
1938 2862 279 67 substantialis
2152 2862 115 67 eadem

479 2910 91 83 in
524 2910 181 83 generato
660 2910 76 83 &
690 2910 196 83 corrupto:
842 2910 136 83 neque
932 2910 136 83 eadem
1023 2910 227 83 accamentia:
1204 2910 106 83 cum
1265 2910 136 83 omnia
1355 2910 121 83 sint
1431 2910 166 83 fundata
1552 2910 91 83 in
1597 2910 136 83 matia
1688 2910 181 83 mediante
1824 2910 121 83 fora
1899 2910 257 83 substantiali.
2111 2910 91 83 sm
2156 2910 136 83 illud

471 2979 217 66 philosophi.
644 2979 87 66 i.
687 2979 173 66 Physicae
817 2979 173 66 Subiecta
947 2979 130 66 matia
1034 2979 101 66 cum
1092 2979 116 66 fora
1164 2979 101 66 &c.
1222 2979 130 66 Quare
1308 2979 101 66 cum
1366 2979 130 66 posui
1453 2979 130 66 supra
1540 2979 116 66 quod
1612 2979 260 66 aliquacommunia
1829 2979 159 66 maneant
1944 2979 246 66 quantuncumque
2146 2979 116 66 sint
2204 2979 58 66 de

479 3029 217 69 terminata:
649 3029 170 69 oportet
773 3029 124 69 quod
850 3029 155 69 maneat
959 3029 170 69 aliquam
1083 3029 124 69 fora
1160 3029 279 69 substantialis:
1392 3029 139 69 licet
1485 3029 217 69 incompleta
1656 3029 77 69 &
1687 3029 248 69 interminata:
1888 3029 186 69 mediante
2028 3029 124 69 quae
2090 3029 170 69 fundantur

478 3072 90 73 in
523 3072 180 73 materia.
658 3072 150 73 Aliter
763 3072 120 73 enim
838 3072 120 73 illa
913 3072 225 73 accramentia
1094 3072 240 73 praecederent
1289 3072 150 73 formam
1394 3072 270 73 substantialem,
1619 3072 75 73 &
1649 3072 225 73 immediatius
1830 3072 225 73 adhaererent
2010 3072 150 73 matiae
2115 3072 120 73 quam
2175 3072 90 73 fora

479 3127 265 78 substantialis:
700 3127 118 78 quia
774 3127 118 78 ipsa
848 3127 133 78 esset
936 3127 88 78 in
980 3127 162 78 materia
1098 3127 221 78 mediantibus
1275 3127 147 78 illis:
1378 3127 74 78 &
1407 3127 147 78 essent
1511 3127 147 78 potius
1614 3127 147 78 formae
1717 3127 250 78 substantiales
1923 3127 118 78 quam
1997 3127 118 78 illa
2070 3127 118 78 quam
2129 3127 133 78 ponimus

471 3180 273 91 substantiam.
693 3180 170 91 ltemsi
812 3180 153 91 eadem
914 3180 239 91 accidentia
1102 3180 136 91 quae
1187 3180 153 91 prius
1289 3180 153 91 erant
1392 3180 102 91 in
1443 3180 153 91 viuo,
1545 3180 170 91 manent
1664 3180 102 91 in
1715 3180 188 91 mortuo:
1852 3180 85 91 &
1886 3180 119 91 hoc
1954 3180 136 91 quia
2039 3180 136 91 sunt
2108 3180 153 91 symbola
