2436 3793
146 360 167 110 dicit
258 360 111 110 in
313 360 167 110 anima
424 360 93 110 a
462 360 167 110 statu
573 360 148 110 suae
665 360 241 110 naturalis
851 360 297 110 rectitudinis
1092 360 204 110 quandam
1240 360 334 110 obliquationem:
1518 360 130 110 qua
1592 360 167 110 habet
1703 360 111 110 in
1759 360 111 110 se
1796 360 148 110 proni-

160 461 162 60 tatem
268 461 90 60 &
304 461 306 60 inclinationem
556 461 108 60 ad
610 461 180 60 malum,
736 461 162 60 sicut
844 461 180 60 habuit
970 461 108 60 in
1024 461 108 60 se
1077 461 162 60 anima
1185 461 144 60 Adae
1275 461 108 60 ex
1329 461 216 60 peccato,
1491 461 126 60 non
1563 461 162 60 solum
1671 461 234 60 carentiam
1833 461 108 60 ori-

156 515 185 68 ginalis
291 515 236 68 iustitiae.
476 515 185 68 dicente
611 515 236 68 Augustino.
797 515 152 68 xiii.
898 515 101 68 de
948 515 202 68 Ciuitate
1100 515 118 68 dei
1168 515 135 68 cap.
1252 515 101 68 x.
1302 515 118 68 Pro
1370 515 253 68 magnitudine
1572 515 169 68 quippe
1690 515 169 68 culpae
1791 515 152 68 naturam

151 576 216 63 damnatio
313 576 198 63 mutauit
458 576 108 63 in
512 576 180 63 peius:
638 576 108 63 vt
692 576 144 63 quod
782 576 289 63 peccabiliter
1017 576 253 63 praecessit
1215 576 108 63 in
1269 576 271 63 peccantibus
1486 576 235 63 hominibus
1666 576 198 63 primis,
1793 576 144 63 natura

154 621 168 59 liter
267 621 262 59 sequeretur
472 621 112 59 in
529 621 281 59 nascentibus
753 621 243 59 caeteris.
940 621 150 59 Vnde
1034 621 131 59 per
1109 621 206 59 hominem
1258 621 131 59 qui
1333 621 243 59 descendit
1520 621 112 59 de
1576 621 262 59 Hierusalem
1782 621 112 59 in
1820 621 112 59 Hie-

151 678 190 58 richo.
284 678 152 58 Luc.
379 678 114 58 x.
436 678 190 58 Glossa
569 678 266 58 intelligit
778 678 171 58 genus
892 678 209 58 humanum
1044 678 133 58 per
1119 678 228 58 peccatum
1290 678 171 58 primi
1404 678 228 58 parentis
1575 678 266 58 expoliatum
1765 678 171 58 gratui-

145 733 149 65 tis,
239 733 93 65 &
276 733 261 65 vulneratum
481 733 112 65 in
537 733 299 65 naturalibus.
780 733 168 65 Istud
892 733 168 65 autem
1004 733 187 65 vulnus
1134 733 93 65 &
1172 733 261 65 obliquatio
1377 733 112 65 in
1433 733 280 65 naturalibus
1657 733 131 65 non
1732 733 131 65 est
1806 733 93 65 a
1844 733 131 65 deo

148 784 221 61 inflicta
314 784 258 61 immediate,
516 784 129 61 sed
590 784 111 61 in
645 784 184 61 vnione
774 784 129 61 cum
848 784 203 61 corpore
996 784 129 61 per
1069 784 166 61 illam
1180 784 221 61 morbidam
1346 784 313 61 dispositionem
1604 784 203 61 tracta.
1752 784 129 61 Per
1807 784 129 61 illam

145 839 154 55 enim
241 839 288 55 naturaliter
471 839 173 55 anima
587 839 211 55 corpori
741 839 250 55 coniuncta
933 839 288 55 obliquatur,
1163 839 96 55 &
1202 839 173 55 habet
1317 839 115 55 in
1375 839 115 55 se
1432 839 231 55 paruulus
1605 839 211 55 fomitem
1740 839 192 55 concupi-

140 888 206 67 scentiae
294 888 103 67 in
345 888 188 67 habitu,
483 888 137 67 quem
568 888 154 67 habet
671 888 188 67 adultus
808 888 103 67 in
860 888 188 67 actum:.
997 888 120 67 Nec
1065 888 206 67 causatur
1219 888 137 67 illa
1305 888 240 67 dispositio
1494 888 103 67 in
1545 888 154 67 prole
1648 888 120 67 per
1716 888 188 67 aliquod
1836 888 103 67 idem

142 941 180 66 numero
268 941 252 66 transfusum
466 941 108 66 in
520 941 270 66 substantiam
736 941 198 66 prolis,
880 941 144 66 quid
970 941 162 66 prius
1077 941 144 66 fuit
1167 941 108 66 in
1221 941 252 66 substantia
1419 941 234 66 parentis:
1599 941 144 66 immo
1689 941 144 66 quod
1761 941 180 66 transfun

146 1001 162 53 ditur
254 1001 108 53 in
308 1001 252 53 corporalem
505 1001 288 53 substantiam,
739 1001 126 53 non
811 1001 126 53 est
883 1001 144 53 nisi
973 1001 216 53 residuum
1134 1001 270 53 nutrimenti:
1350 1001 126 53 non
1422 1001 162 53 autem
1530 1001 180 53 aliqua
1655 1001 180 53 portio
1763 1001 180 53 corpora-

142 1047 118 69 lis
209 1047 252 69 substantiae
411 1047 219 69 parentis,
579 1047 101 69 vt
630 1047 168 69 quidam
747 1047 202 69 solebant
899 1047 168 69 dicere
1016 1047 202 69 volentes
1168 1047 118 69 per
1235 1047 118 69 hoc
1302 1047 185 69 saluare
1437 1047 185 69 tractum
1571 1047 252 69 originalis.
1756 1047 185 69 Nutrimen-

148 1105 122 69 tum
217 1105 157 69 autem
322 1105 157 69 prius
427 1105 140 69 quam
515 1105 245 69 recipiatur
707 1105 105 69 in
760 1105 157 69 vasis
865 1105 280 69 generationis
1092 1105 157 69 nullo
1197 1105 140 69 modo
1284 1105 157 69 habet
1389 1105 105 69 in
1442 1105 105 69 se
1494 1105 157 69 illam
1599 1105 210 69 morbidam
1739 1105 210 69 dispositio

143 1158 144 60 nem.
233 1158 144 60 Vnde
323 1158 108 60 si
377 1158 108 60 ex
432 1158 144 60 ipso
522 1158 235 60 immediate
702 1158 90 60 a
738 1158 126 60 deo
810 1158 253 60 formaretur
1009 1158 198 60 proles,
1153 1158 126 60 non
1225 1158 271 60 contraheret
1442 1158 162 60 anima
1550 1158 144 60 eius
1640 1158 108 60 ex
1676 1158 271 60 coiiiunctione

142 1213 124 63 cum
213 1213 141 63 illa
301 1213 195 63 formata
443 1213 248 63 originale.
637 1213 124 63 Sed
708 1213 212 63 postquam
867 1213 212 63 receptum
1026 1213 124 63 est
1097 1213 106 63 in
1150 1213 159 63 vasis
1256 1213 301 63 generationis,
1504 1213 88 63 &
1539 1213 106 63 vi
1592 1213 248 63 generatiua
1769 1213 177 63 corrumpi

147 1268 128 61 tur
220 1268 165 61 forma
330 1268 219 61 glutinis
494 1268 91 61 &
531 1268 238 61 generatur
714 1268 165 61 forma
823 1268 219 61 seminis,
988 1268 146 61 tunc
1079 1268 165 61 primo
1189 1268 238 61 ordinatur
1372 1268 274 61 naturaliter
1592 1268 91 61 &
1628 1268 128 61 per
1701 1268 110 61 se
1756 1268 110 61 ad
1793 1268 146 61 prolis

144 1322 321 60 procreationem,
412 1322 89 60 &
448 1322 250 60 infunditur
644 1322 179 60 semini
769 1322 143 60 illa
859 1322 196 60 morbida
1001 1322 268 60 dispositio.
1216 1322 196 60 Propter
1359 1322 143 60 quod
1448 1322 196 60 dicitur
1591 1322 161 60 Sapi.
1698 1322 143 60 xii.
1787 1322 161 60 Semen
1877 1322 71 60 ma

141 1374 205 58 ledictum
294 1374 136 58 erat
380 1374 102 58 ab
431 1374 188 58 initio.
567 1374 119 58 ita
635 1374 136 58 quod
721 1374 102 58 si
772 1374 102 58 de
823 1374 136 58 illo
908 1374 170 58 semine
1027 1374 188 58 virtute
1164 1374 170 58 diuina
1283 1374 239 58 formaretur
1471 1374 170 58 corpus
1590 1374 188 58 prolis,
1726 1374 153 58 anima
1829 1374 102 58 ex
1863 1374 85 58 con

143 1430 225 55 iunctione
315 1430 121 55 cum
385 1430 138 55 illo
471 1430 259 55 contraheret
678 1430 242 55 originale,
868 1430 155 55 sicut
972 1430 259 55 contraheret
1179 1430 104 55 ex
1231 1430 276 55 coniunctione
1455 1430 121 55 cum
1524 1430 190 55 corpore
1663 1430 190 55 formato
1801 1430 104 55 de
1853 1430 121 55 di-

140 1479 137 64 gito
225 1479 188 64 hominis
362 1479 171 64 geniti
482 1479 103 64 in
533 1479 239 64 originali.
721 1479 188 64 Propter
858 1479 137 64 quod
944 1479 154 64 semen
1047 1479 222 64 virginis,
1218 1479 137 64 vnde
1303 1479 103 64 in
1354 1479 154 64 primo
1457 1479 205 64 instanti
1611 1479 222 64 conceptus
1782 1479 137 64 eius
1868 1479 103 64 in

139 1532 146 71 loco
230 1532 292 71 plasmationis
467 1532 237 71 naturalis
649 1532 182 71 corpus
777 1532 201 71 Christi
923 1532 164 71 opere
1032 1532 219 71 spiritus
1196 1532 182 71 sancti
1324 1532 237 71 formatum,
1506 1532 91 71 &
1543 1532 164 71 anima
1652 1532 182 71 creata
1780 1532 182 71 infusa
1889 1532 55 71 &

136 1591 136 60 ipsa
221 1591 119 60 cum
289 1591 187 60 corpore
425 1591 85 60 a
458 1591 187 60 deitate
594 1591 204 60 assumpta
747 1591 136 60 est,
832 1591 119 60 via
900 1591 119 60 qua
968 1591 221 60 localiter
1137 1591 221 60 descendit
1307 1591 102 60 in
1358 1591 153 60 locum
1460 1591 272 60 formationis,
1680 1591 204 60 purgatum
1833 1591 119 60 est
1884 1591 51 60 a

142 1644 159 53 dicta
248 1644 300 53 dispositione.
495 1644 194 53 propter
637 1644 141 53 quod
725 1644 159 53 anima
831 1644 194 53 Christi
972 1644 229 53 originale
1149 1644 124 53 non
1219 1644 229 53 contraxit
1396 1644 106 53 ex
1449 1644 177 53 vnione
1572 1644 124 53 cum
1643 1644 194 53 corpore
1784 1644 124 53 for
1837 1644 106 53 mato

138 1696 111 57 ex
193 1696 166 57 illa.
304 1696 185 57 Cumque
433 1696 166 57 semen
544 1696 222 57 infectum
710 1696 92 57 a
747 1696 166 57 patre
858 1696 259 57 deciditur,
1061 1696 92 57 &
1098 1696 111 57 in
1153 1696 148 57 loco
1246 1696 277 57 formationis
1467 1696 259 57 reponitur,
1670 1696 166 57 eadem
1781 1696 129 57 vis
1837 1696 92 57 ge-

141 1746 245 64 neratiua
324 1746 102 64 &
365 1746 265 64 membrorum
569 1746 265 64 formatiua
772 1746 163 64 quae
874 1746 163 64 erat
976 1746 122 64 in
1037 1746 224 64 parente
1200 1746 122 64 ad
1261 1746 285 64 generandum
1486 1746 183 64 semen
1608 1746 122 64 ex
1669 1746 285 64 nutrimento
1873 1746 61 64 &

142 1802 283 74 inficiendum
368 1802 170 74 ipsum
482 1802 170 74 dicto
595 1802 170 74 modo,
708 1802 170 74 manet
821 1802 113 74 in
878 1802 189 74 semine
1010 1802 113 74 ad
1066 1802 264 74 generandum
1274 1802 113 74 ex
1330 1802 189 74 semine
1462 1802 189 74 corpus
1594 1802 226 74 humanum,
1745 1802 189 74 corporei

138 1861 179 61 tatem,
264 1861 108 61 si
317 1861 108 61 ne
371 1861 179 61 formam
497 1861 305 61 corporeitatis
748 1861 215 61 educendo
909 1861 108 61 de
963 1861 215 61 potentia
1124 1861 233 61 materiae,
1303 1861 90 61 &
1339 1861 269 61 corrumpendo
1554 1861 179 61 formam
1680 1861 215 61 seminis,
1841 1861 90 61 &
1859 1861 72 61 si

144 1912 183 60 militer
278 1912 100 60 ad
328 1912 250 60 inficiendum
527 1912 150 60 illud
627 1912 167 60 corpus
744 1912 150 60 eadem
844 1912 266 60 dispositione
1060 1912 117 60 qua
1127 1912 150 60 semen
1227 1912 133 60 erat
1310 1912 216 60 infectum,
1476 1912 150 60 sicut
1576 1912 83 60 &
1610 1912 117 60 vis
1676 1912 233 60 generatiua
1843 1912 83 60 pa-

139 1965 170 67 rentis
258 1965 187 67 infecit
393 1965 153 67 semen
495 1965 153 67 eadem
597 1965 237 67 infectione
784 1965 119 67 qua
851 1965 136 67 ipse
936 1965 204 67 infectus
1089 1965 153 67 erat.
1191 1965 136 67 Etsi
1275 1965 136 67 enim
1360 1965 204 67 remissum
1513 1965 119 67 est
1581 1965 221 67 originale
1733 1965 204 67 formaliter

152 2018 98 57 in
201 2018 196 57 renatis,
348 2018 147 57 manet
446 2018 147 57 tamen
543 2018 147 57 fomes
641 2018 98 57 in
690 2018 180 57 membris
821 2018 278 57 materialiter.
1050 2018 98 57 De
1098 2018 114 57 quo
1164 2018 147 57 dicit
1262 2018 163 57 Apost.
1376 2018 114 57 Ro.
1441 2018 131 57 vii.
1523 2018 131 57 Scio
1605 2018 131 57 quod
1686 2018 114 57 non
1751 2018 180 57 habitat
1866 2018 65 57 bo

147 2071 124 58 num
218 2071 106 58 in
271 2071 159 58 carne
377 2071 142 58 mea.
466 2071 124 58 Nec
537 2071 124 58 est
608 2071 266 58 differentia
820 2071 106 58 in
873 2071 124 58 hoc
944 2071 142 58 siue
1032 2071 177 58 plures
1156 2071 283 58 generationes
1386 2071 89 58 &
1422 2071 283 58 corruptiones
1652 2071 230 58 naturales
1811 2071 124 58 ponam

143 2127 122 62 tur
212 2127 157 62 inter
317 2127 279 62 generationem
543 2127 174 62 primam
665 2127 174 62 formae
787 2127 192 62 seminis
927 2127 87 62 &
961 2127 192 62 vltimam
1101 2127 209 62 corporis
1258 2127 192 62 humani.
1397 2127 192 62 quoniam
1536 2127 174 62 semper
1658 2127 157 62 manet
1763 2127 122 62 vis
1815 2127 122 62 eadem

152 2183 208 63 generandi
312 2183 80 63 &
344 2183 224 63 inficiendi
521 2183 96 63 in
569 2183 192 63 quolibet
713 2183 240 63 intermedio,
905 2183 128 63 quae
985 2183 128 63 fuit
1066 2183 96 63 in
1114 2183 176 63 semine,
1242 2183 80 63 &
1274 2183 96 63 in
1322 2183 128 63 ipso
1402 2183 192 63 parente.
1546 2183 96 63 Et
1594 2183 112 63 per
1659 2183 128 63 hanc
1739 2183 160 63 eandem
1835 2183 96 63 viam

138 2235 248 58 radicaliter
337 2235 182 58 leprosi
469 2235 199 58 parentes
618 2235 248 58 naturaliter
817 2235 199 58 generant
966 2235 215 58 leprosos.
1131 2235 132 58 Quia
1214 2235 99 58 si
1263 2235 116 58 ita
1329 2235 132 58 sit,
1412 2235 116 58 non
1478 2235 149 58 video
1578 2235 182 58 quomodo
1710 2235 199 58 ponentes
1859 2235 99 58 in

144 2286 172 57 homine
264 2286 120 57 non
333 2286 137 57 esse
418 2286 154 57 aliam
521 2286 172 57 formam
642 2286 103 57 ab
693 2286 172 57 anima,
813 2286 189 57 possunt
951 2286 172 57 ponere
1071 2286 154 57 modum
1174 2286 257 57 contrahendi
1380 2286 240 57 originale,
1569 2286 120 57 cum
1637 2286 120 57 ibi
1706 2286 154 57 nulla
1792 2286 137 57 potest

143 2339 150 65 fieri
244 2339 201 65 infectio
394 2339 217 65 materiae,
561 2339 134 65 quia
645 2339 100 65 ex
695 2339 134 65 ipsa
779 2339 150 65 nulla
879 2339 117 65 sit
946 2339 217 65 naturalis
1113 2339 234 65 generatio.
1297 2339 150 65 Patet
1397 2339 150 65 etiam
1497 2339 100 65 ex
1548 2339 117 65 hoc
1614 2339 134 65 quod
1698 2339 117 65 non
1765 2339 117 65 est
1815 2339 117 65 neces

138 2395 100 68 se
188 2395 167 68 dicere
305 2395 133 68 quod
389 2395 100 68 ad
439 2395 117 68 hoc
505 2395 133 68 quod
589 2395 250 68 contrahatur
789 2395 217 68 originale
956 2395 150 68 eadem
1056 2395 150 68 forma
1156 2395 133 68 quae
1239 2395 133 68 fuit
1323 2395 100 68 in
1373 2395 167 68 semine
1489 2395 200 68 maneatur
1639 2395 100 68 in
1689 2395 167 68 prole,
1806 2395 83 68 &
1823 2395 100 68 idem

147 2451 257 64 compositum
349 2451 110 64 ex
404 2451 202 64 materia
550 2451 92 64 &
587 2451 165 64 forma
697 2451 330 64 corporeitatis.
973 2451 147 64 quod
1064 2451 184 64 quidem
1193 2451 257 64 compositum
1395 2451 147 64 quia
1486 2451 128 64 est
1560 2451 220 64 infectum
1725 2451 110 64 in
1762 2451 165 64 semine,

146 2502 118 60 est
213 2502 202 60 infectum
365 2502 101 60 in
415 2502 168 60 prole,
533 2502 151 60 quasi
633 2502 134 60 alia
717 2502 118 60 via
785 2502 118 60 non
852 2502 168 60 posset
969 2502 202 60 infectio
1121 2502 185 60 seminis
1255 2502 235 60 descendere
1440 2502 101 60 in
1490 2502 185 60 prolem,
1625 2502 118 60 non
1692 2502 134 60 dico
1776 2502 151 60 eadem
1860 2502 67 60 nu

136 2549 158 66 mero,
242 2549 123 66 sed
312 2549 193 66 specie,
452 2549 158 66 sicut
557 2549 210 66 infectio
714 2549 140 66 quae
802 2549 140 66 fuit
889 2549 105 66 in
942 2549 193 66 parente
1082 2549 123 66 non
1152 2549 158 66 eadem
1257 2549 175 66 numero
1379 2549 228 66 descendit
1554 2549 105 66 in
1607 2549 175 66 semen,
1729 2549 123 66 sed
1799 2549 158 66 eadem

147 2609 169 64 specie
265 2609 186 64 tantum,
400 2609 152 64 licet
501 2609 169 64 aliqui
619 2609 152 64 illud
721 2609 169 64 volunt
839 2609 186 64 dicere:
974 2609 84 64 &
1007 2609 118 64 per
1075 2609 118 64 hoc
1142 2609 186 64 probare
1277 2609 135 64 quod
1361 2609 101 64 in
1412 2609 253 64 generatione
1614 2609 84 64 &
1648 2609 253 64 corruptione
1834 2609 84 64 ea-

147 2666 128 66 dem
220 2666 165 66 forma
330 2666 165 66 manet
440 2666 110 66 in
495 2666 220 66 generato
660 2666 147 66 quae
752 2666 147 66 fuit
844 2666 110 66 in
899 2666 238 66 corrupto,
1082 2666 92 66 &
1119 2666 128 66 non
1192 2666 128 66 fit
1266 2666 238 66 resolutio
1449 2666 220 66 formarum
1614 2666 183 66 omnium
1743 2666 110 66 in
1779 2666 147 66 primam

141 2717 233 55 materiam.
320 2717 126 55 Sic
392 2717 179 55 igitur
518 2717 179 55 dicere
643 2717 143 55 quod
733 2717 108 55 in
787 2717 161 55 Petro
894 2717 179 55 mortuo
1020 2717 126 55 non
1091 2717 179 55 mansit
1217 2717 161 55 eadem
1324 2717 161 55 forma
1432 2717 215 55 corporis
1593 2717 143 55 quae
1683 2717 143 55 fuit
1773 2717 108 55 in
1808 2717 108 55 viuo

150 2772 98 64 ex
199 2772 180 64 secunda
330 2772 164 64 causa,
444 2772 147 64 nullo
543 2772 131 64 modo
624 2772 115 64 est
690 2772 246 64 haereticum:
886 2772 115 64 nec
952 2772 180 64 sequens
1083 2772 98 64 ex
1132 2772 131 64 illa
1214 2772 196 64 opinione
1361 2772 115 64 in.
1427 2772 147 64 viii.
1525 2772 213 64 articulo.
1689 2772 82 64 &
1705 2772 213 64 qualitercum

147 2821 117 64 que
214 2821 218 64 sentiatur
382 2821 101 64 de
432 2821 134 64 hoc,
516 2821 134 64 siue
600 2821 134 64 quod
683 2821 168 64 maneat
801 2821 151 64 eadem
901 2821 168 64 forma,
1018 2821 134 64 siue
1102 2821 134 64 quod
1186 2821 117 64 non
1253 2821 184 64 maneat,
1387 2821 117 64 non
1454 2821 151 64 debet
1554 2821 201 64 iudicari
1705 2821 201 64 erroneum
1839 2821 84 64 aut

147 2880 238 64 haereticum,
337 2880 127 64 quia
417 2880 111 64 non
480 2880 111 64 est
543 2880 174 64 materia
670 2880 143 64 circa
765 2880 127 64 quam
844 2880 143 64 habet
939 2880 158 64 cadere
1050 2880 143 64 error
1146 2880 111 64 aut
1209 2880 206 64 haeresis.
1367 2880 111 64 Est
1431 2880 158 64 igitur
1542 2880 190 64 sciendum
1684 2880 127 64 quod
1764 2880 127 64 ista
1827 2880 95 64 tria

147 2931 201 59 falsum,
293 2931 237 59 erroneum,
475 2931 256 59 haereticum
676 2931 128 59 sic
749 2931 110 59 se
804 2931 183 59 habent
932 2931 128 59 per
1005 2931 219 59 ordinem,
1169 2931 146 59 quod
1261 2931 146 59 omne
1352 2931 256 59 haereticum
1553 2931 128 59 est
1626 2931 237 59 erroneum,
1808 2931 91 59 &
1827 2931 91 59 non

148 2981 258 60 econuerso,
350 2981 92 60 &
387 2981 147 60 omne
479 2981 221 60 erroneum
645 2981 129 60 est
719 2981 203 60 falsum,
866 2981 129 60 sed
940 2981 129 60 non
1013 2981 258 60 econuerso.
1216 2981 221 60 Erroneum
1382 2981 147 60 enim
1474 2981 129 60 non
1548 2981 203 60 dicitur
1695 2981 147 60 nisi
1769 2981 147 60 falsum

144 3039 108 62 in
198 3039 216 62 doctrina
360 3039 162 62 fidei
468 3039 126 62 aut
540 3039 180 62 morum,
666 3039 126 62 vel
738 3039 234 62 redundans
918 3039 108 62 in
972 3039 180 62 ipsam,
1097 3039 144 62 quod
1187 3039 144 62 tunc
1277 3039 162 62 primo
1385 3039 198 62 dicitur
1529 3039 252 62 haereticum
1727 3039 180 62 quando
1835 3039 90 62 cum

135 3091 249 73 pertinacia
331 3091 266 73 defenditur.
544 3091 178 73 Falsum
668 3091 160 73 autem
774 3091 266 73 simpliciter
987 3091 124 73 est
1058 3091 142 73 quod
1147 3091 124 73 non
1218 3091 124 73 est
1289 3091 107 73 in
1342 3091 213 73 doctrina
1502 3091 160 73 fidei
1609 3091 124 73 aut
1680 3091 178 73 morum,
1804 3091 160 73 neque

149 3147 222 58 redundans
320 3147 102 58 in
371 3147 171 58 ipsam:
490 3147 102 58 vt
542 3147 137 58 sunt
627 3147 137 58 pure
712 3147 222 58 naturalia
883 3147 85 58 &
917 3147 290 58 philosophica,
1157 3147 102 58 vt
1208 3147 120 58 est
1276 3147 171 58 dicere
1396 3147 137 58 quod
1481 3147 171 58 anguli
1601 3147 222 58 trianguli
1771 3147 120 58 non
1823 3147 102 58 sunt

148 3199 240 57 aequales.
332 3199 111 57 de
388 3199 185 57 numero
517 3199 185 57 quorum
646 3199 185 57 falsum
775 3199 129 57 est
849 3199 203 57 alterum
997 3199 185 57 horum,
1126 3199 148 57 quod
1218 3199 111 57 in
1274 3199 166 57 Petro
1385 3199 185 57 mortuo
1514 3199 129 57 non
1588 3199 166 57 manet
1698 3199 166 57 eadem
1791 3199 129 57 forma

144 3254 225 73 corporis
313 3254 263 73 materialis
520 3254 150 73 quae
613 3254 150 73 erat
707 3254 113 73 in
764 3254 169 73 viuo.
876 3254 131 73 Non
951 3254 150 73 enim
1045 3254 113 73 in
1101 3254 131 73 hoc
1176 3254 131 73 est
1251 3254 281 73 differentia
1477 3254 113 73 de
1533 3254 188 73 homine
1664 3254 188 73 mortuo
1796 3254 94 73 &
1814 3254 113 73 viuo
