2443 3741
131 303 167 68 animae
248 303 184 68 maneret
382 303 100 68 sm
432 303 167 68 formam
549 303 234 68 corporalem
733 303 134 68 idem
817 303 100 68 in
867 303 167 68 mortuo
984 303 134 68 quod
1068 303 134 68 fuit
1152 303 100 68 in
1202 303 134 68 viuo
1285 303 117 68 per
1352 303 217 68 miraculum
1520 303 151 68 sicut
1620 303 167 68 mansit
1737 303 100 68 in
1770 303 151 68 Christo

134 358 112 69 vel
198 358 112 69 per
262 358 177 69 naturam
391 358 96 69 in
439 358 177 69 omnibus
567 358 225 69 hominibus:
744 358 193 69 secundum
889 358 177 69 aliquos
1017 358 112 69 non
1081 358 144 69 esset
1177 358 209 69 adorandum
1338 358 128 69 nisi
1418 358 96 69 ex
1466 358 273 69 habilitatione
1691 358 80 69 &
1723 358 161 69 ordine
1820 358 96 69 quem

121 412 129 60 hent
201 412 97 60 ad
250 412 129 60 suam
330 412 177 60 animam.
459 412 177 60 Materia
588 412 129 60 vero
668 412 193 60 corporis
813 412 193 60 alicuius
958 412 161 60 sancti
1070 412 193 60 alterius
1215 412 80 60 a
1247 412 193 60 Christo,
1392 412 129 60 quae
1472 412 129 60 nunc
1553 412 145 60 manet
1649 412 113 60 sub
1698 412 225 60 substantiali

129 468 158 68 forma,
240 468 95 68 vt
288 468 143 68 patet
383 468 95 68 ex
430 468 158 68 dictis
541 468 95 68 in
588 468 238 68 praecedenti
779 468 238 68 quaestione,
969 468 111 68 vno
1032 468 127 68 modo
1111 468 111 68 est
1175 468 190 68 adoranda
1317 468 111 68 per
1380 468 111 68 se:
1444 468 127 68 alio
1523 468 127 68 vero
1602 468 127 68 modo
1681 468 127 68 non,
1761 468 111 68 sed
1808 468 111 68 solum

134 528 109 65 per
197 528 203 65 accidens,
353 528 94 65 vt
400 528 109 65 iam
463 528 188 65 dicetur.
603 528 109 65 Per
666 528 188 65 accidens
806 528 141 65 autem
900 528 172 65 aliquid
1025 528 109 65 est
1088 528 203 65 adorandum
1244 528 141 65 eadem
1338 528 219 65 adoratione
1510 528 109 65 qua
1572 528 188 65 adoratur
1713 528 125 65 suum
1775 528 141 65 adoran-

140 580 101 67 dum
197 580 101 67 per
255 580 101 67 se:
312 580 86 67 ad
355 580 115 67 quod
427 580 187 67 reducitur
571 580 158 67 propter
686 580 158 67 ordinem
801 580 158 67 aliquem
916 580 115 67 quem
988 580 129 67 habet
1074 580 86 67 ad
1117 580 86 67 id
1160 580 115 67 quod
1232 580 101 67 est
1290 580 187 67 adorandum
1433 580 101 67 per
1491 580 101 67 se.
1548 580 115 67 Ista
1620 580 129 67 autem
1706 580 172 67 adoratio
1821 580 101 67 habet

130 632 132 58 fieri
218 632 103 58 sex
277 632 132 58 modis
365 632 176 58 scilicet
497 632 279 58 significatione,
732 632 220 58 imitatione,
908 632 235 58 continentia,
1099 632 279 58 contrectatione,
1334 632 235 58 descensione:
1525 632 279 58 connaturalitate
1760 632 161 58 propter
1862 632 59 58 or

125 682 230 64 dinationem
306 682 99 64 ad
355 682 115 64 per
421 682 99 64 se
470 682 230 64 adorandum.
651 682 148 64 Primo
750 682 132 64 modo
832 682 132 64 sunt
915 682 198 64 adoranda
1063 682 198 64 elementa
1211 682 230 64 sensibilia
1392 682 99 64 in
1442 682 263 64 sacramentis,
1656 682 132 64 quia
1738 682 132 64 sunt
1804 682 115 64 signa

125 733 232 63 indicatiua
307 733 132 63 siue
390 733 281 63 significatiua
622 733 149 63 grae,
721 733 116 63 per
787 733 132 63 quam
870 733 165 63 sancti
986 733 265 63 coniunguntur
1201 733 132 63 deo.
1283 733 83 63 &
1316 733 116 63 per
1383 733 116 63 hoc
1449 733 132 63 sunt
1532 733 116 63 per
1598 733 199 63 accidens
1747 733 199 63 adoranda

130 791 207 65 simplici
285 791 172 65 dulia:
405 791 86 65 &
440 791 224 65 similiter
612 791 155 65 verba
715 791 275 65 euangeliorum
939 791 86 65 &
973 791 172 65 sacrae
1094 791 241 65 scripturae
1283 791 155 65 legis
1386 791 207 65 diuinae,
1541 791 138 65 quia
1627 791 138 65 sunt
1713 791 155 65 signa
1800 791 120 65 eorum

134 848 144 63 quae
224 848 163 63 circa
333 848 217 63 Christum
495 848 90 63 &
531 848 144 63 deum
622 848 144 63 sunt
712 848 217 63 adoranda
874 848 126 63 per
947 848 126 63 se.
1019 848 108 63 Et
1073 848 235 63 inquantum
1254 848 253 63 reducuntur
1452 848 108 63 ad
1507 848 108 63 ea
1561 848 144 63 quae
1651 848 144 63 sunt
1741 848 217 63 adoranda

136 893 143 69 circa
232 893 191 69 Christum
375 893 159 69 dulia,
486 893 111 69 vel
550 893 239 69 hyperdulia,
741 893 207 69 similiter
900 893 159 69 eisdem
1011 893 143 69 modis
1107 893 127 69 sunt
1186 893 207 69 adoranda:
1345 893 207 69 inquantum
1504 893 127 69 vero
1584 893 223 69 reducuntur
1759 893 95 69 ad
1791 893 127 69 adoram

128 946 98 68 da
177 946 146 68 circa
274 946 130 68 deum
355 946 179 68 latria,
486 946 146 68 eodem
583 946 130 68 modo
665 946 130 68 sunt
746 946 211 68 adoranda.
909 946 163 68 Semper
1022 946 130 68 enim
1104 946 211 68 adorandum
1266 946 114 68 per
1331 946 195 68 accidens
1478 946 146 68 eadem
1575 946 228 68 adoratione
1754 946 195 68 adoratur

130 1010 126 62 cum
202 1010 216 62 adorando
364 1010 126 62 per
436 1010 108 62 se
489 1010 108 62 ad
543 1010 144 62 quod
633 1010 252 62 reducitur,
831 1010 144 62 siue
921 1010 252 62 immediate,
1118 1010 144 62 siue
1208 1010 198 62 mediate
1352 1010 198 62 propter
1496 1010 198 62 ordinem
1639 1010 108 62 ad
1693 1010 126 62 per
1765 1010 108 62 se
1819 1010 126 62 ado

130 1065 199 60 randum.
275 1065 199 60 Secundo
420 1065 145 60 modo
511 1065 145 60 sunt
601 1065 236 60 adorandae
783 1065 218 60 imagines
946 1065 199 60 illorum
1091 1065 145 60 quae
1182 1065 145 60 sunt
1272 1065 236 60 adoranda,
1454 1065 145 60 siue
1544 1065 127 60 per
1617 1065 127 60 se,
1689 1065 145 60 siue
1780 1065 127 60 per
1834 1065 73 60 ac

128 1106 186 79 cidens,
263 1106 118 79 non
331 1106 203 79 secundum
483 1106 135 79 quod
567 1106 135 79 sunt
652 1106 118 79 res
719 1106 186 79 quaedam
854 1106 203 79 secundum
1006 1106 118 79 se,
1074 1106 253 79 quemadmodum
1276 1106 220 79 adorabant
1445 1106 203 79 imagines
1597 1106 270 79 idololatrae,
1800 1106 118 79 aesti

128 1170 168 62 mantes
246 1170 135 62 quod
330 1170 185 62 diuinae
465 1170 202 62 virtutes
616 1170 168 62 essent
734 1170 118 62 eis
801 1170 101 62 in
851 1170 118 62 sua
919 1170 235 62 formatione
1104 1170 252 62 artificiali
1306 1170 185 62 inditae
1440 1170 185 62 virtute
1575 1170 235 62 stellarum,
1760 1170 101 62 vt
1793 1170 118 62 dicit

136 1222 175 60 Hermes
258 1222 262 60 Trimegistus
467 1222 105 60 in
520 1222 157 60 libro
625 1222 122 60 suo
694 1222 105 60 de
747 1222 175 60 idolo,
869 1222 122 60 sed
939 1222 210 60 secundum
1096 1222 140 60 quod
1183 1222 140 60 sunt
1271 1222 227 60 imagines,
1445 1222 87 60 &
1480 1222 105 60 ad
1533 1222 175 60 aliud:
1655 1222 87 60 &
1690 1222 122 60 hoc
1760 1222 140 60 siue
1830 1222 87 60 fue

134 1271 109 76 rit
197 1271 141 76 imago
291 1271 219 76 naturalis,
463 1271 125 76 siue
541 1271 266 76 artificialis,
760 1271 125 76 siue
838 1271 172 76 realis,
963 1271 125 76 siue
1041 1271 219 76 figuralis.
1213 1271 172 76 dicente
1338 1271 188 76 Damalis.
1478 1271 141 76 libro
1572 1271 141 76 iiii.
1666 1271 125 76 cap.
1744 1271 125 76 vii.
1807 1271 109 76 Cuius

127 1329 188 66 gratia
259 1329 132 66 nos
334 1329 245 66 adinuicem
522 1329 245 66 adoramus,
710 1329 150 66 nisi
804 1329 150 66 quod
898 1329 226 66 secundum
1068 1329 226 66 imaginem
1237 1329 132 66 dei
1312 1329 169 66 facti
1425 1329 188 66 sumus:
1557 1329 226 66 imaginis
1726 1329 169 66 honor
1839 1329 113 66 ad

137 1379 279 71 prototypum
357 1379 120 71 id
416 1379 140 71 est
496 1379 239 71 exemplar
676 1379 259 71 peruenit.
875 1379 180 71 cuius
995 1379 200 71 gratia
1135 1379 239 71 Mosaicus
1314 1379 220 71 populus
1474 1379 319 71 tabernaculum
1713 1379 200 71 adorauit

122 1428 169 72 typum
235 1428 150 72 siue
329 1428 225 72 imaginem
498 1428 188 72 ferens
629 1428 282 72 caelestium.
855 1428 132 72 Sed
930 1428 169 72 tales
1043 1428 225 72 imagines
1212 1428 244 72 adorandae
1400 1428 150 72 sunt
1494 1428 169 72 dulia
1606 1428 132 72 vel
1663 1428 244 72 hyperdulia,

133 1483 166 71 sicut
243 1483 92 71 &
280 1483 129 71 sua
354 1483 258 71 imaginata:
556 1483 166 71 nulla
667 1483 166 71 autem
778 1483 166 71 earum
888 1483 203 71 latria,
1036 1483 147 71 quia
1128 1483 129 71 deo
1202 1483 166 71 nulla
1312 1483 184 71 potest
1441 1483 166 71 fieri
1552 1483 184 71 imago.
1681 1483 203 71 dicente
1810 1483 92 71 Da-

128 1534 183 73 masceno
262 1534 183 73 ibidem.
395 1534 250 73 Inuisibilis
595 1534 234 73 incorporei
779 1534 83 73 &
812 1534 400 73 incircunscriptibilis
1162 1534 83 73 &
1196 1534 284 73 infigurabilis
1429 1534 117 73 dei
1496 1534 133 73 quis
1579 1534 167 73 potest
1696 1534 167 73 facere
1796 1534 117 73 imagi

128 1601 159 59 nem:
227 1601 159 59 Hinc
326 1601 119 59 in
386 1601 198 59 veteri
525 1601 277 59 testamento
743 1601 139 59 non
822 1601 159 59 erat
921 1601 238 59 imaginum
1099 1601 178 59 vsus,
1218 1601 139 59 nec
1298 1601 178 59 etiam
1416 1601 119 59 in
1476 1601 159 59 lege
1575 1601 238 59 naturae,
1734 1601 178 59 dicente

127 1648 194 69 Statio
262 1648 252 69 Thebaidos
457 1648 175 69 libro
573 1648 272 69 duodecimo.
786 1648 175 69 Nulla
903 1648 155 69 auri
1000 1648 233 69 effigies
1175 1648 175 69 nulla
1291 1648 233 69 commissa
1466 1648 233 69 metalla.
1640 1648 175 69 Forma
1757 1648 136 69 dei
1815 1648 97 69 mem

128 1708 130 58 tes
203 1708 223 58 habitare
370 1708 93 58 &
407 1708 204 58 pectora
556 1708 204 58 gaudet.
704 1708 149 58 Quia
797 1708 149 58 vero
890 1708 149 58 deus
983 1708 223 58 secundum
1150 1708 241 58 veritatem
1335 1708 186 58 factus
1465 1708 130 58 est
1540 1708 167 58 homo,
1651 1708 204 58 sculpta
1800 1708 111 58 ad
1837 1708 74 58 me

121 1757 200 60 moriam
261 1757 100 60 &
301 1757 220 60 nostram
460 1757 260 60 doctrinam
660 1757 260 60 adoramus,
860 1757 140 60 non
940 1757 240 60 materiam
1119 1757 140 60 sed
1199 1757 299 60 imaginatum:
1439 1757 299 60 quemadmodum
1678 1757 180 60 neque
1798 1757 160 60 euan

135 1816 177 66 gelii,
259 1816 124 66 vel
330 1816 177 66 crucis
453 1816 212 66 materiam
612 1816 230 66 adoramus,
789 1816 124 66 sed
859 1816 247 66 figuratum.
1054 1816 194 66 Propter
1195 1816 194 66 ordinem
1336 1816 159 66 autem
1442 1816 106 66 ad
1495 1816 124 66 per
1566 1816 106 66 se
1619 1816 230 66 adorandum
1778 1816 141 66 tertio

129 1856 142 79 modo
218 1856 195 79 adorari
359 1856 177 79 potuit
483 1856 177 79 latria
607 1856 195 79 columba
749 1856 106 79 in
802 1856 124 79 qua
873 1856 212 79 apparuit
1032 1856 212 79 spiritus
1191 1856 212 79 sanctus.
1351 1856 159 79 Sicut
1457 1856 195 79 Abraham
1598 1856 142 79 Gen.
1687 1856 177 79 xviii.
1811 1856 142 79 ima-

134 1925 148 63 gines
232 1925 148 63 trium
331 1925 181 63 virorum
463 1925 198 63 adorauit
612 1925 165 63 latria
727 1925 99 63 in
776 1925 181 63 figuram
908 1925 231 63 trinitatis
1090 1925 214 63 diuinarum
1255 1925 231 63 personarum
1436 1925 132 63 quae
1518 1925 198 63 apparuit
1667 1925 99 63 in
1716 1925 165 63 illis.
1815 1925 99 63 Quia

131 1973 92 68 si
177 1973 92 68 in
223 1973 139 68 illis
315 1973 123 68 tres
392 1973 169 68 angelos
516 1973 200 68 adorauit,
670 1973 123 68 tunc
747 1973 185 68 adorauit
885 1973 92 68 in
931 1973 139 68 illis
1024 1973 200 68 speciebus
1178 1973 216 68 adoratione
1347 1973 169 68 duliae,
1470 1973 139 68 sicut
1563 1973 139 68 etiam
1655 1973 169 68 species
1763 1973 154 68 sacramen

134 2032 106 56 ti
187 2032 193 56 altaris
328 2032 264 56 continentes
539 2032 158 56 verum
645 2032 176 56 corpus
768 2032 193 56 Christi
908 2032 211 56 adoramus
1067 2032 246 56 adoratione
1260 2032 281 56 hyperduliae.
1489 2032 193 56 Propter
1630 2032 193 56 ordinem
1770 2032 106 56 ad
1823 2032 123 56 per

137 2067 98 78 se
186 2067 213 78 adorandum
350 2067 164 78 quarto
465 2067 131 78 modo
547 2067 197 78 adoramus
695 2067 164 78 vestes
809 2067 213 78 sanctorum
974 2067 82 78 &
1006 2067 197 78 capillos
1154 2067 115 78 qui
1220 2067 115 78 non
1285 2067 263 78 restituentur
1499 2067 98 78 in
1548 2067 279 78 resurrectione
1778 2067 82 78 &
1794 2067 115 78 caete

138 2125 96 66 ra
186 2125 208 66 huiusmodi
346 2125 225 66 adoratione
523 2125 176 66 duliae:
651 2125 160 66 vestes
763 2125 128 66 vero
844 2125 176 66 Christi
972 2125 80 66 &
1004 2125 208 66 sepulcrum
1164 2125 80 66 &
1196 2125 128 66 loca
1277 2125 96 66 in
1325 2125 160 66 quibus
1437 2125 144 66 sedit
1533 2125 112 66 aut
1597 2125 208 66 requeuit,
1758 2125 80 66 &
1774 2125 144 66 caetera

132 2173 238 74 huiusmodi,
319 2173 85 74 &
353 2173 170 74 crucem
472 2173 136 74 eius
557 2173 153 74 veram
658 2173 238 74 adoratione
845 2173 272 74 hyperduliae.
1066 2173 119 74 Sed
1134 2173 85 74 &
1168 2173 170 74 cruces
1287 2173 136 74 quae
1372 2173 136 74 sunt
1457 2173 204 74 imagines
1609 2173 170 74 illius
1728 2173 187 74 crucis,
1847 2173 68 74 si

134 2243 207 58 militer
285 2243 226 58 adoramus
454 2243 263 58 adoratione
661 2243 301 58 hyperduliae:
905 2243 150 58 quia
999 2243 113 58 in
1056 2243 188 58 ordine
1187 2243 113 58 ad
1244 2243 207 58 Christi
1394 2243 301 58 humanitatem.
1639 2243 132 58 Sed
1714 2243 188 58 crucem
1827 2243 94 58 ve-

138 2297 147 59 ram
222 2297 251 59 adoramus
410 2297 251 59 secundum
599 2297 188 59 istum
724 2297 230 59 quartum
892 2297 209 59 modum:
1039 2297 209 59 cruces
1185 2297 168 59 vero
1290 2297 188 59 alias
1415 2297 251 59 adoramus
1604 2297 251 59 secundum
1771 2297 147 59 prae-

138 2347 200 71 dictum
278 2347 180 71 modum
398 2347 240 71 mediante
578 2347 160 71 vera
678 2347 200 71 cruce.
818 2347 160 71 Isto
918 2347 200 71 quarto
1057 2347 160 71 modo
1157 2347 260 71 praecipue
1357 2347 240 71 adoranda
1537 2347 140 71 est
1617 2347 280 71 hyperdulia
1817 2347 100 71 bea

146 2390 113 77 ta
203 2390 169 77 virgo
315 2390 244 77 inquantum
503 2390 225 77 Christum
672 2390 150 77 prae
766 2390 225 77 caeteris
935 2390 301 77 contrectauit
1179 2390 244 77 baiulando
1367 2390 113 77 in
1424 2390 188 77 vtero,
1555 2390 188 77 pannis
1687 2390 263 77 inuoluendo

148 2459 185 61 vberibus
287 2459 201 61 lactando:
441 2459 77 61 &
472 2459 170 61 caetera
595 2459 216 61 huiusmodi,
765 2459 124 61 quae
842 2459 185 61 secundum
981 2459 93 61 se
1028 2459 185 61 adoranda
1167 2459 108 61 est
1228 2459 154 61 dulia:
1336 2459 77 61 &
1367 2459 139 61 etiam
1460 2459 139 61 forte
1552 2459 154 61 latria
1661 2459 201 61 inquantum
1815 2459 108 61 est
1861 2459 62 61 ma

139 2510 111 72 ter
203 2510 111 72 non
266 2510 143 72 solum
361 2510 190 72 hominis,
504 2510 111 72 sed
567 2510 143 72 etiam
663 2510 127 72 dei,
742 2510 143 72 licet
837 2510 190 72 secundum
980 2510 206 72 assumptam
1139 2510 238 72 humanitatem
1329 2510 79 72 &
1361 2510 143 72 valde
1456 2510 111 72 per
1519 2510 206 72 accidens.
1678 2510 175 72 Propter
1805 2510 143 72 quin-

142 2566 117 66 tum
209 2566 183 66 ordinem
342 2566 100 66 ad
392 2566 117 66 per
459 2566 100 66 se
509 2566 217 66 adorandum
675 2566 200 66 adoramus
825 2566 233 66 adoratione
1009 2566 167 66 duliae
1125 2566 183 66 corpora
1259 2566 217 66 sanctorum
1425 2566 167 66 mortua
1542 2566 183 66 aliorum
1675 2566 83 66 a
1708 2566 200 66 Christo,
1858 2566 100 66 in

144 2610 168 71 quibus
262 2610 152 71 supra
363 2610 185 71 diximus
498 2610 152 71 nouam
599 2610 168 71 formam
717 2610 202 71 inductam
868 2610 168 71 fuisse
986 2610 101 71 ad
1036 2610 269 71 separationem
1255 2610 185 71 animae.
1390 2610 84 71 &
1424 2610 135 71 iste
1508 2610 152 71 modus
1609 2610 202 71 pertinet
1760 2610 101 71 ad
1811 2610 135 71 pro-

141 2653 179 85 positam
271 2653 260 85 quaestionem.
482 2653 163 85 Dictum
596 2653 114 85 est
661 2653 130 85 enim
743 2653 163 85 supra,
857 2653 179 85 quamuis
987 2653 130 85 enim
1068 2653 163 85 corpus
1182 2653 163 85 sancti
1296 2653 146 85 viuum
1393 2653 81 85 &
1426 2653 179 85 mortuum
1556 2653 114 85 non
1621 2653 114 85 sit
1686 2653 130 85 idem
1751 2653 163 85 secundum

135 2712 157 68 formam
245 2712 78 68 &
277 2712 235 68 suppositum:
465 2712 157 68 corpus
575 2712 141 68 tamen
669 2712 173 68 mortuum
794 2712 173 68 dicitur
920 2712 126 68 esse
998 2712 126 68 eius
1077 2712 141 68 cuius
1171 2712 126 68 erat
1249 2712 157 68 viuum,
1359 2712 126 68 quia
1438 2712 126 68 tale
1516 2712 157 68 corpus
1626 2712 173 68 mortuum
1751 2712 110 68 non
1798 2712 126 68 potest

133 2764 161 80 fieri
240 2764 125 80 per
312 2764 286 80 generationem
544 2764 143 80 nisi
633 2764 268 80 descendendo
848 2764 107 80 de
901 2764 143 80 tali
991 2764 197 80 corpore
1134 2764 143 80 viuo
1223 2764 125 80 per
1295 2764 143 80 eius
1384 2764 304 80 corruptionem.
1634 2764 107 80 Ad
1688 2764 161 80 cuius
1777 2764 143 80 intel-

144 2819 178 74 lectum
269 2819 214 74 sciendum
429 2819 142 74 est,
518 2819 142 74 quod
607 2819 160 74 sicut
714 2819 107 74 in
767 2819 178 74 ordine
892 2819 285 74 generationis
1123 2819 125 74 non
1194 2819 178 74 semper
1319 2819 231 74 quodlibet
1497 2819 160 74 habet
1604 2819 214 74 generari
1764 2819 107 74 ex
1817 2819 142 74 quo-

143 2878 147 74 libet:
246 2878 147 74 qualis
349 2878 103 74 est
408 2878 191 74 generatio
554 2878 220 74 elementorum
731 2878 88 74 ex
775 2878 191 74 elementis
922 2878 73 74 &
951 2878 162 74 mixtis:
1068 2878 103 74 nec
1127 2878 191 74 quodlibet
1274 2878 103 74 est
1333 2878 88 74 in
1377 2878 176 74 potentia
1509 2878 176 74 propiqua
1641 2878 88 74 ad
1685 2878 206 74 quodlibet,
1847 2878 103 74 sed

146 2926 200 86 quandoque
300 2926 93 86 ad
346 2926 247 86 determinatum
547 2926 170 86 aliquid
670 2926 108 86 non
732 2926 139 86 habet
824 2926 231 86 determinari
1009 2926 123 86 nisi
1086 2926 93 86 ex
1133 2926 247 86 determinato:
1333 2926 108 86 nec
1395 2926 108 86 est
1456 2926 139 86 aliud
1549 2926 123 86 quam
1626 2926 139 86 illud
1719 2926 93 86 in
1749 2926 170 86 potentia.

149 2979 190 83 propinqua
296 2979 73 83 &
325 2979 103 83 per
384 2979 88 83 se
428 2979 88 83 ad
472 2979 147 83 ipsum.
574 2979 103 83 Non
633 2979 117 83 enim
706 2979 147 83 idolum
809 2979 117 83 Eent
882 2979 190 83 immediate
1028 2979 132 83 fieri
1116 2979 88 83 ex
1160 2979 147 83 terra,
1263 2979 103 83 nec
1321 2979 132 83 terra
1409 2979 103 83 est
1468 2979 88 83 in
1512 2979 176 83 potentia
1644 2979 205 83 propimquam
1805 2979 88 83 ad
1834 2979 88 83 ipsa

150 3041 99 77 sed
206 3041 85 77 ad
249 3041 156 77 cuprum,
362 3041 71 77 &
390 3041 142 77 cuprum
490 3041 85 77 ad
532 3041 156 77 idolum:
645 3041 184 77 Similiter
787 3041 99 77 non
843 3041 85 77 ex
886 3041 184 77 quaelibet
1027 3041 127 77 mixto
1112 3041 142 77 habent
1211 3041 170 77 generari
1339 3041 156 77 sanguis
1452 3041 198 77 immediate:
1608 3041 113 77 quia
1678 3041 99 77 non
1735 3041 170 77 elapide,
1848 3041 71 77 aut

144 3088 149 76 melle,
248 3088 89 76 si
293 3088 134 76 solum
383 3088 89 76 ex
427 3088 164 76 congruo
547 3088 224 76 nutrimento:
726 3088 104 76 nec
785 3088 89 76 ex
830 3088 179 76 quaelib,
964 3088 119 76 hent
1039 3088 179 76 generari
1173 3088 149 76 chimus
1278 3088 209 76 immediate,
1442 3088 104 76 sed
1501 3088 134 76 solum
1591 3088 89 76 ex
1636 3088 194 76 sanguine:
1785 3088 104 76 nec
1830 3088 89 76 sper

138 3150 99 80 ma
188 3150 99 80 ex
238 3150 215 80 quolibet,
403 3150 116 80 sed
469 3150 149 80 solum
568 3150 99 80 ex
617 3150 165 80 chimo,
733 3150 149 80 neque
832 3150 165 80 embryo
947 3150 99 80 ex
997 3150 215 80 quolibet,
1162 3150 116 80 sed
1228 3150 149 80 solum
1327 3150 99 80 ex
1376 3150 215 80 spermate,
1541 3150 149 80 neque
1640 3150 132 80 homo
1723 3150 99 80 ex
1772 3150 182 80 quaoela
