2379 3667
62 275 157 100 Quorum
172 275 157 100 primum
283 275 126 100 est:
361 275 126 100 quod
440 275 189 100 essentia
582 275 110 100 non
645 275 157 100 posset
755 275 205 100 intelligi
912 275 110 100 non
975 275 126 100 esse
1054 275 142 100 sicut
1149 275 205 100 processit
1306 275 173 100 secunda
1432 275 142 100 ratio
1526 275 94 100 ad
1574 275 236 100 principale.
1747 275 110 100 Secun

74 352 121 75 dum
143 352 139 75 vero
230 352 139 75 est:
316 352 139 75 quod
403 352 208 75 essentia
558 352 225 75 creaturae
732 352 121 75 non
801 352 121 75 est
870 352 139 75 quid
957 352 225 75 diminutum
1130 352 87 75 &
1164 352 277 75 incompletum:
1390 352 156 75 neque
1493 352 139 75 esse
1580 352 156 75 eius:
1684 352 139 75 quia
1770 352 121 75 non

74 405 115 70 est
139 405 131 70 quid
221 405 245 70 participans
417 405 115 70 aut
483 405 278 70 participatum.
712 405 213 70 Diminutio
875 405 147 70 autem
974 405 115 70 non
1039 405 115 70 est
1104 405 131 70 nisi
1186 405 98 70 in
1235 405 311 70 participatione.
1497 405 262 70 Participare,
1710 405 115 70 enm
1759 405 98 70 idem

71 442 116 73 est
138 442 133 73 quod
221 442 166 73 partem
337 442 183 73 capere.
470 442 133 73 Pars
553 442 149 73 autem
653 442 199 73 respectu
802 442 166 73 totius
918 442 249 73 imperfectum
1118 442 133 73 est,
1201 442 116 73 vel
1267 442 199 73 proximum
1417 442 199 73 secundum
1566 442 199 73 naturam.
1716 442 100 73 v.
1749 442 83 73 Me-

72 506 143 75 taph.
167 506 127 75 Quia
247 506 143 75 autem
342 506 111 75 non
406 506 143 75 esset
501 506 254 75 participatio
708 506 159 75 patet:
819 506 127 75 quia
898 506 111 75 non
962 506 111 75 est
1026 506 254 75 participatio
1232 506 127 75 nisi
1312 506 95 75 in
1359 506 159 75 natura
1471 506 238 75 potentiali,
1661 506 111 75 aut
1709 506 143 75 actuali

74 554 198 79 secundum
223 554 132 79 quod
306 554 215 79 recipitur
471 554 99 79 in
520 554 248 79 potentiali,
719 554 149 79 quare
818 554 99 79 si
867 554 165 79 tollis
983 554 248 79 potentiale,
1181 554 83 79 &
1214 554 182 79 actuale
1346 554 198 79 receptum
1495 554 99 79 in
1545 554 248 79 potentiali:
1743 554 83 79 &
1759 554 83 79 par

75 614 261 59 ticipationem
287 614 114 59 per
352 614 114 59 hoc
418 614 180 59 tollis.
548 614 229 59 Potentiale
728 614 147 59 autem
826 614 82 59 &
859 614 180 59 actuale
990 614 163 59 tollis
1104 614 180 59 ponendo
1235 614 131 59 esse
1316 614 131 59 idem
1398 614 212 59 essentiam
1561 614 212 59 creaturae
1725 614 82 59 &
1741 614 98 59 esse

68 668 151 61 eius:
169 668 134 61 quia
253 668 151 61 nihil
353 668 235 61 participat
537 668 184 61 seipso:
671 668 117 61 nec
738 668 117 61 est
805 668 235 61 potentiale
990 668 201 61 respectu
1140 668 235 61 suiipsius.
1325 668 84 61 &
1358 668 117 61 sic
1425 668 101 61 in
1475 668 201 61 creatura
1626 668 168 61 tollis
1727 668 117 61 omnem

73 717 223 79 defectum:
244 717 154 79 primo
347 717 120 79 rei
415 717 103 79 in
467 717 120 79 se:
535 717 188 79 secundo
672 717 103 79 in
724 717 291 79 comparatione:
964 717 137 79 quia
1049 717 120 79 res
1118 717 154 79 prius
1220 717 171 79 defuit
1340 717 103 79 in
1392 717 103 79 se
1443 717 137 79 quam
1529 717 103 79 in
1580 717 291 79 comparatione.

72 763 171 68 Tertium
197 763 124 68 vero
274 763 124 68 est:
352 763 124 68 quod
430 763 109 68 non
492 763 140 68 esset
585 763 109 68 ens
647 763 109 68 per
709 763 202 68 accidens:
865 763 124 68 quia
942 763 140 68 prius
1035 763 109 68 res
1098 763 217 68 participat
1268 763 124 68 esse
1346 763 124 68 quam
1424 763 140 68 aliis
1517 763 124 68 quae
1595 763 202 68 sequuntur
1734 763 109 68 esse:

73 822 83 64 &
107 822 116 64 non
173 822 116 64 est
239 822 116 64 ens
305 822 116 64 per
371 822 198 64 accidens
520 822 132 64 nisi
603 822 265 64 participando
818 822 132 64 illa
900 822 132 64 quae
983 822 132 64 sunt
1066 822 132 64 post
1148 822 149 64 esse.
1248 822 182 64 dicente
1380 822 165 64 Boetio
1496 822 99 64 de
1545 822 165 64 hebdo.
1661 822 132 64 Omne
1744 822 132 64 quod

74 884 121 60 est,
149 884 212 60 participat
316 884 91 60 eo
361 884 121 60 quod
437 884 106 60 est
497 884 121 60 esse
573 884 91 60 vt
618 884 121 60 sit:
693 884 121 60 alio
769 884 121 60 vero
845 884 212 60 participat
1011 884 91 60 vt
1056 884 166 60 aliquid
1177 884 121 60 sit.
1253 884 91 60 Ac
1298 884 106 60 per
1358 884 106 60 hoc
1419 884 91 60 id
1464 884 121 60 quod
1540 884 106 60 est
1600 884 212 60 participat
1751 884 91 60 esse

82 930 101 78 vt
133 930 134 78 sit:
216 930 117 78 est
283 930 134 78 vero
367 930 101 78 vt
417 930 235 78 participet
602 930 134 78 alio
685 930 218 78 quolibet.
853 930 184 78 Quartum
987 930 134 78 est:
1071 930 134 78 quod
1154 930 117 78 non
1221 930 151 78 esset
1322 930 151 78 genus
1422 930 101 78 in
1473 930 235 78 creaturis:
1657 930 134 78 quia
1724 930 117 78 genus

68 976 111 73 non
132 976 111 73 est
195 976 127 73 nisi
275 976 127 73 quid
354 976 223 73 potentiale
529 976 191 73 respectu
673 976 302 73 differentiarum.
927 976 95 73 Si
975 976 127 73 ergo
1055 976 111 73 non
1118 976 207 73 differunt
1277 976 223 73 potentiale
1452 976 80 73 &
1484 976 191 73 actuale,
1627 976 143 73 genus
1723 976 111 73 non
1770 976 80 73 est

79 1031 133 77 Vnde
163 1031 100 77 in
213 1031 133 77 deo:
296 1031 133 77 quia
379 1031 133 77 idem
462 1031 133 77 sunt
545 1031 183 77 actuale
679 1031 83 77 &
712 1031 250 77 potentiale,
912 1031 200 77 essentia
1062 1031 83 77 &
1095 1031 150 77 esse:
1195 1031 100 77 in
1245 1031 133 77 ipso
1328 1031 117 77 non
1395 1031 117 77 est
1461 1031 150 77 ratio
1561 1031 200 77 generis.
1694 1031 150 77 Quintum

74 1090 134 62 est:
158 1090 134 62 quod
242 1090 117 62 non
309 1090 151 62 esset
409 1090 234 62 distinctio
593 1090 335 62 praedicamentorum
877 1090 251 62 substantiae
1078 1090 100 62 ab
1128 1090 268 62 accidentibus
1346 1090 117 62 sub
1413 1090 201 62 analogia
1564 1090 167 62 entis:
1681 1090 134 62 quia
1748 1090 100 62 tunc

65 1147 116 57 non
132 1147 149 57 esset
231 1147 133 57 idem
314 1147 133 57 esse
397 1147 133 57 quod
480 1147 249 57 substantiae
679 1147 232 57 conveniret
862 1147 149 57 primo
961 1147 83 57 &
994 1147 116 57 per
1061 1147 100 57 se
1111 1147 182 57 tanquam
1243 1147 133 57 illi
1326 1147 133 57 quid
1409 1147 116 57 est
1475 1147 149 57 primo
1575 1147 133 57 ens:
1658 1147 83 57 &
1675 1147 182 57 accidenti

69 1196 178 75 tanquam
198 1196 129 75 illi
279 1196 129 75 quid
360 1196 113 75 non
424 1196 113 75 est
489 1196 113 75 ens
554 1196 129 75 nisi
635 1196 129 75 quia
715 1196 162 75 entis.
829 1196 129 75 immo
909 1196 194 75 accidens
1055 1196 178 75 haberet
1184 1196 194 75 proprium
1330 1196 129 75 esse
1411 1196 145 75 aliud
1508 1196 97 75 ab
1556 1196 129 75 esse
1621 1196 226 75 substantiae.

76 1242 112 82 HIC
140 1242 176 82 oportet
268 1242 144 82 primo
364 1242 160 82 videre
476 1242 176 82 quomodo
603 1242 96 82 se
651 1242 144 82 habet
747 1242 128 82 esse
827 1242 96 82 ad
875 1242 224 82 essentiam.
1051 1242 176 82 Secundo
1179 1242 96 82 ex
1227 1242 112 82 hoc
1291 1242 224 82 principale
1466 1242 224 82 quaesitum.
1642 1242 144 82 Super
1722 1242 112 82 iden-

70 1299 162 78 titate
183 1299 146 78 esse,
281 1299 81 78 &
313 1299 211 78 essentiae
475 1299 97 78 in
524 1299 227 78 creaturis:
702 1299 162 78 habita
816 1299 113 78 est
880 1299 178 78 quaedam
1010 1299 195 78 quaestio
1156 1299 243 78 determinata
1351 1299 97 78 in
1399 1299 162 78 nostro
1513 1299 146 78 primo
1610 1299 211 78 Quolibet.
1756 1299 81 78 vbi

73 1360 189 71 diximus
211 1360 86 71 &
245 1360 155 71 adhuc
348 1360 207 71 dicemus:
503 1360 138 71 quod
589 1360 138 71 esse
675 1360 224 71 creaturae
847 1360 121 71 non
916 1360 121 71 est
985 1360 189 71 aliquid
1123 1360 103 71 re
1175 1360 207 71 absoluta
1330 1360 155 71 aliud
1433 1360 103 71 ab
1484 1360 138 71 ipsa
1571 1360 207 71 essentia
1708 1360 138 71 creatu

67 1413 112 61 rae
131 1413 176 61 additum
259 1413 96 61 ei
307 1413 96 61 vt
355 1413 112 61 sit
419 1413 96 61 in
467 1413 192 61 effectu:
611 1413 128 61 immo
691 1413 128 61 ipsa
771 1413 192 61 creatura
915 1413 192 61 essentia
1058 1413 112 61 sua
1122 1413 112 61 qua
1186 1413 112 61 est
1250 1413 96 61 id
1298 1413 128 61 quod
1378 1413 128 61 est,
1458 1413 144 61 habet
1554 1413 144 61 esse,
1650 1413 112 61 non
1714 1413 160 61 inquam

68 1468 124 55 tum
139 1468 124 55 est
210 1468 212 55 essentia
369 1468 212 55 secundum
527 1468 106 55 se
580 1468 88 55 &
616 1468 212 55 absolute
775 1468 283 55 considerata:
1004 1468 124 55 sed
1075 1468 106 55 vt
1128 1468 265 55 considerata
1340 1468 124 55 est
1410 1468 106 55 in
1463 1468 177 55 ordine
1587 1468 88 55 &
1604 1468 230 55 comparatio-

73 1516 100 59 ne
123 1516 100 59 ad
173 1516 184 59 diuinam
307 1516 234 59 essentiam.
491 1516 234 59 Inquantum.
674 1516 100 59 n.
724 1516 134 59 ipsa
808 1516 100 59 re
858 1516 134 59 ipsa
941 1516 167 59 absque
1058 1516 134 59 omni
1142 1516 200 59 absoluto
1292 1516 167 59 addito
1409 1516 117 59 est
1476 1516 234 59 similitudo
1659 1516 184 59 diuinae
1776 1516 67 59 es

78 1562 165 73 sentiae
198 1562 180 73 secundum
333 1562 180 73 rationem
468 1562 150 73 causae
574 1562 180 73 formalis
709 1562 180 73 conuenit
844 1562 90 73 ei
889 1562 120 73 esse
964 1562 210 73 essentiae.
1129 1562 195 73 Inquantum
1279 1562 135 73 autem
1369 1562 120 73 ipsa
1445 1562 90 73 in
1490 1562 150 73 seipsa
1595 1562 150 73 absque
1700 1562 120 73 omni
1775 1562 90 73 ab

75 1615 165 77 soluto
190 1615 165 77 addito
305 1615 115 77 est
371 1615 198 77 effectus
519 1615 181 77 diuinae
651 1615 231 77 essentiae:
832 1615 115 77 vel
898 1615 214 77 immediate
1063 1615 115 77 vel
1129 1615 198 77 mediante
1277 1615 165 77 agente
1392 1615 198 77 naturali
1541 1615 198 77 secundum
1672 1615 165 77 rationem

78 1670 233 78 efficientis,
267 1670 174 78 conuenit
398 1670 87 78 ei
442 1670 116 78 esse
514 1670 233 78 existentiae.
703 1670 87 78 vt
747 1670 102 78 sic
805 1670 102 78 nec
863 1670 116 78 esse
936 1670 203 78 essentiae:
1096 1670 102 78 nec
1154 1670 116 78 esse
1227 1670 218 78 existentiae
1401 1670 131 78 super
1488 1670 189 78 essentiam
1634 1670 87 78 in
1677 1670 116 78 ipsa
1735 1670 102 78 essen

70 1729 118 60 tia
138 1729 219 60 creaturae
306 1729 152 60 addat
407 1729 152 60 super
508 1729 219 60 essentiam
677 1729 219 60 creaturae
846 1729 185 60 aliquid
980 1729 185 60 formale
1115 1729 236 60 absolutum:
1301 1729 118 60 sed
1368 1729 185 60 solummo
1503 1729 219 60 respectum
1671 1729 101 60 ad
1722 1729 152 60 aliud

75 1777 117 77 Quid
149 1777 132 77 tamen
237 1777 117 77 esse
310 1777 191 77 essentiae
457 1777 103 77 non
515 1777 161 77 proprie
633 1777 161 77 dicitur
750 1777 117 77 addi
824 1777 205 77 essentiae:
985 1777 117 77 quia
1058 1777 103 77 non
1117 1777 103 77 est
1176 1777 191 77 essentia,
1322 1777 161 77 proprie
1440 1777 117 77 nisi
1513 1777 117 77 illo
1587 1777 132 77 esse:
1675 1777 103 77 sed
1719 1777 117 77 potius

77 1832 174 64 dicitur
203 1832 126 64 addi
282 1832 158 64 aliquo
393 1832 126 64 quod
472 1832 110 64 est
535 1832 95 64 de
582 1832 174 64 propria
708 1832 174 64 ratione
834 1832 174 64 generis
961 1832 126 64 sui:
1039 1832 126 64 quid
1118 1832 110 64 cum
1181 1832 174 64 ratione
1308 1832 126 64 esse
1387 1832 221 64 constituit
1560 1832 205 64 essentiam
1702 1832 142 64 composi

70 1879 111 68 tam
134 1879 95 68 ex
181 1879 95 68 eo
229 1879 127 68 quod
308 1879 127 68 est,
388 1879 79 68 &
419 1879 127 68 esse
499 1879 127 68 quid
578 1879 111 68 est
642 1879 143 68 ipsum
737 1879 111 68 quo
800 1879 127 68 est:
880 1879 95 68 vt
927 1879 111 68 iam
991 1879 143 68 infra
1086 1879 127 68 plus
1165 1879 190 68 patebit.
1308 1879 111 68 SED
1372 1879 159 68 arguit
1483 1879 159 68 contra
1594 1879 111 68 nos
1657 1879 95 68 in
1705 1879 111 68 hoc
1753 1879 79 68 ad-

72 1929 168 84 uersans
194 1929 153 84 nobis.
301 1929 137 84 Illud
392 1929 122 84 quod
469 1929 107 84 est
530 1929 198 84 efficiens
682 1929 214 84 potentiale
850 1929 122 84 esse
926 1929 92 84 ex
972 1929 107 84 se,
1033 1929 107 84 non
1094 1929 153 84 potest
1201 1929 137 84 illud
1293 1929 153 84 facere
1399 1929 122 84 esse
1476 1929 137 84 actum
1567 1929 122 84 nisi
1644 1929 168 84 seipsum
1750 1929 92 84 illi

70 1986 203 69 imprimat
222 1986 118 69 vel
290 1986 152 69 aliud
391 1986 135 69 quod
475 1986 118 69 est
543 1986 152 69 actus
644 1986 135 69 eius
728 1986 118 69 quo
796 1986 236 69 formaliter
981 1986 152 69 habet
1083 1986 152 69 esse.
1184 1986 186 69 seipsum
1319 1986 152 69 autem
1420 1986 118 69 non
1488 1986 203 69 imprimit
1640 1986 101 69 vt
1673 1986 169 69 constat:

73 2039 183 81 imprimit
210 2039 122 81 ergo
287 2039 153 81 aliud.
394 2039 199 81 impressum
546 2039 138 81 autem
638 2039 122 81 tale
714 2039 107 81 non
776 2039 153 81 potest
882 2039 122 81 esse
959 2039 122 81 nisi
1035 2039 214 81 absolutum:
1203 2039 122 81 quia
1280 2039 168 81 relatio
1402 2039 107 81 non
1463 2039 153 81 potest
1570 2039 122 81 esse
1646 2039 107 81 per
1707 2039 92 81 se
1738 2039 107 81 termi

78 2092 106 80 nus
139 2092 198 80 actionis.
291 2092 122 80 ergo
367 2092 106 80 &c.
428 2092 122 80 ITEM
504 2092 91 80 ex
549 2092 91 80 eo
595 2092 122 80 quod
671 2092 167 80 aliquid
793 2092 137 80 habet
884 2092 198 80 respectum
1036 2092 91 80 ad
1082 2092 152 80 aliud,
1188 2092 106 80 non
1249 2092 183 80 existit:
1386 2092 106 80 sed
1447 2092 106 80 est
1507 2092 91 80 ad
1553 2092 183 80 aliquid:
1690 2092 122 80 quid
1751 2092 91 80 prae

71 2142 201 68 supponit
222 2142 218 68 existere:
390 2142 134 68 quia
473 2142 235 68 potentiale
658 2142 117 68 non
725 2142 184 68 existit
859 2142 184 68 seipso.
993 2142 134 68 ergo
1076 2142 117 68 &c.
1143 2142 134 68 ITEM
1227 2142 184 68 materia
1361 2142 117 68 est
1428 2142 101 68 in
1478 2142 201 68 respectu
1629 2142 101 68 ad
1679 2142 134 68 esse
1746 2142 84 68 ex-

81 2202 179 75 tensum.
211 2202 114 75 sed
276 2202 114 75 non
341 2202 130 75 sine
423 2202 130 75 alio
504 2202 130 75 sibi
586 2202 228 75 adueniente
765 2202 98 75 vt
814 2202 228 75 quantitate
993 2202 114 75 est
1059 2202 130 75 actu
1140 2202 196 75 extensa.
1287 2202 130 75 ergo
1368 2202 212 75 similiter
1531 2202 196 75 essentia
1678 2202 114 75 non
1743 2202 98 75 ex
1776 2202 65 75 so

78 2246 94 74 lo
125 2246 187 74 respectu
266 2246 109 74 est
328 2246 125 74 actu
406 2246 109 74 sub
469 2246 125 74 esse
547 2246 125 74 sine
625 2246 125 74 alio
703 2246 172 74 addito.
828 2246 187 74 DIcendum
968 2246 125 74 quod
1046 2246 172 74 aliquid
1171 2246 94 74 ex
1218 2246 94 74 se
1265 2246 109 74 est
1327 2246 219 74 potentiale
1499 2246 125 74 esse
1577 2246 234 74 dupliciter.
1764 2246 109 74 Vno

70 2311 137 70 modo
155 2311 103 70 vt
207 2311 154 70 solum
309 2311 120 70 per
378 2311 103 70 se
429 2311 222 70 subiectum
600 2311 325 70 transmutationis
874 2311 86 70 a
908 2311 120 70 non
977 2311 137 70 esse
1062 2311 103 70 in
1113 2311 154 70 esse:
1216 2311 86 70 &
1250 2311 120 70 non
1319 2311 103 70 vt
1370 2311 120 70 per
1439 2311 103 70 se
1490 2311 222 70 terminus.
1661 2311 137 70 Alio
1729 2311 103 70 modo

75 2360 99 72 vt
125 2360 198 72 terminus
274 2360 149 72 eius.
373 2360 149 72 Primo
472 2360 132 72 modo
555 2360 99 72 in
604 2360 248 72 naturalibus
802 2360 132 72 sola
885 2360 182 72 materia
1017 2360 116 72 est
1083 2360 231 72 potentiale
1265 2360 149 72 esse.
1364 2360 182 72 Secundo
1496 2360 132 72 vero
1579 2360 132 72 modo
1661 2360 132 72 sola
1727 2360 116 72 forma

79 2413 168 77 educta
197 2413 101 77 de
247 2413 202 77 potentia
399 2413 219 77 materiae:
567 2413 118 77 vel
634 2413 151 77 ipsum
735 2413 235 77 compositum
920 2413 101 77 ex
971 2413 185 77 materia
1105 2413 84 77 &
1139 2413 168 77 forma,
1256 2413 118 77 est
1324 2413 235 77 potentiale
1509 2413 151 77 esse.
1610 2413 101 77 De
1643 2413 202 77 potentiali

75 2465 120 60 esse
150 2465 135 60 primo
240 2465 120 60 modo
314 2465 135 60 verum
404 2465 105 60 est
464 2465 120 60 quod
539 2465 195 60 efficiens
689 2465 120 60 siue
763 2465 135 60 agens
853 2465 210 60 quodcumque
1018 2465 105 60 non
1078 2465 150 60 potest
1183 2465 135 60 illud
1272 2465 150 60 facere
1377 2465 120 60 esse
1452 2465 90 60 in
1497 2465 135 60 actum
1587 2465 120 60 nisi
1661 2465 210 60 imprimendo

72 2516 83 81 se
114 2516 83 81 vt
155 2516 139 81 formam
253 2516 125 81 illi:
336 2516 97 81 vel
391 2516 153 81 aliquid
502 2516 167 81 aliquae:
627 2516 111 81 quia
697 2516 111 81 illo
766 2516 111 81 modo
836 2516 97 81 non
891 2516 97 81 die
947 2516 153 81 aliquid
1058 2516 194 81 potentiale
1210 2516 111 81 esse
1280 2516 111 81 nisi
1349 2516 167 81 respectu
1474 2516 139 81 formae
1571 2516 69 81 a
1599 2516 111 81 quae
1668 2516 125 81 sumit
1752 2516 69 81 a
1766 2516 69 81 ctu

73 2575 93 73 ale
126 2575 120 73 esse.
206 2575 80 73 Et
246 2575 107 73 tali
313 2575 107 73 modo
380 2575 187 73 potentiale
527 2575 107 73 esse
593 2575 107 73 bene
660 2575 134 73 potest
754 2575 107 73 esse
820 2575 80 73 in
860 2575 107 73 actu
927 2575 214 73 existentiae:
1101 2575 93 73 cum
1154 2575 93 73 hoc
1207 2575 107 73 quod
1274 2575 93 73 est
1328 2575 93 73 sic
1381 2575 187 73 potentiale
1528 2575 120 73 esse:
1608 2575 80 73 vt
1648 2575 147 73 materia
1742 2575 93 73 prima

73 2619 98 73 in
122 2619 262 73 naturalibus:
334 2619 131 73 quae
416 2619 212 73 inquantum
579 2619 114 73 est
645 2619 212 73 subiectum
808 2619 311 73 transmutationis
1070 2619 229 73 naturalis:
1250 2619 114 73 non
1315 2619 114 73 est
1380 2619 229 73 potentiale
1560 2619 98 73 ad
1609 2619 131 73 esse
1675 2619 163 73 simplici

79 2676 122 66 ter:
155 2676 106 66 sed
216 2676 137 66 habet
307 2676 122 66 esse
383 2676 228 66 existentiae
565 2676 76 66 a
596 2676 106 66 deo
656 2676 106 66 per
717 2676 213 66 creationem
884 2676 91 66 vt
930 2676 182 66 terminus
1067 2676 137 66 eius.
1158 2676 122 66 quod
1234 2676 152 66 quidem
1341 2676 122 66 esse
1417 2676 228 66 existentiae
1599 2676 182 66 supponit
1736 2676 91 66 in
1766 2676 61 66 ma

75 2731 138 75 teria
167 2731 123 75 omne
244 2731 138 75 agens
336 2731 200 75 naturale.
489 2731 108 75 Sed
551 2731 123 75 tale
628 2731 215 75 potentiale
797 2731 123 75 esse
874 2731 108 75 non
935 2731 108 75 est
996 2731 184 75 essentia
1135 2731 184 75 respectu
1273 2731 123 75 esse
1350 2731 184 75 actualis
1488 2731 246 75 existentiae:
1688 2731 123 75 quia
1749 2731 77 75 non

74 2781 122 68 pont
150 2781 183 68 existere
287 2781 91 68 in
333 2781 137 68 actum
424 2781 122 68 sine
500 2781 122 68 tali
576 2781 137 68 esse:
667 2781 137 68 sicut
759 2781 107 68 non
820 2781 152 68 potest
926 2781 167 68 aliquid
1048 2781 122 68 esse
1124 2781 152 68 simile
1230 2781 122 68 sine
1307 2781 259 68 similitudine.
1520 2781 167 68 Secundo
1641 2781 137 68 autem
1733 2781 122 68 modo

64 2841 160 71 falsum
176 2841 128 71 est.
257 2841 144 71 Illo.
353 2841 80 71 n
385 2841 128 71 modo
465 2841 177 71 dicitur
593 2841 177 71 aliquid
722 2841 128 71 esse
802 2841 225 71 potentiale
979 2841 128 71 esse
1059 2841 112 71 non
1123 2841 193 71 respectu
1267 2841 193 71 alicuius
1412 2841 160 71 formae
1524 2841 128 71 sibi
1604 2841 257 71 imprimendae:

66 2889 214 78 respectu
227 2889 267 78 efficientis
441 2889 107 78 vt
494 2889 143 78 eius
583 2889 214 78 actionem
744 2889 143 78 quae
833 2889 125 78 est
904 2889 232 78 productio
1082 2889 285 78 terminantis.
1314 2889 143 78 Vnde
1403 2889 160 78 forma
1510 2889 303 78 substantialis
1742 2889 89 78 per

65 2950 285 69 generationem
297 2950 125 69 est
368 2950 214 69 secundum
529 2950 160 69 actum
636 2950 125 69 sub
707 2950 160 69 esse:
814 2950 143 69 quia
903 2950 125 69 est
974 2950 214 69 terminus
1135 2950 214 69 actionis
1295 2950 143 69 quae
1384 2950 125 69 est
1456 2950 250 69 generatio:
1652 2950 143 69 vnde
1741 2950 125 69 ha-

65 2999 110 78 bet
128 2999 126 78 esse
207 2999 110 78 non
270 2999 95 78 vt
317 2999 110 78 per
380 2999 158 78 formam
491 2999 126 78 sibi
569 2999 205 78 impressam
727 2999 110 78 per
790 2999 299 78 transmutationem
1042 2999 268 78 generationis:
1263 2999 126 78 quia
1342 2999 126 78 tunc
1420 2999 142 78 simul
1515 2999 158 78 essent
1625 2999 126 78 duae
1688 2999 142 78 genera-

64 3053 195 58 tiones:
206 3053 124 58 vna
277 3053 124 58 qua
348 3053 195 58 materia
489 3053 159 58 habet
596 3053 106 58 in
649 3053 106 58 se
702 3053 159 58 actum
808 3053 124 58 qui
879 3053 124 58 est
950 3053 177 58 forma:
1074 3053 177 58 altera
1198 3053 124 58 qua
1268 3053 159 58 forma
1375 3053 159 58 habet
1481 3053 106 58 in
1534 3053 106 58 se
1587 3053 159 58 actum
1693 3053 124 58 qui
1746 3053 89 58 est

68 3108 144 86 esse:
164 3108 144 86 neque
260 3108 112 86 per
324 3108 240 86 creationem:
516 3108 192 86 qualiter
661 3108 144 86 ponit
757 3108 128 86 ille
837 3108 208 86 essentiam
997 3108 160 86 habere
1109 3108 128 86 esse
1189 3108 112 86 per
1253 3108 144 86 actum
1349 3108 240 86 creationis:
1542 3108 128 86 quia
1622 3108 128 86 tunc
1702 3108 96 86 in
1734 3108 96 86 omni
