2414 3708
174 300 188 78 differens
318 300 87 78 ab
362 300 130 78 illo:
449 300 101 78 sed
507 300 174 78 sufficit
637 300 116 78 quod
710 300 101 78 sit
767 300 188 78 differens
912 300 87 78 ab
956 300 116 78 illo
1028 300 116 78 sola
1101 300 203 78 intentione
1260 300 87 78 vt
1304 300 130 78 patet
1390 300 87 78 ex
1434 300 159 78 dictis.
1550 300 87 78 Et
1593 300 101 78 sic
1651 300 130 78 licet
1738 300 159 78 aliquid
1840 300 72 78 sit

177 363 178 66 possibile
315 363 178 66 obiectiue
452 363 69 66 &
479 363 151 66 aliquae
589 363 206 66 subiectiue:
754 363 96 66 sie
809 363 165 66 scilicet
932 363 110 66 quod
1001 363 110 66 vnum
1070 363 124 66 eorum
1152 363 96 66 non
1207 363 96 66 sit
1262 363 110 66 sine
1330 363 124 66 alio:
1413 363 96 66 non
1468 363 151 66 oportet
1578 363 110 66 quod
1646 363 96 66 sit
1701 363 124 66 aliud
1783 363 69 66 &
1811 363 124 66 aliud

173 419 118 62 nisi
247 419 118 62 sola
320 419 220 62 intentione.
497 419 88 62 Et
541 419 103 62 sic
599 419 147 62 ponere
702 419 176 62 materiam
834 419 147 62 creari
937 419 118 62 siue
1011 419 191 62 essentiam
1158 419 103 62 non
1216 419 103 62 est
1275 419 147 62 facere
1378 419 118 62 quod
1452 419 162 62 materia
1569 419 103 62 sit
1628 419 176 62 materia:
1760 419 103 62 aut
1819 419 118 62 quod

177 469 169 56 essentia
304 469 99 56 sit
360 469 183 56 essentia.
501 469 169 56 secundum
628 469 127 56 modum
712 469 113 56 quem
783 469 141 56 ponit:
881 469 99 56 sed
938 469 99 56 hoc
994 469 99 56 est
1050 469 141 56 ponere
1149 469 113 56 quod
1220 469 155 56 materia
1332 469 85 56 si
1375 469 99 56 per
1431 469 85 56 se
1473 469 113 56 sine
1544 469 127 56 forma
1628 469 197 56 producatur
1783 469 85 56 in
1811 469 99 56 esse:

172 525 104 58 sit
232 525 104 58 sub
291 525 119 58 esse
365 525 208 58 differenti
529 525 74 58 a
559 525 89 58 se
603 525 119 58 sola
678 525 223 58 intentione.
856 525 119 58 Vnde
931 525 149 58 falsum
1035 525 104 58 est
1094 525 119 58 quod
1168 525 193 58 asseruit:
1317 525 119 58 quod
1392 525 149 58 creare
1496 525 178 58 materiam
1629 525 104 58 est
1689 525 149 58 facere
1793 525 119 58 quod
1853 525 59 58 ma

173 581 109 65 ria
236 581 109 65 sit
298 581 109 65 sub
361 581 140 65 forma
454 581 109 65 &c.
517 581 125 65 tunc
595 581 125 65 enim
673 581 172 65 neutrum
798 581 140 65 eorum
891 581 156 65 posset
1001 581 156 65 creari
1110 581 109 65 per
1172 581 94 65 se
1219 581 125 65 sine
1297 581 172 65 altero,
1422 581 125 65 quod
1500 581 250 65 inconveniens
1703 581 203 65 reputatur
1844 581 62 65 ex

181 630 136 67 parte
271 630 196 67 materiae.
422 630 90 67 Et
467 630 196 67 similiter
618 630 151 67 falsum
724 630 106 67 est
784 630 121 67 quod
859 630 181 67 asseruit
995 630 90 67 de
1040 630 181 67 essentia
1176 630 75 67 &
1206 630 136 67 esse:
1297 630 241 67 intelligendo
1493 630 121 67 quod
1568 630 106 67 sic
1628 630 181 67 essentia
1764 630 151 67 cretur
1855 630 75 67 sub

174 686 128 62 esse
254 686 128 62 quod
334 686 175 62 differt
461 686 96 62 ab
509 686 128 62 ipsa
589 686 191 62 secundum
732 686 128 62 rem.
812 686 191 62 sufficit
956 686 128 62 enim
1036 686 96 62 vt
1083 686 160 62 dictum
1195 686 128 62 est,
1275 686 128 62 quod
1355 686 175 62 creetur
1482 686 112 62 sub
1546 686 128 62 ipso
1626 686 96 62 vt
1674 686 112 62 sub
1722 686 191 62 differenti

175 738 91 67 ab
220 738 121 67 illa
296 738 182 67 secundum
433 738 243 67 intentionem.
630 738 76 67 &
660 738 106 67 hoc
721 738 121 67 modo
797 738 121 67 vnum
873 738 167 67 istorum
994 738 106 67 non
1055 738 152 67 potest
1161 738 121 67 esse
1237 738 106 67 aut
1298 738 152 67 creari
1404 738 121 67 sine
1480 738 167 67 altero:
1601 738 106 67 sed
1662 738 182 67 vtrumque
1784 738 121 67 simul.

178 794 125 58 Quid
257 794 125 58 ergo
335 794 188 58 asseruit
475 794 203 58 vlterius:
632 794 125 58 quod
710 794 141 58 forma
803 794 109 58 per
866 794 125 58 suam
944 794 250 58 corruptionem
1147 794 109 58 &c.
1210 794 219 58 supponendo
1382 794 125 58 quod
1460 794 172 58 materia
1585 794 109 58 non
1647 794 156 58 potest
1741 794 172 58 annihila-

177 850 84 64 ti
219 850 112 64 nisi
289 850 98 64 per
345 850 98 64 hoc
401 850 112 64 quod
471 850 126 64 forma
555 850 182 64 separatur
695 850 84 64 ab
737 850 98 64 ea:
793 850 126 64 neque
877 850 168 64 essentia
1003 850 112 64 nisi
1072 850 98 64 per
1128 850 98 64 hoc
1184 850 112 64 quod
1254 850 112 64 esse
1324 850 182 64 differens
1464 850 168 64 secundum
1590 850 98 64 rem
1646 850 84 64 ab
1688 850 112 64 illa
1758 850 140 64 potest
1842 850 70 64 se-

178 895 150 74 parari
283 895 90 74 ab
328 895 105 74 ea:
388 895 150 74 falsum
493 895 120 74 est.
568 895 165 74 quoniam
688 895 135 74 sicut
778 895 165 74 materia
898 895 75 74 &
928 895 135 74 forma
1018 895 195 74 differunt
1169 895 105 74 per
1229 895 210 74 essentiam:
1394 895 105 74 sic
1454 895 150 74 habent
1559 895 165 74 diuersa
1679 895 135 74 esse:
1754 895 165 74 propterea

179 950 233 69 differentia
366 950 109 69 per
428 950 202 69 essentiam
584 950 93 69 vt
631 950 171 69 dicetur
755 950 93 69 in
802 950 187 69 sequenti
942 950 233 69 quaestione.
1129 950 93 69 Et
1175 950 124 69 ideo
1253 950 93 69 si
1300 950 140 69 forma
1393 950 187 69 separata
1533 950 78 69 a
1564 950 171 69 materia
1689 950 156 69 diuina
1782 950 140 69 virtute

177 1006 215 65 conseruatur
348 1006 86 65 in
391 1006 100 65 suo
449 1006 115 65 esse
520 1006 172 65 proprio:
649 1006 129 65 licet
735 1006 172 65 priuetur
864 1006 115 65 illo
935 1006 115 65 esse
1007 1006 115 65 quid
1078 1006 129 65 forma
1164 1006 229 65 communicauit
1350 1006 200 65 composito:
1508 1006 72 65 &
1537 1006 172 65 materiae
1665 1006 86 65 in
1708 1006 200 65 composito:
1866 1006 86 65 ad

171 1060 105 65 huc
231 1060 135 65 matia
321 1060 150 65 potest
426 1060 180 65 corrumpi
561 1060 120 65 siue
636 1060 210 65 annihilari
801 1060 165 65 propria
921 1060 225 65 corruptione
1102 1060 75 65 &
1132 1060 255 65 annihilatione
1342 1060 150 65 ipsius
1447 1060 180 65 materiae
1582 1060 120 65 quae
1657 1060 90 65 ad
1702 1060 135 65 suum,
1777 1060 150 65 proprium

175 1115 133 63 esse:
264 1115 118 63 quid
338 1115 118 63 sola
412 1115 207 63 intentione
575 1115 163 63 differt
693 1115 74 63 a
723 1115 178 63 materia.
856 1115 89 63 Et
901 1115 237 63 consimiliter
1093 1115 163 63 ponendo
1211 1115 118 63 quod
1285 1115 178 63 essentia
1419 1115 74 63 &
1448 1115 118 63 esse
1522 1115 192 63 differant
1670 1115 118 63 sola
1744 1115 207 63 intentione

181 1168 159 67 ipsius
292 1168 238 67 corruptione
483 1168 111 67 quo
546 1168 95 67 ad
594 1168 143 67 illud
689 1168 127 67 esse
768 1168 238 67 corrumpitur
959 1168 190 67 essentia
1102 1168 95 67 ne
1149 1168 190 67 essentia
1292 1168 127 67 sit:
1371 1168 143 67 licet
1467 1168 190 67 essentia
1610 1168 159 67 semper
1721 1168 159 67 maneat
1816 1168 111 67 essen

172 1223 122 60 tia.
248 1223 122 60 Quia
324 1223 91 60 si
369 1223 167 60 ponatur
491 1223 167 60 materia
612 1223 106 60 non
673 1223 182 60 corrumpi
810 1223 122 60 nisi
886 1223 106 60 per
947 1223 243 60 corruptionem
1144 1223 152 60 formae
1251 1223 91 60 in
1296 1223 137 60 illa:
1387 1223 106 60 nec
1448 1223 182 60 essentia
1585 1223 122 60 nisi
1661 1223 106 60 per
1706 1223 213 60 corruptionem

165 1274 136 60 esse,
255 1274 121 60 quod
331 1274 106 60 est
391 1274 90 60 re
436 1274 136 60 aliud
527 1274 90 60 ab
572 1274 136 60 illa:
663 1274 121 60 tunc
738 1274 136 60 neque
828 1274 166 60 materia
949 1274 166 60 quantum
1070 1274 106 60 est
1130 1274 90 60 de
1175 1274 166 60 ratione
1296 1274 166 60 naturae
1416 1274 136 60 suae:
1507 1274 136 60 neque
1597 1274 181 60 essentia
1733 1274 166 60 quantum
1839 1274 75 60 est

168 1325 88 60 de
212 1325 146 60 natura
314 1325 204 60 essentiae,
475 1325 117 60 nata
548 1325 102 60 est
606 1325 175 60 corrumpi
737 1325 102 60 vel
796 1325 204 60 annihilari
956 1325 175 60 postquam
1087 1325 190 60 habuerint
1233 1325 131 60 esse.
1321 1325 73 60 &
1350 1325 204 60 sequeretur
1511 1325 146 60 opinio
1613 1325 263 60 philosophorum:
1831 1325 117 60 quod

169 1379 178 60 materia
298 1379 81 60 &
330 1379 210 60 essentiae
492 1379 145 60 rerum
589 1379 113 60 non
653 1379 129 60 sunt
734 1379 226 60 potentiale
911 1379 129 60 esse
992 1379 129 60 nisi
1073 1379 129 60 quia
1153 1379 129 60 sunt
1234 1379 113 60 cum
1299 1379 145 60 alio,
1396 1379 97 60 vt
1444 1379 178 60 materia
1573 1379 113 60 cum
1638 1379 145 60 forma
1734 1379 81 60 &
1751 1379 161 60 essentia

168 1435 101 65 cum
225 1435 115 65 esse
297 1435 201 65 differenti
455 1435 172 65 secundum
584 1435 101 65 rem
642 1435 86 65 ab
685 1435 129 65 ipsa:
771 1435 101 65 per
829 1435 144 65 quorum
929 1435 230 65 separationem
1116 1435 86 65 ab
1159 1435 129 65 ipsis
1246 1435 187 65 solummodo
1389 1435 244 65 corrumpuntur:
1590 1435 172 65 secundum
1720 1435 115 65 quod
1777 1435 144 65 superius

173 1486 140 65 tactum
271 1486 112 65 est.
341 1486 112 65 Vnde
412 1486 112 65 quid
482 1486 126 65 addit
566 1486 112 65 quod
636 1486 154 65 actuale
748 1486 112 65 siue
818 1486 140 65 forale
917 1486 196 65 quidcumque
1071 1486 98 65 non
1127 1486 140 65 potest
1225 1486 154 65 produci
1338 1486 112 65 nisi
1408 1486 98 65 cum
1464 1486 98 65 suo
1520 1486 210 65 potentiali:
1688 1486 98 65 nec
1745 1486 196 65 econuerso:

165 1543 177 58 Dicendum
298 1543 118 58 quod
371 1543 133 58 verum
460 1543 118 58 est,
533 1543 103 58 non
592 1543 133 58 tamen
681 1543 147 58 semper
784 1543 162 58 oportet
902 1543 118 58 quod
975 1543 88 58 re
1020 1543 191 58 differant
1167 1543 133 58 actus
1255 1543 74 58 &
1285 1543 206 58 potentiale
1447 1543 88 58 vt
1491 1543 147 58 dictum
1594 1543 118 58 est.
1668 1543 118 58 Quid
1741 1543 133 58 etiam
1815 1543 103 58 addit

167 1592 197 64 vlterius:
319 1592 121 64 nisi
394 1592 197 64 productum
546 1592 137 64 esset
637 1592 212 64 compositum
804 1592 106 64 &c.
865 1592 182 64 Dicendum
1001 1592 121 64 quod
1077 1592 137 64 verum
1168 1592 106 64 est
1229 1592 121 64 nisi
1305 1592 137 64 illud
1396 1592 137 64 esset
1487 1592 212 64 compositum
1654 1592 152 64 saltem
1760 1592 91 64 ex
1791 1592 121 64 diuer-

163 1640 108 71 sis
224 1640 185 71 secundum
363 1640 246 71 intentionem:
563 1640 108 71 vel
624 1640 231 71 componibile
809 1640 154 71 alteri
916 1640 92 71 vt
962 1640 169 71 diuerso
1085 1640 77 71 a
1116 1640 92 71 se
1162 1640 185 71 secundum
1301 1640 246 71 intentionem.
1501 1640 108 71 hoc
1562 1640 123 71 enim
1639 1640 200 71 sufficit.
1793 1640 123 71 Vnde
1854 1640 62 71 ve

170 1700 109 58 rum
233 1700 109 58 est
295 1700 125 58 quod
373 1700 109 58 non
436 1700 156 58 potest
545 1700 172 58 proprie
670 1700 172 58 saluari
795 1700 172 58 creatio
919 1700 109 58 aut
982 1700 234 58 annihilatio
1169 1700 125 58 nisi
1247 1700 140 58 talis
1341 1700 234 58 differentia
1528 1700 172 58 ponatur
1653 1700 140 58 inter
1746 1700 172 58 actuale
1856 1700 62 58 et

166 1753 118 62 suum
240 1753 222 62 potentiale.
417 1753 89 62 AD
462 1753 177 62 secundum
595 1753 118 62 quod
668 1753 148 62 ponens
772 1753 192 62 essentiam
919 1753 118 62 esse
993 1753 118 62 idem
1067 1753 103 62 cum
1126 1753 133 62 esse:
1215 1753 133 62 ponit
1303 1753 103 62 eam
1363 1753 103 62 non
1422 1753 133 62 posse
1510 1753 192 62 intelligi
1658 1753 103 62 sub
1717 1753 103 62 non
1776 1753 118 62 esse
1835 1753 74 62 &c.

170 1806 173 63 Dicendum
299 1806 115 63 quod
372 1806 130 63 verum
458 1806 130 63 esset
545 1806 87 63 si
588 1806 159 63 poneret
703 1806 101 63 eam
761 1806 144 63 omnino
862 1806 130 63 idem:
949 1806 101 63 sic
1006 1806 87 63 vt
1050 1806 87 63 de
1093 1806 216 63 proprietate
1266 1806 144 63 ipsius
1367 1806 188 63 essentiae
1511 1806 159 63 creatae
1627 1806 202 63 competeret
1785 1806 87 63 ei
1814 1806 101 63 esse:

166 1862 77 63 &
196 1862 138 63 esset
289 1862 123 63 idem
366 1862 108 63 cum
427 1862 123 63 ipso
504 1862 123 63 esse
581 1862 138 63 etiam
673 1862 231 63 intentione,
858 1862 77 63 &
889 1862 200 63 differens
1042 1862 92 63 ab
1088 1862 123 63 illo
1165 1862 123 63 sola
1242 1862 185 63 ratione:
1381 1862 138 63 sicut
1473 1862 200 63 contingit
1627 1862 92 63 in
1673 1862 185 63 essentia
1796 1862 123 63 diuina

175 1919 75 64 &
205 1919 105 64 suo
265 1919 135 64 esse.
355 1919 120 64 Nunc
430 1919 135 64 autem
521 1919 105 64 cum
581 1919 165 64 ponitur
701 1919 120 64 idem
776 1919 105 64 re,
836 1919 195 64 differens
986 1919 135 64 autem
1077 1919 225 64 intentione:
1257 1919 105 64 sic
1317 1919 90 64 vt
1362 1919 105 64 non
1422 1919 90 64 de
1467 1919 225 64 proprietate
1648 1919 195 64 essentiae
1783 1919 135 64 creatae

167 1975 183 56 competat
304 1975 92 56 ei
350 1975 137 56 esse:
442 1975 107 56 nec
503 1975 122 56 esse
579 1975 107 56 est
640 1975 122 56 idem
717 1975 107 56 cum
778 1975 122 56 ipso
854 1975 168 56 omnino:
976 1975 107 56 sed
1037 1975 168 56 differt
1159 1975 214 56 intentione
1327 1975 92 56 ab
1373 1975 137 56 ipso:
1465 1975 107 56 non
1526 1975 107 56 est
1587 1975 137 56 verum
1679 1975 92 56 vt
1724 1975 137 56 patet
1816 1975 92 56 ex
1862 1975 92 56 di

174 2020 131 62 ctis.
262 2020 116 62 Quid
335 2020 131 62 autem
422 2020 189 62 assumitur
567 2020 87 62 in
611 2020 204 62 argumento:
771 2020 116 62 quod
844 2020 189 62 sensibile
990 2020 116 62 quia
1062 2020 102 62 est
1120 2020 116 62 idem
1193 2020 102 62 cum
1251 2020 189 62 rationali
1397 2020 87 62 in
1441 2020 160 62 homine:
1557 2020 102 62 non
1615 2020 146 62 potest
1717 2020 87 62 in
1761 2020 131 62 eodem
1848 2020 102 62 in-

171 2070 166 58 telligi
292 2070 106 58 sub
352 2070 242 58 irrationali:
548 2070 181 58 Dicendum
684 2070 121 58 quod
760 2070 136 58 verum
850 2070 106 58 est
911 2070 91 58 vt
956 2070 196 58 sensibile
1107 2070 106 58 est
1167 2070 91 58 in
1213 2070 151 58 homine
1318 2070 211 58 contractum
1484 2070 106 58 per
1545 2070 196 58 rationale
1696 2070 181 58 secundum
1831 2070 106 58 rem
1877 2070 45 58 &

168 2127 178 56 secundum
302 2127 237 56 intellectum:
494 2127 119 56 quia
568 2127 104 56 sic
628 2127 104 56 non
687 2127 163 56 differt
805 2127 207 56 intentione
968 2127 104 56 sed
1028 2127 119 56 sola
1102 2127 163 56 ratione
1220 2127 74 56 a
1250 2127 207 56 rationali.
1413 2127 89 56 Si
1458 2127 133 56 tamen
1546 2127 237 56 consideretur
1739 2127 178 56 secundum
1858 2127 59 56 se

172 2177 89 65 vt
217 2177 103 65 est
276 2177 221 65 differentia
453 2177 192 65 animalis:
600 2177 74 65 &
630 2177 89 65 se
674 2177 133 65 tenet
762 2177 89 65 ex
807 2177 133 65 parte
895 2177 177 65 generis,
1028 2177 133 65 extra
1117 2177 133 65 cuius
1205 2177 221 65 intentionem
1382 2177 103 65 non
1441 2177 103 65 est
1500 2177 207 65 rationale:
1662 2177 162 65 propter
1780 2177 118 65 quid
1839 2177 89 65 tunc

171 2234 167 65 differt
292 2234 91 65 ab
338 2234 91 65 eo
384 2234 183 65 secundum
521 2234 243 65 intentionem:
718 2234 122 65 bene
794 2234 152 65 potest
901 2234 198 65 intelligi
1053 2234 198 65 sensibile
1205 2234 122 65 quod
1281 2234 106 65 est
1342 2234 91 65 in
1388 2234 152 65 homine
1494 2234 106 65 sub
1555 2234 183 65 opposito
1692 2234 228 65 rationalis:
1859 2234 61 65 li

171 2290 104 64 cet
231 2290 104 64 non
290 2290 89 64 vt
335 2290 89 64 in
379 2290 163 64 homine:
498 2290 89 64 vt
543 2290 149 64 dictum
646 2290 104 64 est
706 2290 149 64 supra.
810 2290 89 64 Et
854 2290 104 64 sic
914 2290 134 64 verum
1003 2290 104 64 est
1062 2290 119 64 quod
1137 2290 149 64 ponens
1241 2290 193 64 essentiam
1389 2290 74 64 &
1419 2290 119 64 esse
1493 2290 119 64 idem
1567 2290 89 64 re
1612 2290 74 64 &
1642 2290 223 64 intentione:
1820 2290 104 64 non
1865 2290 59 64 po

175 2341 124 56 test
253 2341 171 56 saluare
377 2341 233 56 creationem.
564 2341 124 56 bene
642 2341 140 56 tamen
735 2341 155 56 potest
844 2341 171 56 saluare
968 2341 109 56 eam
1030 2341 171 56 ponendo
1154 2341 124 56 illa
1232 2341 124 56 esse
1310 2341 140 56 eadem
1403 2341 186 56 secundum
1543 2341 124 56 rem:
1620 2341 233 56 differentia
1807 2341 124 56 vero
1869 2341 62 56 se

169 2392 166 61 cundum
286 2392 266 61 intentionem.
502 2392 100 61 Ex
552 2392 116 61 quo
619 2392 150 61 patet
718 2392 183 61 solutio
851 2392 299 61 confirmationis
1101 2392 133 61 quae
1184 2392 166 61 posset
1301 2392 166 61 induci
1417 2392 100 61 ad
1467 2392 233 61 roborandum
1650 2392 166 61 medium
1766 2392 100 61 in
1800 2392 116 61 dicto

175 2448 222 58 argumento:
349 2448 127 58 quae
428 2448 142 58 talis
523 2448 127 58 est.
602 2448 222 58 Quaecumque
777 2448 127 58 sunt
856 2448 142 58 eadem
951 2448 158 58 numero
1061 2448 95 58 re
1109 2448 95 58 in
1156 2448 142 58 eodem
1251 2448 158 58 numero
1362 2448 111 58 re:
1425 2448 127 58 vnum
1505 2448 142 58 eorum
1599 2448 111 58 non
1663 2448 158 58 potest
1758 2448 158 58 intelli-

180 2504 88 65 gi
224 2504 102 65 cum
283 2504 175 65 opposito
414 2504 190 65 alterius:
560 2504 117 65 quod
634 2504 132 65 patet
721 2504 102 65 per
780 2504 219 65 syllogismum
955 2504 234 65 expositorium
1145 2504 146 65 talem,
1248 2504 88 65 si
1291 2504 88 65 b,
1335 2504 117 65 puta
1408 2504 190 65 sensibile
1555 2504 88 65 in
1598 2504 117 65 isto
1671 2504 146 65 homine
1774 2504 102 65 est
1832 2504 88 65 a,
1862 2504 58 65 pu

176 2554 77 64 ta
215 2554 181 64 rationale:
357 2554 65 64 &
383 2554 77 64 b,
421 2554 103 64 puta
486 2554 103 64 idem
550 2554 168 64 sensibile
680 2554 77 64 in
718 2554 116 64 eodem
796 2554 129 64 homine
886 2554 90 64 est
938 2554 77 64 c,
977 2554 103 64 puta
1041 2554 207 64 irrationale.
1209 2554 103 64 ergo
1273 2554 77 64 c,
1312 2554 90 64 est
1364 2554 77 64 a,
1403 2554 77 64 id
1441 2554 90 64 est
1493 2554 181 64 irroionale
1635 2554 90 64 est
1687 2554 181 64 rationale,
1816 2554 103 64 quaere

174 2607 86 59 si
217 2607 187 59 sensibile
360 2607 115 59 quod
432 2607 100 59 est
489 2607 86 59 in
532 2607 143 59 homine
633 2607 143 59 potest
733 2607 187 59 intelligi
877 2607 100 59 sub
934 2607 215 59 irroionali:
1106 2607 115 59 ergo
1178 2607 72 59 &
1207 2607 215 59 irrationale
1379 2607 143 59 potest
1479 2607 187 59 intelligi
1623 2607 100 59 sub
1680 2607 201 59 rationali:
1838 2607 72 59 &
1852 2607 72 59 sic

176 2658 181 58 oppositum
315 2658 97 58 sub
371 2658 181 58 opposito:
510 2658 111 58 quid
580 2658 97 58 est
635 2658 209 58 ipossibile.
802 2658 209 58 impossibile
969 2658 97 58 est
1025 2658 111 58 ergo
1095 2658 70 58 &
1123 2658 125 58 prim.
1206 2658 167 58 scilicet
1331 2658 111 58 quod
1401 2658 181 58 sensibile
1540 2658 84 58 in
1582 2658 139 58 homine
1679 2658 139 58 potest
1763 2658 153 58 intelligi

180 2710 107 63 sub
241 2710 244 63 irrationali.
439 2710 183 63 Dicendum
576 2710 107 63 est
637 2710 122 63 enim
713 2710 122 63 quod
790 2710 107 63 cum
851 2710 152 63 dicit,
957 2710 213 63 quaecumque
1125 2710 122 63 sunt
1201 2710 137 63 eadem
1293 2710 152 63 numero
1400 2710 91 63 re
1445 2710 107 63 &c.
1506 2710 137 63 verum
1598 2710 107 63 est
1659 2710 91 63 si
1689 2710 229 63 considerentur

177 2765 87 58 vt
221 2765 116 58 sunt
294 2765 87 58 in
337 2765 131 58 eodem
425 2765 102 58 re:
483 2765 73 58 &
512 2765 87 58 vt
555 2765 116 58 vnum
628 2765 204 58 contractum
788 2765 102 58 est
846 2765 102 58 per
904 2765 131 58 aliud
992 2765 174 58 secundum
1122 2765 102 58 rem
1181 2765 73 58 &
1210 2765 233 58 intellectum:
1399 2765 116 58 quia
1471 2765 102 58 sic
1529 2765 189 58 sensibile
1675 2765 87 58 vt
1718 2765 102 58 est
1777 2765 87 58 in
1806 2765 116 58 homine

177 2821 102 56 cum
236 2821 203 56 rationali:
395 2821 116 56 sola
468 2821 160 56 ratione
584 2821 160 56 differt
700 2821 73 56 a
729 2821 189 56 rationali
874 2821 87 56 vt
918 2821 145 56 dictum
1019 2821 116 56 est.
1092 2821 116 56 ldem
1164 2821 131 56 tamen
1251 2821 116 56 quod
1324 2821 102 56 est
1382 2821 87 56 in
1426 2821 131 56 eodem
1513 2821 145 56 numero
1614 2821 73 56 &
1643 2821 87 56 re
1687 2821 102 56 cum
1745 2821 131 56 alio:
1832 2821 73 56 &
1846 2821 73 56 est

176 2873 109 58 idem
244 2873 136 58 numero
340 2873 82 58 re
380 2873 95 58 cum
435 2873 109 58 illo
503 2873 122 58 alio:
585 2873 82 58 si
625 2873 218 58 consideretur
802 2873 95 58 non
857 2873 82 58 vt
898 2873 95 58 est
952 2873 190 58 contractum
1102 2873 95 58 per
1156 2873 122 58 illud
1238 2873 163 58 secundum
1360 2873 218 58 intellectum,
1537 2873 95 58 non
1591 2873 95 58 est
1646 2873 136 58 verum:
1741 2873 109 58 quia
1809 2873 95 58 sic
1850 2873 68 58 sen

176 2924 144 64 sibile
276 2924 115 64 quod
348 2924 101 64 est
406 2924 86 64 in
449 2924 144 64 homine
550 2924 72 64 &
579 2924 115 64 idem
651 2924 86 64 re
694 2924 101 64 cum
752 2924 130 64 illo:
838 2924 158 64 differt
953 2924 202 64 intentione
1112 2924 72 64 a
1140 2924 202 64 rationali.
1299 2924 115 64 Vnde
1371 2924 86 64 ad
1414 2924 216 64 syllogismum
1587 2924 230 64 expositorium
1774 2924 173 64 dicendum

181 2987 111 53 quod
251 2987 181 53 sensibile
390 2987 84 53 in
432 2987 153 53 vtraque
543 2987 223 53 praemissarum
724 2987 139 53 potest
822 2987 209 53 considerari
989 2987 209 53 dupliciter.
1156 2987 97 53 Vno
1212 2987 111 53 modo
1281 2987 84 53 vt
1323 2987 97 53 est
1379 2987 195 53 contractum
1532 2987 84 53 in
1574 2987 139 53 homine
1671 2987 97 53 vel
1727 2987 84 53 in
1769 2987 97 53 hoc
1811 2987 111 53 homine

173 3034 177 64 secundum
306 3034 103 64 rem
365 3034 74 64 &
395 3034 236 64 intellectum.
586 3034 118 64 Alio
660 3034 118 64 modo
734 3034 103 64 non
793 3034 89 64 vt
837 3034 103 64 est
896 3034 207 64 contractum
1059 3034 89 64 in
1103 3034 148 64 homine
1206 3034 103 64 vel
1265 3034 89 64 in
1309 3034 103 64 hoc
1368 3034 148 64 homine
1472 3034 177 64 secundum
1604 3034 236 64 intellectum.
1796 3034 89 64 Si
1826 3034 103 64 primo

180 3086 134 57 modo:
270 3086 105 57 sic
329 3086 134 57 maior
419 3086 105 57 est
479 3086 134 57 vera:
568 3086 119 57 quia
643 3086 194 57 sensibile
792 3086 90 57 vt
837 3086 90 57 in
882 3086 149 57 homine
986 3086 105 57 est
1046 3086 209 57 contractum
1210 3086 105 57 per
1270 3086 209 57 rationale:
1434 3086 105 57 aut
1494 3086 90 57 in
1539 3086 105 57 hoc
1599 3086 149 57 homine
1703 3086 105 57 per
1763 3086 105 57 hoc
1808 3086 119 57 ratio-

182 3145 124 88 nale
260 3145 109 88 est
322 3145 124 88 idem
400 3145 109 88 cum
462 3145 218 88 rationali:
633 3145 109 88 aut
696 3145 109 88 cum
758 3145 109 88 hoc
820 3145 202 88 rationali
975 3145 78 88 &
1007 3145 93 88 re
1053 3145 78 88 &
1084 3145 233 88 intentione:
1271 3145 202 88 differens
1426 3145 140 88 solum
1520 3145 93 88 ab
1566 3145 93 88 eo
1613 3145 124 88 sola
1691 3145 187 88 ratione.
1831 3145 78 88 &
1846 3145 78 88 sic
