2429 3723
132 292 120 82 cet
201 292 224 82 subiectum
373 292 120 82 sit
441 292 138 82 idem
527 292 103 82 re
579 292 120 82 cum
648 292 172 82 altero
768 292 258 82 terminorum.
974 292 103 82 Et
1026 292 120 82 sic
1095 292 155 82 docet
1198 292 189 82 creatio
1335 292 155 82 scire
1438 292 224 82 essentiam
1610 292 224 82 creaturae
1782 292 120 82 qua
1834 292 103 82 ali-

138 369 132 60 quid
221 369 132 60 est:
304 369 149 60 licet
403 369 116 60 non
469 369 248 60 differentem
667 369 99 60 ab
717 369 132 60 esse
799 369 132 60 quod
882 369 231 60 acquiritur
1064 369 116 60 per
1130 369 248 60 creationim:
1328 369 149 60 sicut
1427 369 215 60 generatio
1592 369 149 60 facit
1691 369 149 60 scire
1774 369 165 60 materiam

137 424 238 59 differentem
328 424 95 59 re
375 424 79 59 a
407 424 159 59 forma.
518 424 95 59 Et
566 424 111 59 est
629 424 159 59 falsum
740 424 127 59 quod
819 424 127 59 ille
899 424 190 59 assumit:
1042 424 127 59 quod
1121 424 143 59 sicut
1216 424 175 59 materia
1343 424 111 59 est
1406 424 95 59 in
1454 424 190 59 potentia
1597 424 95 59 ad
1644 424 159 59 formam
1755 424 79 59 &
1787 424 127 59 eius
1851 424 79 59 pri

143 474 201 57 uationem
294 474 201 57 secundum
444 474 134 57 rim:
528 474 117 57 sic
595 474 201 57 essentia
745 474 100 57 ad
795 474 134 57 esse
879 474 84 57 &
912 474 117 57 non
979 474 150 57 esse.
1079 474 134 57 haec
1163 474 134 57 enim
1247 474 150 57 falsa
1347 474 234 57 imaginatio
1531 474 134 57 est:
1614 474 100 57 vt
1665 474 184 57 habitum
1798 474 117 57 est
1848 474 84 57 su-

136 528 144 64 pra.
226 528 126 64 Est
298 528 163 64 tamen
407 528 253 64 quodammodo
606 528 181 64 simile
732 528 108 64 de
786 528 217 64 potentia
949 528 199 64 generis
1093 528 108 64 ad
1147 528 181 64 formas
1274 528 253 64 contrarias
1472 528 217 64 secundum
1617 528 307 64 considerationem

137 582 269 65 intellectus:
355 582 84 65 &
389 582 218 65 essentiae
557 582 101 65 ad
607 582 134 65 esse
691 582 84 65 &
725 582 117 65 non
792 582 151 65 esse:
892 582 134 65 quia
976 582 252 65 differentia
1178 582 134 65 sola
1262 582 235 65 intentione
1446 582 185 65 differt
1581 582 84 65 a
1614 582 151 65 forma
1715 582 201 65 generis:
1849 582 84 65 non

133 634 205 68 secundum
287 634 137 68 rem:
372 634 85 68 &
406 634 205 68 essentia
560 634 120 68 qua
628 634 205 68 creatura
782 634 120 68 est
851 634 137 68 quod
936 634 137 68 est,
1021 634 222 68 similiter
1192 634 137 68 sola
1278 634 239 68 intentione
1466 634 205 68 secundum
1619 634 222 68 praedicta
1773 634 154 68 differt

132 689 98 62 ab
181 689 131 62 esse
263 689 115 62 quo
328 689 131 62 est.
410 689 98 62 Et
459 689 115 62 est
525 689 147 62 ipsum
623 689 131 62 quod
705 689 131 62 est,
787 689 147 62 extra
885 689 197 62 rationem
1033 689 164 62 ipsius
1148 689 115 62 quo
1213 689 131 62 est:
1295 689 147 62 sicut
1393 689 246 62 differentia
1590 689 147 62 extra
1688 689 197 62 rationem
1819 689 115 62 gene-

131 744 137 53 ris.
216 744 119 53 Non
285 744 137 53 dico
370 744 154 53 extra
472 744 119 53 rem
541 744 205 53 generis:
694 744 119 53 sed
762 744 154 53 extra
865 744 205 53 rationem
1018 744 341 53 considerationis:
1309 744 137 53 quia
1394 744 256 53 intellectus
1599 744 205 53 capiendo
1752 744 171 53 formam
1855 744 68 53 vt

130 793 341 66 indeterminatam,
418 793 162 66 capit
525 793 162 66 ipsam
633 793 126 66 sub
705 793 198 66 ratione
849 793 216 66 generis:
1011 793 126 66 non
1082 793 216 66 capiendo
1244 793 216 66 rationem
1406 793 341 66 determinationis
1693 793 144 66 quam
1765 793 162 66 apponit

139 849 257 59 differentia:
348 849 80 59 &
380 849 225 59 econuerso.
557 849 80 59 &
589 849 113 59 ita
653 849 193 59 vtrumque
798 849 113 59 est
862 849 145 59 extra
959 849 193 59 rationem
1103 849 225 59 vtriusque.
1280 849 96 59 Et
1328 849 209 59 similiter
1489 849 113 59 est
1553 849 96 59 de
1602 849 129 59 esse
1682 849 113 59 quo
1746 849 113 59 res
1810 849 129 59 est:
1875 849 48 59 &

141 899 94 62 de
188 899 188 62 essentia
329 899 109 62 qua
391 899 109 62 est
454 899 188 62 aliquid.
595 899 172 62 Quomodo
720 899 141 62 autem
813 899 188 62 essentia
954 899 156 62 creata
1063 899 109 62 est
1126 899 203 62 subiectum
1282 899 78 62 &
1313 899 188 62 terminus
1454 899 297 62 transmutationis
1704 899 125 62 quae
1782 899 109 62 est
1829 899 94 62 crea

136 959 130 58 tio,
217 959 228 58 exposuimus
396 959 98 58 in
445 959 228 58 quaestione
624 959 98 58 de
673 959 195 58 potentia
819 959 211 58 generandi
982 959 179 58 passiue
1112 959 146 58 vtrum
1209 959 114 58 sit
1274 959 98 58 in
1323 959 163 58 filio.
1437 959 98 58 ex
1486 959 114 58 qua
1551 959 179 58 aliquid
1681 959 195 58 breuiter
1811 959 114 58 extra

136 1011 152 58 hendo
237 1011 152 58 dico:
339 1011 135 58 quod
423 1011 152 58 licet
524 1011 101 58 in
575 1011 253 58 generatione
777 1011 84 58 &
811 1011 253 58 corruptione
1014 1011 203 58 naturali
1166 1011 203 58 formarum
1317 1011 152 58 circa
1419 1011 203 58 materiam
1571 1011 101 58 in
1621 1011 152 58 eodem
1722 1011 203 58 instanti
1857 1011 68 58 se

129 1061 165 58 cundum
244 1061 115 58 rem
310 1061 148 58 forma
409 1061 115 58 vna
475 1061 115 58 cum
541 1061 231 58 priuatione
722 1061 198 58 alterius
871 1061 231 58 abiicitur:
1052 1061 82 58 &
1085 1061 264 58 transmutatio
1299 1061 115 58 fit
1365 1061 99 58 in
1415 1061 198 58 materia:
1563 1061 115 58 per
1629 1061 132 58 quam
1712 1061 132 58 alia
1794 1061 165 58 induci

132 1118 131 60 tur:
213 1118 147 60 istud
311 1118 147 60 tamen
409 1118 180 60 instans
540 1118 261 60 distinguitur
752 1118 98 60 in
801 1118 131 60 tria
882 1118 147 60 signa
980 1118 196 60 secundum
1127 1118 212 60 rationem.
1290 1118 131 60 Quia
1372 1118 131 60 enim
1454 1118 245 60 naturaliter
1650 1118 147 60 prius
1747 1118 114 60 fit
1796 1118 131 60 formae

128 1171 178 64 prioris
257 1171 195 64 abiectio
403 1171 130 64 quam
484 1171 195 64 alterius
630 1171 211 64 inductio:
792 1171 130 64 illa
873 1171 195 64 abiectio
1019 1171 113 64 fit
1084 1171 97 64 in
1133 1171 162 64 priore
1246 1171 162 64 signo:
1360 1171 81 64 &
1392 1171 211 64 similiter
1554 1171 130 64 quia
1635 1171 243 64 naturaliter
1814 1171 113 64 prior

129 1233 120 59 est
197 1233 273 59 transmutatio
419 1233 205 59 materiae
573 1233 137 59 quae
659 1233 120 59 sit
727 1233 103 59 in
778 1233 188 59 materia
915 1233 222 59 propinqua
1086 1233 103 59 ad
1137 1233 171 59 formam
1257 1233 256 59 inducendam:
1462 1233 85 59 &
1496 1233 120 59 est
1564 1233 120 59 sub
1633 1233 137 59 illa
1718 1233 171 59 medium
1838 1233 120 59 in-

129 1277 107 69 ter
190 1277 107 69 ens
251 1277 76 69 &
281 1277 107 69 non
342 1277 107 69 eni
403 1277 183 69 scilicet
540 1277 137 69 inter
632 1277 107 69 non
693 1277 122 69 esse
769 1277 152 69 formae
875 1277 259 69 praecedentis,
1089 1277 76 69 &
1119 1277 122 69 esse
1196 1277 152 69 formae
1302 1277 259 69 subsequentis:
1516 1277 122 69 illa
1592 1277 229 69 trasmutatio
1775 1277 107 69 fit
1836 1277 91 69 in
1866 1277 61 69 me

130 1343 115 54 dio
195 1343 165 54 signo:
311 1343 82 54 &
344 1343 132 54 ipsa
426 1343 165 54 formae
542 1343 198 54 inductio
690 1343 99 54 in
740 1343 165 54 tertio
855 1343 165 54 signo.
971 1343 115 54 Sic
1037 1343 132 54 dico
1119 1343 132 54 quod
1201 1343 99 54 in
1251 1343 214 54 creatione
1416 1343 99 54 in
1465 1343 148 54 eodem
1564 1343 198 54 instanti
1713 1343 198 54 secundum
1845 1343 82 54 rem

135 1387 116 61 non
202 1387 132 61 esse
284 1387 99 61 ab
334 1387 198 61 essentia
482 1387 116 61 rei
549 1387 182 61 creatae
681 1387 231 61 abiicitur:
863 1387 83 61 &
896 1387 264 61 transmutatio
1110 1387 132 61 fit,
1193 1387 116 61 per
1259 1387 132 61 quam
1342 1387 99 61 in
1391 1387 132 61 esse
1474 1387 248 61 producitur.
1672 1387 116 61 Sed
1738 1387 149 61 istud
1837 1387 116 61 in-

130 1439 147 60 stans
228 1439 196 60 secundum
374 1439 196 60 rationem
521 1439 261 60 distinguitur
733 1439 98 60 in
782 1439 130 60 tria
863 1439 163 60 signa,
977 1439 130 60 quia
1059 1439 130 60 enim
1140 1439 245 60 naturaliter
1336 1439 147 60 prior
1434 1439 114 60 est
1499 1439 114 60 non
1564 1439 130 60 esse
1646 1439 196 60 abiectio
1793 1439 130 60 quam
1858 1439 65 60 ip

133 1488 132 61 sius
216 1488 132 61 esse
299 1488 116 61 per
365 1488 231 61 creationem
547 1488 248 61 acquisitio:
745 1488 132 61 illa
827 1488 198 61 abiectio
976 1488 116 61 fit
1042 1488 99 61 in
1092 1488 165 61 priore
1207 1488 165 61 signo.
1323 1488 215 61 Similiter
1488 1488 132 61 quia
1571 1488 248 61 naturaliter
1753 1488 165 61 essentia

135 1548 148 61 prius
233 1548 115 61 est
299 1548 165 61 medium
415 1548 148 61 inter
514 1548 132 61 esse
596 1548 82 61 &
629 1548 115 61 non
695 1548 132 61 esse
777 1548 198 61 secundum
926 1548 198 61 rationis
1074 1548 330 61 considerationem,
1354 1548 132 61 quam
1437 1548 132 61 post
1519 1548 115 61 non
1585 1548 132 61 esse
1668 1548 198 61 recipiat
1800 1548 115 61 esse:

130 1604 85 61 &
164 1604 101 61 vt
215 1604 118 61 est
282 1604 186 61 medium,
417 1604 186 61 proprie
553 1604 118 61 est
620 1604 220 61 subiectum
789 1604 321 61 transmutationis
1060 1604 101 61 in
1111 1604 203 61 potentia
1263 1604 237 61 propinqua:
1449 1604 135 61 ideo
1533 1604 186 61 creatio
1668 1604 101 61 vt
1719 1604 118 61 est
1770 1604 152 61 transmu

137 1655 144 64 tatio
233 1655 128 64 quae
314 1655 193 64 disponit
458 1655 96 64 ad
506 1655 289 64 acquisitionem,
747 1655 112 64 est
811 1655 96 64 in
859 1655 144 64 signo
956 1655 161 64 medio:
1068 1655 80 64 &
1100 1655 161 64 ipsius
1213 1655 128 64 esse
1293 1655 225 64 acquisitio
1469 1655 112 64 est
1534 1655 96 64 in
1582 1655 144 64 signo
1678 1655 177 64 vltimo.
1807 1655 96 64 Et
1855 1655 96 64 in

135 1708 118 54 hoc
202 1708 151 54 signo
303 1708 202 54 essentia
455 1708 118 54 non
522 1708 118 54 est
589 1708 168 54 signum
707 1708 118 54 sed
774 1708 202 54 terminus
926 1708 252 54 creationis:
1128 1708 252 54 quemadmodum
1329 1708 151 54 neque
1430 1708 185 54 materia
1565 1708 101 54 vt
1615 1708 118 54 est
1683 1708 135 54 actu
1767 1708 118 54 sub
1817 1708 101 54 for-

124 1761 100 64 ma
174 1761 216 64 generati,
340 1761 116 64 est
407 1761 216 64 subiectum
573 1761 316 64 transmutationis
839 1761 133 64 quae
922 1761 116 64 est
988 1761 233 64 generatio:
1171 1761 116 64 sed
1237 1761 166 64 potius
1353 1761 116 64 est
1420 1761 199 64 terminus
1569 1761 133 64 eius
1652 1761 100 64 vt
1702 1761 183 64 aliquid
1818 1761 100 64 gene

125 1815 144 57 rati.
221 1815 96 57 Et
269 1815 112 57 sic
333 1815 192 57 essentia
476 1815 208 57 creaturae
636 1815 96 57 vt
684 1815 112 57 est
748 1815 160 57 medium
859 1815 144 57 inter
955 1815 128 57 esse
1035 1815 80 57 &
1067 1815 112 57 non
1131 1815 128 57 esse
1211 1815 176 57 proprie
1338 1815 112 57 est
1402 1815 112 57 ens
1466 1815 96 57 in
1514 1815 192 57 potentia
1658 1815 224 57 propinqua:
1833 1815 80 57 &
1849 1815 80 57 sub

125 1868 157 60 iectum
235 1868 298 60 transmutationis
487 1868 126 60 quae
565 1868 110 60 est
628 1868 188 60 creatio.
769 1868 94 60 Vt
816 1868 126 60 vero
895 1868 110 60 est
958 1868 188 60 secundum
1099 1868 141 60 actum
1193 1868 110 60 sub
1256 1868 126 60 esse
1335 1868 220 60 acquisito,
1508 1868 110 60 est
1570 1868 188 60 terminus
1712 1868 236 60 creationis:

138 1927 90 56 vt
183 1927 164 56 aliquid
302 1927 164 56 creati:
422 1927 119 56 quid
496 1927 164 56 ratione
616 1927 194 56 acquisiti
765 1927 90 56 in
810 1927 119 56 illo
884 1927 104 56 per
944 1927 209 56 creationem
1108 1927 134 56 habet
1198 1927 104 56 non
1257 1927 119 56 esse
1332 1927 164 56 aliquid
1451 1927 104 56 sed
1511 1927 119 56 esse
1586 1927 164 56 tantum.
1705 1927 75 56 &
1735 1927 104 56 non
1795 1927 104 56 est
1839 1927 75 56 il-

132 1974 110 60 lud
195 1974 125 60 esse
273 1974 235 60 existentiae
462 1974 172 60 aliquid
587 1974 94 60 de
634 1974 188 60 essentia
775 1974 204 60 creaturae
932 1974 94 60 vt
979 1974 188 60 creatura
1120 1974 125 60 est:
1199 1974 110 60 sed
1261 1974 172 60 accidit
1387 1974 110 60 ei.
1450 1974 94 60 Et
1497 1974 172 60 idcirco
1622 1974 94 60 ex
1669 1974 125 60 tali
1748 1974 125 60 esse
1826 1974 78 60 &
1842 1974 78 60 es-

137 2022 171 71 sentia:
262 2022 93 71 vt
308 2022 93 71 ex
355 2022 109 71 quo
417 2022 109 71 est
479 2022 78 71 &
511 2022 124 71 quid
588 2022 124 71 est,
666 2022 218 71 componitur
837 2022 124 71 vnum
915 2022 109 71 per
977 2022 202 71 accidens:
1132 2022 109 71 cum
1194 2022 140 71 tamen
1288 2022 124 71 ipsa
1365 2022 187 71 essentia
1505 2022 218 71 componatur
1676 2022 93 71 ex
1723 2022 124 71 esse
1785 2022 140 71 existen

138 2084 106 62 tiae
204 2084 66 62 &
231 2084 80 62 re
270 2084 93 62 sui
323 2084 159 62 generis:
443 2084 80 62 vt
483 2084 80 62 ex
522 2084 93 62 quo
575 2084 93 62 est
628 2084 66 62 &
655 2084 106 62 quod
721 2084 106 62 est:
788 2084 119 62 sicut
867 2084 106 62 vnum
934 2084 93 62 per
987 2084 80 62 se
1026 2084 186 62 compositum
1172 2084 93 62 est
1225 2084 80 62 ex
1265 2084 93 62 quo
1318 2084 93 62 est
1371 2084 159 62 scilicet
1491 2084 80 62 ex
1530 2084 119 62 esse:
1610 2084 66 62 &
1636 2084 106 62 quod
1703 2084 93 62 est
1756 2084 159 62 scilicet
1862 2084 53 62 ex

135 2136 99 64 eo
185 2136 116 64 quo
251 2136 182 64 aliquid
383 2136 132 64 est:
466 2136 116 64 non
532 2136 182 64 tanquam
664 2136 99 64 ex
714 2136 198 64 diuersis
863 2136 149 64 rebus
962 2136 116 64 sed
1028 2136 182 64 tanquam
1160 2136 99 64 ex
1209 2136 198 64 diuersis
1358 2136 281 64 intentionibus
1590 2136 165 64 quoquo
1705 2136 149 64 modo:
1804 2136 99 64 vt
1854 2136 99 64 ha

138 2188 148 59 bitum
236 2188 115 59 est
302 2188 165 59 supra.
417 2188 132 59 Vnde
500 2188 132 59 ipsa
582 2188 197 59 essentia
730 2188 247 59 simpliciter
928 2188 132 59 quae
1010 2188 99 59 vt
1059 2188 115 59 est
1125 2188 247 59 indifferens
1323 2188 99 59 ad
1372 2188 132 59 esse
1454 2188 247 59 existentiae
1652 2188 82 59 &
1685 2188 115 59 non
1750 2188 148 59 esse,
1833 2188 82 59 est

131 2240 217 60 subiectum
298 2240 250 60 creationis:
498 2240 100 60 vt
548 2240 117 60 est
614 2240 183 60 aliquid
748 2240 167 60 creati
864 2240 200 60 terminus
1014 2240 133 60 eius
1098 2240 133 60 est.
1181 2240 83 60 &
1214 2240 167 60 nuilum
1331 2240 117 60 est
1398 2240 267 60 inconueniens
1614 2240 133 60 quod
1697 2240 117 60 sic
1747 2240 167 60 secundum

131 2295 206 65 diuersum
285 2295 154 65 genus
388 2295 171 65 causae
508 2295 137 65 idem
594 2295 120 65 est
662 2295 154 65 prius
765 2295 86 65 &
800 2295 223 65 posterius
971 2295 189 65 seipso:
1108 2295 86 65 &
1142 2295 154 65 causa
1245 2295 154 65 atque
1348 2295 206 65 causatum
1503 2295 240 65 suiipsius.
1691 2295 103 65 i.
1725 2295 189 65 subiectum

136 2350 138 67 siue
222 2350 190 67 materia
360 2350 86 67 &
394 2350 172 67 finis:
515 2350 103 67 vt
567 2350 207 67 secundum
722 2350 121 67 hoc
791 2350 172 67 quoquo
912 2350 138 67 modo
998 2350 190 67 materia
1136 2350 86 67 &
1170 2350 155 67 finis
1274 2350 241 67 coincidant
1464 2350 103 67 in
1515 2350 155 67 idem.
1619 2350 103 67 Et
1671 2350 138 67 quod
1757 2350 155 67 magis
1843 2350 69 67 mi

134 2412 175 60 randum
256 2412 140 60 est,
343 2412 105 60 id
396 2412 122 60 cui
466 2412 210 60 conuenit
623 2412 140 60 esse
711 2412 245 60 materiale,
903 2412 140 60 quod
990 2412 122 60 est
1060 2412 210 60 respectu
1218 2412 227 60 essentiae
1392 2412 87 60 &
1427 2412 157 60 esse:
1532 2412 245 60 determinat
1725 2412 157 60 ipsum
1812 2412 105 60 esse

130 2459 143 60 sicut
226 2459 175 60 materia
353 2459 223 60 determinat
528 2459 175 60 formam:
655 2459 80 60 &
687 2459 191 60 vlterius
830 2459 255 60 determinatur
1037 2459 111 60 per
1101 2459 127 60 sibi
1180 2459 175 60 addite.
1307 2459 191 60 scilicet
1451 2459 111 60 per
1514 2459 270 60 differentias:
1737 2459 95 60 vt
1769 2459 143 60 materia

133 2513 124 66 siue
210 2513 201 66 materiale
365 2513 108 66 per
427 2513 170 66 formas.
550 2513 170 66 Idcirco
674 2513 124 66 enim
751 2513 139 66 verum
844 2513 108 66 est
906 2513 93 66 in
953 2513 309 66 metaphysicalibus
1216 2513 124 66 quod
1293 2513 139 66 genus
1386 2513 170 66 sumitur
1510 2513 77 66 a
1541 2513 186 66 materia:
1680 2513 232 66 differentia
1850 2513 62 66 ve

136 2564 93 68 ro
183 2564 78 68 a
214 2564 155 68 forma.
323 2564 109 68 non
385 2564 78 68 a
416 2564 140 68 forma
510 2564 124 68 quae
587 2564 109 68 est
650 2564 140 68 esse:
743 2564 93 68 ab
789 2564 109 68 hac
852 2564 124 68 enim
929 2564 109 68 nec
992 2564 140 68 ratio
1085 2564 187 68 generis:
1225 2564 109 68 nec
1287 2564 140 68 ratio
1380 2564 249 68 differentiae
1582 2564 187 68 sumitur:
1722 2564 109 68 sed
1785 2564 78 68 a
1800 2564 109 68 forma

135 2626 124 59 quae
212 2626 216 59 determinat
382 2626 93 59 id
428 2626 108 59 cui
490 2626 185 59 convenit
629 2626 139 59 esse.
722 2626 185 59 respectu
861 2626 124 59 enim
938 2626 124 59 esse
1015 2626 139 59 omnes
1108 2626 247 59 differentiae
1309 2626 93 59 in
1355 2626 154 59 genere
1463 2626 216 59 materialia
1633 2626 139 59 sunt:
1726 2626 77 59 &
1757 2626 93 59 se
1787 2626 124 59 tenent

131 2671 93 66 ex
178 2671 140 66 parte
271 2671 124 66 eius
349 2671 124 66 quid
427 2671 124 66 est.
504 2671 124 66 Vnde
582 2671 124 66 esse
660 2671 233 66 existentiae
846 2671 109 66 est
908 2671 155 66 primum
1017 2671 171 66 formale
1141 2671 93 66 in
1188 2671 155 66 rebus,
1297 2671 78 66 &
1328 2671 140 66 ipsum
1421 2671 124 66 quod
1499 2671 109 66 est
1561 2671 124 66 res.
1638 2671 140 66 lpsum
1732 2671 140 66 autem
1825 2671 124 66 quod

139 2723 117 65 est
206 2723 268 65 communissime
424 2723 201 65 acceptum
575 2723 134 65 quod
659 2723 117 65 est
726 2723 201 65 proprium
877 2723 168 65 cuique
994 2723 184 65 generi,
1128 2723 168 65 formam
1246 2723 184 65 generis
1380 2723 285 65 generalissimi
1614 2723 218 65 importat:
1782 2723 117 65 hoc
1832 2723 84 65 est

140 2787 197 61 materiale
292 2787 167 61 quoddam
413 2787 106 61 sub
474 2787 121 61 esse
550 2787 106 61 per
610 2787 121 61 quid
686 2787 137 61 esse:
777 2787 137 61 ipsum
869 2787 121 61 quod
944 2787 106 61 est
1005 2787 137 61 habet
1096 2787 121 61 quod
1172 2787 106 61 sit
1233 2787 197 61 essentia:
1385 2787 152 61 aliter
1491 2787 121 61 enim
1567 2787 137 61 esset
1658 2787 137 61 sicut
1734 2787 182 61 figmentum:

138 2832 144 67 licet
234 2832 144 67 extra
330 2832 240 67 intellectum
522 2832 128 67 esse
602 2832 176 67 naturae
730 2832 80 67 &
762 2832 128 67 eius
842 2832 128 67 quid
922 2832 112 67 est
986 2832 144 67 ipsum
1083 2832 128 67 quod
1163 2832 128 67 est,
1243 2832 112 67 sit
1307 2832 144 67 ipsum
1403 2832 144 67 esse:
1499 2832 80 67 &
1531 2832 112 67 per
1595 2832 224 67 consequens
1771 2832 144 67 extra
1851 2832 64 67 om

128 2886 96 62 ne
176 2886 128 62 quod
256 2886 112 62 est
321 2886 177 62 aliquid
449 2886 96 62 in
497 2886 161 62 genere
610 2886 112 62 sub
674 2886 128 62 ipso
754 2886 289 62 generalissimo:
995 2886 128 62 quod
1075 2886 112 62 per
1139 2886 257 62 differentias
1348 2886 209 62 descendit
1509 2886 96 62 in
1557 2886 177 62 species
1685 2886 241 62 subalternas
1862 2886 48 62 &

125 2935 305 63 specialissimas.
382 2935 96 63 Ex
430 2935 112 63 quo
494 2935 144 63 plane
590 2935 144 63 patet
686 2935 192 63 defectus
831 2935 192 63 dicentis
975 2935 128 63 quod
1055 2935 176 63 creatio
1183 2935 176 63 passiua
1312 2935 225 63 formaliter
1488 2935 128 63 idem
1568 2935 112 63 est
1632 2935 128 63 quod
1713 2935 128 63 esse
1777 2935 144 63 existen

120 2993 128 67 tiae
200 2993 112 67 rei
264 2993 192 67 creatae.
408 2993 128 67 immo
488 2993 192 67 secundum
632 2993 112 67 rem
696 2993 80 67 &
728 2993 176 67 naturam
856 2993 176 67 differt
984 2993 96 67 ab
1031 2993 128 67 ipso
1111 2993 144 67 sicut
1207 2993 80 67 &
1239 2993 96 67 ab
1287 2993 128 67 ipsa
1367 2993 208 67 essentia.
1527 2993 96 67 AD
1575 2993 96 67 id
1623 2993 128 67 quid
1703 2993 160 67 arguit
1815 2993 128 67 pro-

127 3047 158 67 bando
233 3047 140 67 quod
320 3047 193 67 creatio
460 3047 193 67 passiua
601 3047 123 67 sit
671 3047 140 67 idem
758 3047 140 67 quod
846 3047 140 67 esse
934 3047 263 67 existentiae
1144 3047 245 67 acquisitum
1337 3047 123 67 per
1407 3047 263 67 creationem:
1617 3047 105 67 vt
1670 3047 228 67 concludit
1827 3047 88 67 es-

136 3098 97 64 se
184 3098 113 64 non
249 3098 146 64 posse
346 3098 130 64 idem
427 3098 130 64 esse
508 3098 113 64 cum
573 3098 211 64 essentia,
735 3098 194 64 postquam
881 3098 227 64 manifestum
1059 3098 113 64 est
1124 3098 130 64 quod
1205 3098 178 64 creatio
1335 3098 178 64 passiua
1464 3098 113 64 non
1529 3098 162 64 possit
1643 3098 130 64 esse
1724 3098 130 64 idem
1805 3098 97 64 re
1837 3098 81 64 cum

138 3160 139 79 ipsa
224 3160 225 79 essentia:
398 3160 156 79 primo
502 3160 104 79 ex
554 3160 277 79 comparatione
779 3160 139 79 eius
866 3160 104 79 ad
918 3160 243 79 essentiam:
1108 3160 139 79 quia
1195 3160 121 79 est
1264 3160 139 79 eius
1351 3160 225 79 perfectio
1524 3160 104 79 vt
1576 3160 191 79 naturae
1698 3160 225 79 recipientis
