2413 3708
477 284 123 77 cuius
560 284 178 77 perfectio
697 284 96 77 est
752 284 123 77 esse:
834 284 110 77 ergo
903 284 151 77 creatio
1012 284 69 77 &
1040 284 110 77 esse
1108 284 123 77 idem:
1191 284 165 77 Dicendum
1314 284 110 77 quod
1383 284 96 77 non
1438 284 137 77 valet:
1534 284 151 77 quoniam
1644 284 151 77 creatio
1753 284 165 77 secundum
1877 284 110 77 quod
1945 284 96 77 est
2000 284 220 77 transmutatio
2179 284 110 77 quae

478 354 106 62 dam
539 354 106 62 est
599 354 198 62 perfectio
751 354 198 62 essentiae
904 354 182 62 secundum
1040 354 122 62 quod
1116 354 106 62 est
1177 354 91 62 in
1223 354 182 62 potentia
1360 354 91 62 ad
1405 354 137 62 esse:
1497 354 76 62 &
1527 354 91 62 vt
1573 354 91 62 in
1618 354 182 62 potentia
1755 354 106 62 est
1816 354 76 62 &
1846 354 137 62 media
1937 354 137 62 inter
2029 354 122 62 esse
2105 354 76 62 &
2135 354 106 62 non
2181 354 91 62 esse

472 396 146 67 sicut
569 396 260 67 transmutatio
780 396 260 67 generationis
991 396 114 67 est
1056 396 146 67 actus
1154 396 81 67 &
1186 396 211 67 perfectio
1349 396 195 67 materiae
1495 396 97 67 vt
1543 396 114 67 est
1608 396 146 67 media
1706 396 146 67 inter
1803 396 162 67 formam
1917 396 81 67 &
1949 396 179 67 formam:
2079 396 81 67 &
2112 396 97 67 in
2144 396 130 67 poten-

477 457 94 64 tia
530 457 174 64 inquantum
664 457 94 64 est
717 457 80 64 in
758 457 174 64 potentia:
891 457 107 64 quia
958 457 94 64 est
1012 457 120 64 actus
1092 457 187 64 imperfecti
1239 457 161 64 secundum
1360 457 107 64 quod
1427 457 214 64 imperfectum.
1601 457 107 64 Esse
1667 457 120 64 autem
1748 457 201 64 existentiae
1908 457 94 64 est
1962 457 174 64 perfectio
2096 457 174 64 essentiae
2229 457 80 64 in

478 504 179 66 quantum
608 504 114 66 est
673 504 196 66 terminus
820 504 212 66 huiusmodi
983 504 326 66 transmutationis:
1260 504 245 66 quemadmodum
1456 504 147 66 forma
1554 504 114 66 est
1619 504 212 66 perfectio
1782 504 82 66 &
1815 504 147 66 actus
1912 504 212 66 materiae.
2075 504 130 66 Vnde
2157 504 114 66 non
2206 504 65 66 ma

488 559 108 68 gis
549 559 123 68 sunt
626 559 123 68 idem
703 559 92 68 re
749 559 169 68 creatio
872 559 77 68 &
903 559 123 68 esse
980 559 123 68 quam
1057 559 200 68 generatio
1211 559 77 68 &
1242 559 154 68 forma.
1350 559 139 68 Licet
1442 559 123 68 enim
1519 559 139 68 motus
1611 559 108 68 non
1673 559 108 68 sit
1734 559 123 68 nisi
1811 559 215 68 acquisitio
1981 559 154 68 partis
2088 559 123 68 post
2150 559 123 68 partem

480 620 109 63 eius
549 620 109 63 quod
617 620 191 63 acquiritur
767 620 96 63 per
822 620 137 63 motum:
918 620 96 63 non
972 620 123 63 tamen
1054 620 109 63 pars
1122 620 123 63 motus
1204 620 96 63 est
1259 620 109 63 pars
1327 620 109 63 illa
1396 620 109 63 quae
1464 620 191 63 acquiritur
1614 620 164 63 secundum
1737 620 109 63 rem:
1806 620 96 63 nec
1860 620 232 63 vniuersalitur
2051 620 150 63 mutatio
2161 620 96 63 est
2215 620 82 63 id

490 675 106 57 quid
556 675 185 57 acquiritur
701 675 92 57 per
754 675 198 57 mutationem.
912 675 106 57 Vnde
978 675 119 57 licet
1057 675 106 57 ambe
1123 675 158 57 scilicet
1242 675 145 57 creatio
1347 675 66 57 &
1374 675 119 57 esse,
1453 675 106 57 sint
1519 675 119 57 actus
1598 675 185 57 essentiae:
1743 675 79 57 si
1783 675 106 57 esse
1849 675 198 57 existentiae
2007 675 92 57 est
2060 675 119 57 aliud
2139 675 79 57 re
2165 675 106 57 absolu

487 727 86 62 ta
530 727 86 62 ab
573 727 186 62 essentia:
716 727 100 62 non
773 727 158 62 oportet
888 727 115 62 quod
960 727 115 62 sint
1032 727 115 62 idem
1103 727 100 62 re:
1161 727 115 62 quia
1232 727 172 62 secundum
1361 727 129 62 aliam
1448 727 72 62 &
1476 727 129 62 aliam
1562 727 172 62 rationem
1691 727 186 62 essentiae
1835 727 115 62 sunt
1906 727 129 62 actus
1993 727 129 62 eius.
2079 727 129 62 sicut
2165 727 129 62 neque

483 773 177 67 qualitas
616 773 74 67 &
646 773 192 67 quantitas
793 773 118 67 sunt
867 773 118 67 idem
941 773 133 67 licet
1029 773 118 67 sint
1103 773 133 67 actus
1191 773 177 67 eiusdem:
1324 773 118 67 quia
1398 773 221 67 diuersimode
1575 773 118 67 sunt
1649 773 133 67 actus
1737 773 133 67 eius.
1826 773 118 67 Vnde
1899 773 221 67 conseruatio
2076 773 74 67 &
2106 773 118 67 esse
2180 773 118 67 quia

489 830 108 64 non
550 830 123 64 sunt
627 830 139 64 circa
720 830 170 64 penitus
843 830 139 64 idem:
936 830 123 64 quia
1013 830 231 64 conseruatio
1198 830 108 64 non
1260 830 108 64 est
1322 830 139 64 actus
1414 830 123 64 nisi
1492 830 201 64 compositi
1646 830 93 64 ex
1692 830 185 64 essentia
1831 830 77 64 &
1862 830 139 64 esse:
1954 830 123 64 esse
2032 830 123 64 vero
2109 830 108 64 est
2155 830 108 64 actus

477 880 157 62 solius
587 880 219 62 essentiae:
759 880 172 62 idcirco
885 880 235 62 conseruatio
1073 880 78 62 &
1104 880 125 62 esse
1182 880 110 62 non
1245 880 125 62 sunt
1323 880 157 62 omnino
1433 880 141 62 idem:
1527 880 141 62 neque
1621 880 141 62 forte
1715 880 141 62 etiam
1809 880 172 62 creatio
1934 880 78 62 &
1965 880 251 62 conseruatio:
2153 880 110 62 licet

486 937 107 60 sit
547 937 122 60 idem
623 937 122 60 esse
700 937 168 60 creatum
822 937 76 60 &
852 937 244 60 conseruatum:
1051 937 92 60 vt
1097 937 168 60 propter
1219 937 107 60 hoc
1280 937 107 60 non
1341 937 137 60 eadem
1432 937 199 60 relatione
1585 937 199 60 referatur
1738 937 183 60 creatura
1875 937 92 60 ad
1921 937 199 60 creatorem
2074 937 76 60 &
2104 937 183 60 secundum

488 992 148 60 actum
586 992 231 60 creationis
768 992 82 60 &
801 992 198 60 secundum
949 992 148 60 actum
1048 992 313 60 conseruationis.
1312 992 132 60 Quid
1394 992 132 60 vero
1477 992 99 60 ad
1526 992 132 60 idem
1609 992 165 60 arguit
1724 992 181 60 secundo
1856 992 99 60 ex
1905 992 264 60 comparatione
2103 992 165 60 creatio-

477 1045 116 59 nis
544 1045 100 59 ad
594 1045 150 59 motum
693 1045 150 59 penes
793 1045 299 59 conuenientiam:
1043 1045 133 59 quia
1126 1045 150 59 licet
1225 1045 150 59 motus
1325 1045 133 59 ipse
1408 1045 116 59 non
1475 1045 116 59 est
1541 1045 150 59 motus
1641 1045 100 59 vt
1691 1045 199 59 subiecti
1840 1045 116 59 aut
1907 1045 199 59 termini:
2057 1045 150 59 tamen
2140 1045 116 59 motus

481 1097 111 57 est
545 1097 127 57 idem
624 1097 95 57 in
672 1097 95 57 re
720 1097 111 57 cum
783 1097 95 57 eo
831 1097 143 57 cuius
927 1097 111 57 est
990 1097 159 57 motus:
1102 1097 95 57 vt
1149 1097 175 57 albatio
1277 1097 111 57 cum
1340 1097 207 57 albedine:
1499 1097 127 57 ergo
1579 1097 80 57 &
1611 1097 127 57 ipsa
1690 1097 175 57 creatio
1818 1097 111 57 cum
1881 1097 143 57 esse:
1977 1097 127 57 quod
2056 1097 111 57 est
2104 1097 159 57 terminus

483 1152 141 68 eius:
577 1152 188 68 Dicendum
718 1152 125 68 quod
796 1152 110 68 non
859 1152 110 68 est
921 1152 141 68 verum
1015 1152 125 68 quid
1094 1152 188 68 supponit
1234 1152 94 68 de
1281 1152 125 68 motu
1360 1152 188 68 secundum
1500 1152 110 68 iam
1563 1152 156 68 dicta:
1672 1152 125 68 quia
1751 1152 141 68 motus
1845 1152 172 68 nunquam
1970 1152 110 68 est
2032 1152 141 68 circa
2126 1152 125 68 idem
2189 1152 78 68 re:

484 1204 94 61 vt
531 1204 141 61 circa
625 1204 203 61 subiectum
781 1204 78 61 &
813 1204 141 61 circa
906 1204 203 61 terminum,
1063 1204 125 61 quia
1141 1204 125 61 quid
1219 1204 219 61 producitur
1391 1204 109 61 per
1453 1204 141 61 motum
1547 1204 219 61 producitur
1719 1204 94 61 ex
1766 1204 125 61 ipso
1844 1204 188 61 subiecto
1985 1204 156 61 motus:
2094 1204 141 61 ipsum
2188 1204 109 61 au-

481 1265 113 55 tem
545 1265 209 55 subiectum
706 1265 241 55 supponitur:
899 1265 129 55 quid
979 1265 129 55 vero
1060 1265 225 55 producitur
1236 1265 96 55 vt
1285 1265 193 55 terminus
1429 1265 113 55 per
1494 1265 225 55 creationem
1670 1265 113 55 est
1735 1265 145 55 ipsum
1831 1265 209 55 subiectum
1992 1265 145 55 eius.
2088 1265 80 55 &
2120 1265 129 55 ideo
2185 1265 80 55 si-

484 1315 114 63 cut
549 1315 130 63 idem
630 1315 98 63 re
679 1315 114 63 est
744 1315 212 63 subiectum
907 1315 228 63 creationis
1086 1315 81 63 &
1119 1315 212 63 terminus:
1282 1315 114 63 sic
1347 1315 130 63 idem
1428 1315 98 63 re
1477 1315 114 63 est
1542 1315 147 63 ipsum
1640 1315 212 63 subiectum
1803 1315 228 63 creationis
1982 1315 81 63 &
2015 1315 228 63 acquisitum
2178 1315 81 63 per

480 1369 164 65 ipsam:
594 1369 98 65 vt
643 1369 131 65 esse
725 1369 262 65 existentiae:
938 1369 262 65 qualemcunque
1150 1369 262 65 differentiam
1363 1369 180 65 habeant
1493 1369 131 65 ambo
1575 1369 98 65 ad
1624 1369 229 65 creationem
1804 1369 213 65 passiuam.
1968 1369 131 65 Quod
2049 1369 131 65 vero
2131 1369 98 65 ad
2164 1369 98 65 idem

480 1421 166 64 arguit
596 1421 166 64 tertio
712 1421 99 64 ex
762 1421 265 64 comparatione
978 1421 232 64 creationis
1160 1421 99 64 ad
1210 1421 149 64 motum
1309 1421 149 64 penes
1408 1421 282 64 differentiam:
1640 1421 133 64 quia
1723 1421 149 64 motus
1823 1421 116 64 est
1889 1421 149 64 actus
1988 1421 232 64 existentis
2171 1421 99 64 in
2204 1421 66 64 po

481 1477 146 59 tentia
584 1477 73 59 &
613 1477 205 59 imperfecti
774 1477 176 59 secundum
906 1477 117 59 quod
979 1477 205 59 huiusmodi:
1140 1477 73 59 &
1169 1477 176 59 respicit
1301 1477 234 59 essentialius
1491 1477 205 59 potentiam:
1652 1477 161 59 creatio
1769 1477 117 59 vero
1842 1477 102 59 est
1900 1477 132 59 actus
1988 1477 205 59 existentis
2149 1477 88 59 in
2178 1477 88 59 actu

487 1531 70 65 &
515 1531 167 65 perfecti
640 1531 98 65 per
696 1531 126 65 esse:
780 1531 70 65 &
808 1531 223 65 essentialius
989 1531 167 65 respicit
1115 1531 126 65 actum
1198 1531 112 65 quam
1268 1531 195 65 potentiam:
1421 1531 126 65 actus
1505 1531 126 65 autem
1589 1531 195 65 existentis
1742 1531 84 65 in
1784 1531 126 65 actum
1868 1531 167 65 secundum
1993 1531 112 65 quod
2063 1531 181 65 huiusmodi
2202 1531 98 65 non

475 1583 114 59 est
540 1583 130 59 nisi
621 1583 146 59 esse:
718 1583 130 59 ergo
799 1583 114 59 &c.
864 1583 195 59 Dicendum
1011 1583 195 59 secundum
1157 1583 114 59 iam
1222 1583 146 59 dicta
1319 1583 130 59 quod
1400 1583 114 59 hoc
1465 1583 146 59 plane
1563 1583 162 59 falsum
1676 1583 130 59 est:
1757 1583 179 59 creatio
1887 1583 130 59 enim
1969 1583 114 59 non
2033 1583 114 59 est
2098 1583 146 59 actus
2180 1583 97 59 nisi

478 1637 194 64 essentiae
627 1637 89 64 vt
672 1637 104 64 est
732 1637 89 64 in
776 1637 179 64 potentia
911 1637 89 64 ad
955 1637 134 64 esse:
1045 1637 75 64 &
1075 1637 134 64 media
1164 1637 134 64 inter
1254 1637 119 64 esse
1328 1637 75 64 &
1358 1637 104 64 non
1418 1637 134 64 esse:
1507 1637 134 64 sicut
1597 1637 194 64 generatio
1746 1637 104 64 est
1806 1637 134 64 actus
1895 1637 179 64 materiae
2029 1637 89 64 vt
2074 1637 104 64 est
2134 1637 89 64 in
2164 1637 104 64 potem

480 1689 123 58 tia:
557 1689 77 58 &
587 1689 139 58 media
680 1689 139 58 inter
772 1689 154 58 formam
880 1689 77 58 &
911 1689 169 58 formam:
1034 1689 123 58 siue
1111 1689 139 58 inter
1203 1689 154 58 formam
1311 1689 77 58 &
1342 1689 123 58 eius
1418 1689 246 58 priuationem.
1619 1689 123 58 Vnde
1696 1689 108 58 tam
1757 1689 200 58 generatio
1911 1689 123 58 quam
1988 1689 169 58 creatio
2111 1689 185 58 vtrumque

486 1740 178 64 respicit
620 1740 89 64 vt
664 1740 193 64 subiectum
812 1740 237 64 essentialius
1005 1740 208 64 potentiam.
1168 1740 104 64 sed
1227 1740 133 64 actum
1316 1740 237 64 essentialius
1509 1740 89 64 vt
1553 1740 178 64 terminum
1687 1740 208 64 respiciunt
1850 1740 119 64 quam
1924 1740 208 64 potentiam.
2087 1740 119 64 Quid
2161 1740 133 64 autem

483 1797 148 60 arguit
587 1797 192 60 vlterius:
735 1797 118 60 quod
808 1797 148 60 ponens
912 1797 118 60 esse
986 1797 74 60 &
1015 1797 192 60 essentiam
1163 1797 118 60 esse
1237 1797 118 60 idem
1311 1797 89 60 re
1355 1797 103 60 non
1415 1797 148 60 potest
1518 1797 163 60 saluare
1636 1797 133 60 multa
1725 1797 118 60 quae
1799 1797 207 60 necessario
1962 1797 163 60 oportet
2080 1797 192 60 concedere
2213 1797 59 60 in

491 1849 188 67 entibus:
632 1849 156 67 Quorum
742 1849 156 67 primum
851 1849 125 67 est:
929 1849 125 67 quod
1008 1849 188 67 potentia
1148 1849 110 67 non
1211 1849 156 67 posset
1321 1849 203 67 intelligi
1477 1849 110 67 non
1540 1849 141 67 esse:
1634 1849 141 67 super
1727 1849 125 67 quod
1806 1849 172 67 fundata
1931 1849 110 67 est
1993 1849 172 67 secunda
2119 1849 141 67 ratio
2212 1849 94 67 ad

478 1903 228 58 principale:
660 1903 76 58 &
691 1903 137 58 patet
782 1903 91 58 ex
828 1903 228 58 responsione
1011 1903 213 58 praeposita
1178 1903 91 58 ad
1224 1903 152 58 illam,
1330 1903 122 58 quod
1406 1903 107 58 hoc
1467 1903 152 58 falsum
1574 1903 122 58 est:
1650 1903 183 58 Secundum
1787 1903 107 58 est
1848 1903 122 58 quod
1924 1903 183 58 essentia
2061 1903 198 58 creaturae
2198 1903 76 58 aut

489 1962 121 65 eius
565 1962 121 65 esse
640 1962 106 65 non
701 1962 106 65 sit
762 1962 167 65 aliquid
883 1962 197 65 diminutum
1035 1962 76 65 &
1065 1962 243 65 incompletum:
1262 1962 121 65 quia
1338 1962 182 65 secundum
1474 1962 106 65 hoc
1535 1962 106 65 non
1596 1962 106 65 est
1656 1962 152 65 ponere
1763 1962 121 65 quod
1838 1962 106 65 sit
1899 1962 91 65 in
1945 1962 121 65 esse
2020 1962 76 65 &
2051 1962 182 65 essentia
2172 1962 91 65 ali-

491 2013 117 66 qua
558 2013 268 66 participatio
776 2013 134 66 siue
860 2013 251 66 participans
1061 2013 84 66 &
1094 2013 268 66 participatum
1312 2013 101 66 vt
1362 2013 151 66 supra
1463 2013 201 66 inductum
1614 2013 134 66 est:
1697 2013 201 66 Dicendum
1848 2013 134 66 quod
1932 2013 168 66 falsum
2049 2013 134 66 est:
2133 2013 134 66 immo
2200 2013 67 66 be

494 2065 88 58 ne
538 2065 192 58 contingit
686 2065 147 58 ponere
789 2065 280 58 participationem
1025 2065 177 58 secundum
1157 2065 118 58 esse
1231 2065 88 58 in
1275 2065 177 58 essentia
1408 2065 192 58 creaturae
1555 2065 177 58 secundum
1688 2065 206 58 praedicta:
1850 2065 118 58 etsi
1923 2065 103 58 non
1982 2065 162 58 ratione
2100 2065 177 58 alicuius
2218 2065 59 58 ei

488 2115 240 60 inhaerentis.
683 2115 120 60 Quia
758 2115 135 60 autem
848 2115 165 60 adducit
967 2115 90 60 ad
1012 2115 150 60 illius
1117 2115 240 60 probationem:
1312 2115 120 60 quod
1387 2115 120 60 idem
1462 2115 150 60 seipso
1567 2115 105 60 non
1627 2115 225 60 participat:
1807 2115 105 60 nec
1866 2115 105 60 est
1926 2115 195 60 possibile
2076 2115 180 60 respectu
2196 2115 75 60 sui

480 2169 182 64 ipsius:
613 2169 133 64 sine
696 2169 116 64 quo
762 2169 116 64 non
829 2169 116 64 est
895 2169 282 64 participatio:
1127 2169 199 64 Dicendum
1277 2169 133 64 quod
1360 2169 166 64 duplex
1476 2169 116 64 est
1542 2169 265 64 participatio
1758 2169 100 64 in
1808 2169 232 64 creaturis:
1990 2169 116 64 vna
2056 2169 116 64 qua
2106 2169 166 64 creatura

477 2231 220 64 participat
650 2231 126 64 esse
729 2231 94 64 vt
776 2231 126 64 sit:
855 2231 126 64 alia
934 2231 110 64 qua
997 2231 220 64 participat
1170 2231 157 64 aliquo
1280 2231 126 64 alio
1359 2231 94 64 vt
1406 2231 173 64 aliquid
1532 2231 126 64 sit:
1611 2231 189 64 secundum
1752 2231 126 64 quod
1831 2231 142 64 dicit
1926 2231 126 64 illa
2004 2231 157 64 regula
2115 2231 157 64 Boetii
2209 2231 63 64 de

485 2282 138 67 hebd.
577 2282 123 67 Omne
654 2282 123 67 quod
730 2282 107 67 est
792 2282 215 67 participat
961 2282 92 67 eo
1007 2282 123 67 quod
1084 2282 107 67 est
1145 2282 123 67 esse
1222 2282 92 67 vt
1268 2282 123 67 sit:
1345 2282 123 67 alio
1421 2282 123 67 vero
1498 2282 215 67 participat
1667 2282 92 67 vt
1713 2282 169 67 aliquid
1836 2282 123 67 sit.
1913 2282 92 67 Ac
1959 2282 107 67 per
2020 2282 107 67 hoc
2082 2282 92 67 id
2128 2282 123 67 quod
2189 2282 77 67 est

488 2334 225 60 participat
665 2334 129 60 esse
745 2334 96 60 vt
793 2334 129 60 sit:
874 2334 113 60 est
938 2334 129 60 vero
1018 2334 96 60 vt
1067 2334 225 60 participat
1243 2334 129 60 alio
1324 2334 209 60 quolibet.
1484 2334 129 60 Esse
1565 2334 145 60 autem
1661 2334 96 60 vt
1709 2334 113 60 sit
1774 2334 161 60 potest
1886 2334 113 60 res
1951 2334 209 60 intelligi
2095 2334 177 60 participa

485 2389 98 56 re
534 2389 195 56 secundum
680 2389 130 56 duos
761 2389 146 56 modos
859 2389 146 56 supra
956 2389 228 56 expositos.
1135 2389 114 56 Vel
1200 2389 98 56 in
1249 2389 114 56 sua
1314 2389 195 56 essentia
1461 2389 98 56 vt
1509 2389 130 56 ipsa
1591 2389 195 56 essentia
1737 2389 114 56 sit
1802 2389 179 56 quaedam
1932 2389 277 56 participatio:
2160 2389 81 56 &
2176 2389 98 56 diui

489 2437 115 59 num
554 2437 131 59 esse
636 2437 115 59 sit
702 2437 148 59 ipsum
800 2437 263 59 participatum
1014 2437 115 59 non
1080 2437 99 59 in
1129 2437 181 59 seipso:
1260 2437 115 59 sed
1326 2437 99 59 in
1375 2437 115 59 sua
1441 2437 279 59 similitudine:
1671 2437 131 59 quae
1753 2437 115 59 est
1818 2437 131 59 ipsa
1900 2437 115 59 rei
1966 2437 213 59 essentia.
2130 2437 82 59 &
2163 2437 115 59 est
2212 2437 66 59 ve

478 2494 123 66 rus
549 2494 158 66 modus
654 2494 281 66 participandi
882 2494 158 66 esse:
987 2494 88 66 &
1022 2494 123 66 non
1092 2494 123 66 sic
1162 2494 245 66 participat
1355 2494 140 66 idem
1443 2494 193 66 seipso:
1583 2494 123 66 sed
1653 2494 210 66 creatura
1811 2494 245 66 participat
2004 2494 228 66 creatore.
2162 2494 105 66 Hinc

483 2545 178 73 Boetius.
617 2545 89 73 i.
662 2545 89 73 de
706 2545 208 73 trinitate.
870 2545 89 73 c.
914 2545 119 73 iii.
989 2545 89 73 Ex
1033 2545 104 73 iis
1093 2545 149 73 formis
1197 2545 119 73 quae
1271 2545 164 73 praeter
1390 2545 178 73 materiam
1524 2545 134 73 sunt,
1613 2545 134 73 istae
1702 2545 149 73 formae
1806 2545 164 73 veniunt
1925 2545 119 73 quae
1999 2545 119 73 sunt
2074 2545 89 73 in
2118 2545 164 73 materia
2222 2545 45 73 &

483 2604 171 71 corpus
602 2604 239 71 efficiunt.
790 2604 119 71 Nam
858 2604 171 71 formis
978 2604 137 71 quae
1063 2604 102 71 in
1114 2604 239 71 corporibus
1302 2604 137 71 sunt
1388 2604 205 71 abutimur
1541 2604 171 71 formas
1661 2604 205 71 vocantes
1814 2604 119 71 dum
1882 2604 205 71 imagines
2036 2604 154 71 sunt.
2121 2604 154 71 assimi-

483 2651 153 73 lantur
590 2651 123 73 enim
667 2651 153 73 formis
774 2651 107 73 iis
835 2651 123 73 quae
912 2651 107 73 non
973 2651 92 73 in
1019 2651 184 73 materia.
1157 2651 184 73 scilicet
1295 2651 138 73 ideis
1388 2651 92 73 in
1434 2651 123 73 deo.
1510 2651 107 73 Sed
1572 2651 123 73 idem
1648 2651 184 73 secundum
1786 2651 107 73 rem
1848 2651 107 73 est
1909 2651 215 73 potentiale
2078 2651 184 73 respectu
2200 2651 77 73 sui

486 2704 158 66 ipsius
597 2704 189 66 secundum
739 2704 142 66 aliam
833 2704 252 66 intentionem:
1038 2704 126 66 quid
1117 2704 110 66 non
1180 2704 110 66 est
1243 2704 268 66 inconueniens.
1464 2704 110 66 Sic
1527 2704 126 66 enim
1606 2704 142 66 genus
1700 2704 110 66 est
1763 2704 95 66 in
1811 2704 189 66 potentia
1953 2704 95 66 ad
2000 2704 268 66 differentias:
2205 2704 63 66 et

479 2766 132 58 esse
561 2766 99 58 ad
610 2766 181 58 viuere:
742 2766 99 58 vt
791 2766 181 58 habitum
923 2766 115 58 est
989 2766 165 58 supra.
1104 2766 115 58 Vel
1170 2766 165 58 potest
1286 2766 214 58 intelligi
1450 2766 264 58 participatio
1665 2766 165 58 ipsius
1780 2766 132 58 esse
1862 2766 99 58 in
1912 2766 99 58 re
1961 2766 132 58 alia
2043 2766 99 58 ab
2093 2766 132 58 ipsa
2159 2766 115 58 essen

485 2821 113 64 tia
549 2821 274 64 participante:
775 2821 97 64 vt
824 2821 113 64 res
888 2821 129 64 illa
969 2821 113 64 sit
1034 2821 178 64 quaedam
1163 2821 258 64 participatio
1372 2821 97 64 in
1421 2821 129 64 ipsa
1501 2821 210 64 essentia.
1663 2821 97 64 et
1711 2821 113 64 est
1776 2821 145 64 falsa
1873 2821 242 64 imaginatio:
2066 2821 97 64 et
2099 2821 178 64 coincidit

484 2878 247 66 quodammodo
678 2878 106 66 in
731 2878 211 66 secundum
890 2878 194 66 membrum
1031 2878 264 66 principalis
1242 2878 264 66 diuisionis:
1453 2878 123 66 qua
1524 2878 194 66 aliquid
1665 2878 194 66 dicitur
1806 2878 264 66 participare
2017 2878 141 66 alio
2105 2878 88 66 a
2123 2878 141 66 seipso

490 2930 117 52 quod
563 2930 160 52 recipit
680 2930 87 52 in
724 2930 102 52 se.
782 2930 175 52 secundum
913 2930 117 52 quod
986 2930 146 52 dicit.
1088 2930 131 52 iiii.
1176 2930 146 52 regula
1278 2930 160 52 Boetii.
1394 2930 87 52 ld
1438 2930 117 52 quod
1511 2930 117 52 est,
1584 2930 146 52 habere
1686 2930 160 52 aliquid
1802 2930 219 52 praeterquam
1977 2930 117 52 quid
2050 2930 131 52 ipsum
2138 2930 117 52 est:
2196 2930 73 52 po-

482 2977 156 72 test.
585 2977 138 72 Quem
672 2977 156 72 tamen
776 2977 156 72 modum
879 2977 207 72 secundum
1035 2977 190 72 Boetius
1173 2977 173 72 omnino
1294 2977 190 72 remouet
1432 2977 86 72 a
1467 2977 138 72 modo
1553 2977 121 72 quo
1622 2977 277 72 participatur
1847 2977 156 72 esse:
1951 2977 121 72 cum
2020 2977 156 72 dicit
2124 2977 104 72 in
2158 2977 104 72 iii.

487 3035 192 53 regula.
626 3035 122 53 Fit
696 3035 139 53 enim
783 3035 279 53 participatio
1010 3035 122 53 cum
1079 3035 192 53 aliquid
1219 3035 122 53 iam
1289 3035 139 53 est.
1376 3035 139 53 Vnde
1463 3035 279 53 participatio
1690 3035 139 53 esse
1777 3035 174 53 omnino
1899 3035 122 53 est
1969 3035 139 53 alia
2056 3035 87 53 a
2091 3035 139 53 modo
2178 3035 122 53 quo

481 3079 290 76 participatur,
720 3079 222 76 inhaerens
891 3079 273 76 participanti
1113 3079 103 76 vt
1164 3079 120 76 res
1233 3079 137 76 alia
1318 3079 103 76 ab
1369 3079 154 76 ipso.
1472 3079 103 76 ET
1523 3079 137 76 nota
1609 3079 137 76 quod
1694 3079 188 76 aliquid
1831 3079 137 76 esse
1916 3079 273 76 aequiuocatur
2138 3079 103 76 in
2172 3079 103 76 ista

483 3143 184 95 regula:
617 3143 84 95 &
650 3143 117 95 cum
717 3143 200 95 superius
868 3143 184 95 diximus
1001 3143 134 95 quod
1085 3143 117 95 res
1152 3143 134 95 alio
1235 3143 134 95 est,
1319 3143 100 95 vt
1369 3143 167 95 quadam
1486 3143 167 95 diuina
1603 3143 317 95 participatione:
1870 3143 134 95 alio
1954 3143 184 95 aliquid
2087 3143 134 95 est,
2171 3143 100 95 vt
2204 3143 67 95 eo
