2437 3738
132 268 121 97 quid
208 268 106 97 est
268 268 106 97 sui
329 268 182 97 generis.
465 268 106 97 Hic
526 268 121 97 enim
601 268 167 97 dicitur
722 268 106 97 res
783 268 167 97 aliquid
904 268 121 97 esse
980 268 106 97 non
1041 268 121 97 nisi
1116 268 182 97 secundum
1253 268 182 97 accidens
1389 268 121 97 sibi
1465 268 197 97 inhaerens
1616 268 91 97 vt
1661 268 151 97 corpus
1767 268 197 97 albedine:

130 333 110 98 ibi
193 333 126 98 vero
272 333 173 98 dicitur
398 333 110 98 res
461 333 173 98 aliquid
587 333 126 98 esse
665 333 94 98 eo
713 333 126 98 quod
791 333 110 98 est
854 333 110 98 sui
917 333 173 98 generis
1043 333 252 98 determinante
1248 333 142 98 ipsum
1342 333 142 98 esse.
1436 333 189 98 Respectu
1578 333 142 98 autem
1672 333 126 98 modi
1751 333 110 98 quo
1798 333 142 98 dicitur

139 393 100 83 res
196 393 157 83 aliquid
310 393 115 83 esse
382 393 100 83 per
439 393 172 83 accidens
568 393 115 83 sibi
640 393 200 83 inhaerens,
797 393 157 83 dicitur
912 393 100 83 res
969 393 115 83 esse
1041 393 100 83 sua
1098 393 186 83 essentia:
1241 393 72 83 &
1270 393 86 83 eo
1312 393 115 83 quid
1384 393 100 83 est
1441 393 100 83 sui
1499 393 172 83 generis.
1627 393 86 83 Et
1670 393 172 83 secundum
1799 393 100 83 hoc
1842 393 86 83 Com-

139 443 142 86 menta.
238 443 157 86 exponit
352 443 128 86 illam
438 443 171 86 secundam
566 443 171 86 regulam:
694 443 171 86 Diuersum
822 443 100 86 est
879 443 114 86 esse
950 443 71 86 &
979 443 114 86 quid
1050 443 114 86 est.
1121 443 157 86 dicens.
1235 443 171 86 Secundum
1363 443 214 86 philosophos
1534 443 114 86 esse
1605 443 242 86 subsistentium
1791 443 142 86 dicuntur

135 494 137 94 solae
226 494 122 94 quae
302 494 243 94 praedicantur
500 494 243 94 substantiae:
697 494 122 94 quae
773 494 122 94 sunt
849 494 91 94 ea
895 494 152 94 tantum
1001 494 122 94 quae
1077 494 122 94 alia
1153 494 91 94 in
1199 494 91 94 se
1244 494 167 94 habendo
1366 494 228 94 subsistunt.
1548 494 167 94 TERtium
1670 494 122 94 quod
1746 494 167 94 inducit
1852 494 76 94 est

146 550 111 91 quod
216 550 97 91 non
271 550 125 91 esset
355 550 97 91 ens
410 550 97 91 per
466 550 167 91 accidens
591 550 83 91 si
633 550 111 91 esse
703 550 125 91 esset
786 550 111 91 idem
856 550 97 91 cum
911 550 181 91 essentia.
1050 550 167 91 Dicendum
1176 550 111 91 quod
1245 550 125 91 verum
1329 550 97 91 est
1384 550 83 91 si
1426 550 97 91 sic
1482 550 125 91 esset
1565 550 111 91 idem
1635 550 97 91 cum
1690 550 111 91 illa
1760 550 111 91 quod
1830 550 97 91 non
1871 550 56 91 es

137 606 119 88 set
205 606 169 88 aliquo
323 606 135 88 modo
408 606 271 88 participatio
628 606 152 88 eius.
730 606 119 88 sic
797 606 135 88 enim
882 606 102 88 in
933 606 135 88 solo
1018 606 119 88 deo
1085 606 135 88 idem
1170 606 135 88 sunt
1255 606 135 88 esse
1339 606 85 88 &
1373 606 220 88 essentia:
1543 606 85 88 &
1576 606 135 88 ideo
1661 606 102 88 in
1712 606 152 88 ipsum
1797 606 135 88 nullum

144 648 114 106 per
209 648 195 106 accidens
355 648 163 106 cadit.
469 648 130 106 Nunc
551 648 146 106 autem
648 648 114 106 non
713 648 114 106 sic
778 648 114 106 est
844 648 130 106 idem
925 648 130 106 quin
1006 648 195 106 differat
1153 648 244 106 intentione:
1348 648 81 106 &
1381 648 114 106 est
1446 648 98 106 in
1495 648 195 106 essentia
1641 648 98 106 vt
1690 648 179 106 quaedam
1804 648 130 106 parti-

139 712 172 86 cipatio
264 712 125 86 eius
343 712 94 86 vt
390 712 156 86 dictum
499 712 125 86 est.
577 712 125 86 llle
655 712 141 86 autem
749 712 219 86 intelligit
921 712 125 86 quod
1000 712 141 86 nulla
1093 712 109 86 est
1156 712 250 86 participatio
1359 712 125 86 nisi
1438 712 172 86 habendo
1563 712 94 86 in
1610 712 94 86 se
1656 712 172 86 aliquid
1766 712 172 86 differens

148 765 197 89 secundum
295 765 131 89 rem:
377 765 148 89 cuius
475 765 262 89 plenitudinem
688 765 98 89 in
738 765 98 89 se
787 765 115 89 non
852 765 164 89 habet:
967 765 98 89 vt
1016 765 131 89 homo
1098 765 197 89 iustitia
1246 765 115 89 vel
1311 765 197 89 albedine
1459 765 180 89 dicitur
1590 765 246 89 participare
1787 765 131 89 quia
1852 765 82 89 non

148 818 143 93 omnem
243 818 254 93 plenitudinem
450 818 190 93 secundum
592 818 190 93 rationem
735 818 206 93 iustitiae
894 818 111 93 aut
957 818 206 93 albedinis
1116 818 95 93 in
1164 818 95 93 se
1211 818 159 93 habet.
1322 818 111 93 sic
1386 818 127 93 enim
1465 818 111 93 non
1528 818 143 93 habet
1624 818 206 93 iustitiam
1782 818 127 93 nisi
1862 818 111 93 qui

141 868 114 92 est
206 868 114 92 per
271 868 212 92 essentiam
434 868 130 92 ipsa
515 868 212 92 iustitia:
678 868 114 92 nec
744 868 212 92 albedinem
907 868 130 92 nisi
988 868 114 92 qui
1053 868 114 92 est
1118 868 114 92 per
1183 868 212 92 essentiam
1346 868 130 92 ipsa
1428 868 179 92 albebo.
1558 868 179 92 QVARtum
1689 868 130 92 est:
1770 868 130 92 quod
1835 868 98 92 tunc

141 923 93 97 in
188 923 171 97 entibus
312 923 109 97 non
374 923 140 97 esset
467 923 155 97 genus:
576 923 124 97 quia
654 923 109 97 non
716 923 109 97 est
778 923 140 97 genus
871 923 124 97 nisi
949 923 217 97 potentiale
1119 923 124 97 quid
1197 923 171 97 praeter
1321 923 186 97 rationem
1461 923 202 97 actualis,
1616 923 124 97 quid
1694 923 109 97 non
1756 923 155 97 posset
1849 923 93 97 esse

145 985 89 83 si
190 985 208 83 potentiale
353 985 74 83 &
383 985 164 83 actuale
502 985 89 83 in
547 985 89 83 se
592 985 149 83 essent
696 985 134 83 idem.
785 985 119 83 Quod
860 985 104 83 non
919 985 149 83 valet:
1023 985 164 83 ponendo
1142 985 119 83 enim
1217 985 119 83 quod
1291 985 119 83 sint
1366 985 119 83 idem
1440 985 104 83 re:
1500 985 223 83 differentia
1678 985 134 83 autem
1767 985 208 83 intentione

147 1030 134 91 bene
231 1030 201 91 saluatur
382 1030 168 91 genus:
499 1030 134 91 quia
583 1030 151 91 genus
683 1030 117 91 non
750 1030 117 91 est
817 1030 235 91 potentiale
1002 1030 134 91 nisi
1086 1030 201 91 respectu
1236 1030 302 91 differentiarum
1488 1030 134 91 quae
1571 1030 134 91 dant
1655 1030 101 91 ei
1705 1030 184 91 actuale
1823 1030 117 91 suum:

148 1085 128 87 quod
228 1085 112 87 non
292 1085 176 87 differt
419 1085 80 87 a
451 1085 160 87 genere
563 1085 96 87 re
611 1085 112 87 sed
675 1085 128 87 sola
754 1085 239 87 intentione.
946 1085 176 87 QVINtum
1073 1085 128 87 est:
1153 1085 128 87 quod
1233 1085 128 87 tunc
1313 1085 112 87 non
1377 1085 144 87 esset
1472 1085 223 87 distinctio
1648 1085 319 87 praedicamentorum

144 1137 189 91 secundum
286 1137 205 91 analogiam
443 1137 110 91 sub
506 1137 142 91 ente.
601 1137 189 91 Dicendum
743 1137 126 91 quod
821 1137 126 91 ille
900 1137 189 91 supponit
1042 1137 126 91 quod
1120 1137 110 91 non
1183 1137 157 91 potest
1294 1137 126 91 esse
1372 1137 189 91 analogia
1514 1137 94 91 in
1561 1137 252 91 participando
1766 1137 142 91 esse:
1845 1137 94 91 nisi

147 1206 109 84 sit
210 1206 125 84 vnum
288 1206 156 84 numero
397 1206 93 84 in
443 1206 156 84 eodem:
552 1206 125 84 quid
630 1206 109 84 per
693 1206 93 84 se
739 1206 187 84 convenit
880 1206 234 84 substantiae
1067 1206 78 84 &
1098 1206 109 84 non
1160 1206 140 84 aliis
1254 1206 125 84 nisi
1331 1206 125 84 quia
1409 1206 125 84 sunt
1487 1206 93 84 in
1534 1206 234 84 substantia.
1721 1206 93 84 Et
1768 1206 109 84 est
1814 1206 125 84 falsum

153 1239 122 101 quod
229 1239 107 101 non
290 1239 107 101 est
352 1239 122 101 nisi
428 1239 122 101 vnum
505 1239 77 101 &
535 1239 122 101 idem
612 1239 122 101 esse
689 1239 92 101 in
734 1239 153 101 eodem:
842 1239 92 101 vt
888 1239 168 101 patebit
1010 1239 92 101 in
1056 1239 184 101 sequenti
1194 1239 230 101 quaestione.
1378 1239 153 101 Falsum
1485 1239 138 101 etiam
1577 1239 107 101 est
1638 1239 122 101 quod
1714 1239 153 101 aliter
1822 1239 107 101 non
1867 1239 77 101 pos

146 1296 128 93 sent
226 1296 223 93 substantia
401 1296 80 93 &
433 1296 191 93 accidens
576 1296 207 93 analogiam
736 1296 159 93 habere
847 1296 96 93 in
895 1296 143 93 esse.
991 1296 128 93 Immo
1070 1296 128 93 esse
1150 1296 239 93 substantiae
1341 1296 207 93 existente
1501 1296 128 93 alio
1580 1296 96 93 ab
1628 1296 128 93 esse
1708 1296 239 93 accidentis:
1883 1296 64 93 si

158 1353 114 89 cut
223 1353 81 89 &
255 1353 195 89 essentia
401 1353 243 89 substantiae
596 1353 114 89 est
661 1353 130 89 alia
742 1353 97 89 ab
791 1353 195 89 essentia
937 1353 227 89 accidentis
1115 1353 81 89 &
1148 1353 227 89 econuerso:
1326 1353 130 89 esse
1407 1353 114 89 est
1472 1353 130 89 quid
1553 1353 179 89 conmune
1683 1353 195 89 analogum
1813 1353 130 89 abstra

150 1405 128 88 ctum
230 1405 96 88 ab
278 1405 160 88 ipsis:
391 1405 209 88 inquantum
551 1405 225 88 substantia
728 1405 160 88 verius
840 1405 225 88 participat
1016 1405 128 88 esse
1097 1405 193 88 diuinum:
1241 1405 160 88 verius
1353 1405 209 88 existendo
1514 1405 160 88 diuina
1626 1405 225 88 similitudo
1803 1405 128 88 quam
1867 1405 80 88 sit

154 1460 205 100 accidens.
312 1460 126 100 Vnde
391 1460 126 100 esse
470 1460 189 100 analogum
612 1460 95 100 ad
659 1460 237 100 substantiam
849 1460 111 100 non
912 1460 111 100 est
975 1460 174 100 aliquid
1101 1460 126 100 idem
1180 1460 284 100 singularitate:
1417 1460 111 100 sed
1480 1460 142 100 solum
1575 1460 221 100 comonitate
1749 1460 158 100 quadam
1843 1460 95 100 supe

155 1515 128 91 riore
240 1515 114 91 quam
312 1515 100 91 sit
369 1515 200 91 communitas
526 1515 171 91 generis:
654 1515 114 91 quia
725 1515 171 91 continet
854 1515 100 91 sub
911 1515 100 91 se.
968 1515 86 91 x.
1011 1515 157 91 genera:
1125 1515 71 91 &
1153 1515 257 91 diuersiticatur
1367 1515 171 91 secundum
1496 1515 228 91 diuersitatem
1681 1515 143 91 rerum,
1767 1515 171 91 propriarum

152 1574 159 98 ipsis.
263 1574 127 98 Vnde
342 1574 222 98 philosophi
517 1574 238 98 ascribentes
707 1574 127 98 esse
786 1574 174 98 naturae
913 1574 143 98 rerum
1008 1574 79 98 &
1040 1574 111 98 non
1104 1574 174 98 diuinae
1230 1574 301 98 participationi,
1484 1574 111 98 cui
1548 1574 143 98 ipsum
1643 1574 222 98 attribuunt
1801 1574 143 98 theolo-

158 1632 108 89 gi:
219 1632 154 89 dicunt
327 1632 123 89 quod
403 1632 138 89 eodem
496 1632 108 89 quo
557 1632 108 89 res
619 1632 184 89 dicuntur
757 1632 138 89 esse:
849 1632 184 89 dicuntur
987 1632 169 89 aliquid
1110 1632 138 89 esse:
1202 1632 77 89 &
1233 1632 123 89 inde
1310 1632 108 89 est
1371 1632 123 89 quod
1448 1632 108 89 hoc
1510 1632 154 89 verbum
1617 1632 108 89 est
1679 1632 154 89 dicunt
1786 1632 184 89 aequiuo-

154 1673 97 95 ce
202 1673 226 95 praedicari
379 1673 97 95 de
428 1673 193 95 omnibus.
573 1673 97 95 vt
621 1673 145 95 dicit
718 1673 209 95 Commenta.
879 1673 145 95 super
975 1673 161 95 illud.
1088 1673 193 95 Diuersum
1233 1673 113 95 est
1298 1673 129 95 esse
1378 1673 81 95 &
1410 1673 129 95 quod
1491 1673 129 95 est.
1571 1673 177 95 SEXtum:
1700 1673 129 95 quod
1781 1673 113 95 non
1829 1673 113 95 esset

164 1724 179 92 mutatio
294 1724 98 92 in
343 1724 163 92 rebus:
457 1724 130 92 quia
539 1724 114 92 non
604 1724 114 92 est
669 1724 179 92 mutatio
800 1724 130 92 nisi
881 1724 196 92 diuersum
1028 1724 114 92 sit
1093 1724 179 92 actuale
1224 1724 82 92 a
1256 1724 245 92 potentiali.
1452 1724 196 92 Dicendum
1599 1724 130 92 quod
1680 1724 147 92 verum
1778 1724 114 92 est
1827 1724 114 92 diuer

161 1780 150 98 sitate
266 1780 135 98 reali
356 1780 135 98 circa
446 1780 135 98 illud
535 1780 120 98 quod
610 1780 105 98 est
670 1780 210 98 potentiale
835 1780 210 98 subiectiue
1000 1780 150 98 tantum
1104 1780 180 98 respectu
1239 1780 105 98 sui
1299 1780 180 98 actualis
1434 1780 120 98 quod
1509 1780 210 98 producitur
1673 1780 90 98 de
1718 1780 120 98 illo
1793 1780 105 98 per
1838 1780 105 98 veram

159 1833 273 105 generationem.
384 1833 113 105 Sed
448 1833 145 105 circa
545 1833 145 105 illud
641 1833 129 105 quid
722 1833 113 105 est
786 1833 225 105 potentiale
963 1833 225 105 obiectiue:
1140 1833 145 105 quale
1236 1833 113 105 est
1301 1833 193 105 essentia
1445 1833 193 105 respectu
1590 1833 145 105 esse:
1687 1833 80 105 &
1719 1833 96 105 de
1751 1833 193 105 potentiali

160 1888 96 90 de
208 1888 112 90 quo
272 1888 223 90 producitur
447 1888 175 90 actuale
574 1888 127 90 suum
654 1888 112 90 per
718 1888 143 90 solam
813 1888 255 90 intentionem,
1021 1888 143 90 sicut
1116 1888 96 90 de
1164 1888 127 90 esse
1244 1888 175 90 viuere:
1371 1888 191 90 sufficit
1515 1888 96 90 ad
1563 1888 223 90 mutationem
1738 1888 80 90 a
1754 1888 191 90 potentiali

160 1945 103 99 ad
211 1945 189 99 actuale
349 1945 137 99 sola
435 1945 241 99 diuersitas
624 1945 206 99 secundum
778 1945 206 99 rationem
933 1945 155 99 inter
1036 1945 155 99 illa.
1139 1945 103 99 vt
1191 1945 155 99 patet
1294 1945 103 99 ex
1345 1945 155 99 supra
1431 1945 258 99 determinatis.

509 1995 117 89 Irca
582 1995 175 89 secundum
713 1995 175 89 arguitur
844 1995 117 89 quod
917 1995 204 89 accidentis
1078 1995 204 89 existentis
1238 1995 87 89 in
1281 1995 175 89 subiecto
1413 1995 102 89 non
1471 1995 102 89 sit
1529 1995 131 89 aliud
1617 1995 117 89 esse
1689 1995 219 89 existentiae
1850 1995 87 89 quam

515 2049 110 84 esse
584 2049 206 84 existentiae
749 2049 96 84 sui
804 2049 179 84 subiecti.
942 2049 124 84 Primo
1024 2049 110 84 sic.
1093 2049 110 84 vii.
1162 2049 220 84 Metaphysicae
1341 2049 124 84 dicit
1423 2049 206 84 philosophus
1588 2049 110 84 quod
1657 2049 165 84 accidens
1781 2049 96 84 non
1836 2049 96 84 est
1877 2049 69 84 ens

517 2101 126 87 nisi
596 2101 126 87 quia
675 2101 110 87 est
738 2101 158 87 entis:
849 2101 142 87 quare
943 2101 142 87 eadem
1038 2101 174 87 ratione
1164 2101 110 87 non
1227 2101 110 87 est
1290 2101 189 87 existens
1432 2101 126 87 nisi
1511 2101 126 87 quia
1590 2101 110 87 est
1653 2101 237 87 existentis.
1843 2101 110 87 hoc
1890 2101 63 87 au

515 2156 105 97 tem
575 2156 105 97 non
635 2156 105 97 sic
694 2156 135 97 esset
784 2156 120 97 nisi
859 2156 120 97 idem
934 2156 120 97 esse
1008 2156 194 97 essentiae
1158 2156 135 97 esset
1247 2156 209 97 accidentis
1412 2156 75 97 &
1442 2156 105 97 non
1502 2156 135 97 aliud
1591 2156 120 97 quam
1666 2156 194 97 subiecti.
1815 2156 120 97 ergo
1875 2156 75 97 &c.

536 2208 172 80 SEcundo
662 2208 125 80 sic.
740 2208 94 80 si
787 2208 157 80 essent
896 2208 141 80 eorum
990 2208 141 80 plura
1084 2208 125 80 esse
1162 2208 110 80 cum
1225 2208 94 80 se
1272 2208 157 80 habent
1382 2208 110 80 per
1444 2208 172 80 ordinem
1569 2208 282 80 essentialiter:
1804 2208 125 80 vnum
1867 2208 78 80 es-

512 2262 94 82 se
559 2262 142 82 eorum
654 2262 142 82 esset
748 2262 220 82 perfectius
921 2262 173 82 altero:
1047 2262 79 82 &
1078 2262 110 82 sic
1141 2262 126 82 vnum
1220 2262 142 82 eorum
1314 2262 142 82 esset
1408 2262 252 82 participatio
1613 2262 189 82 alterius
1754 2262 126 82 siue
1817 2262 126 82 parti-

173 2317 168 99 ciparet
295 2317 168 99 altero:
418 2317 214 99 consequens
586 2317 153 99 falsum
693 2317 123 99 est:
770 2317 123 99 quia
846 2317 123 99 esse
923 2317 107 99 est
984 2317 138 99 summa
1076 2317 230 99 actualitas:
1260 2317 123 99 quae
1336 2317 138 99 nullo
1428 2317 153 99 potest
1536 2317 230 99 participare
1719 2317 184 99 secundum
1842 2317 107 99 illam

174 2369 180 91 tertiam
304 2369 180 91 regulam
435 2369 98 91 de
484 2369 164 91 hebdo.
599 2369 131 91 Quod
681 2369 131 91 est:
762 2369 245 91 participare
959 2369 164 91 aliquo
1073 2369 180 91 potest.
1204 2369 114 91 sed
1269 2369 147 91 ipsum
1367 2369 131 91 esse
1449 2369 147 91 nullo
1547 2369 131 91 modo
1629 2369 164 91 aliquo
1743 2369 245 91 participat:

173 2424 112 89 fit
237 2424 129 89 enim
318 2424 257 89 participatio
526 2424 112 89 cum
591 2424 177 89 aliquid
719 2424 112 89 iam
783 2424 129 89 est:
864 2424 112 89 est
928 2424 145 89 autem
1024 2424 177 89 aliquid
1153 2424 112 89 cum
1217 2424 112 89 iam
1281 2424 129 89 esse
1362 2424 241 89 susceperit.
1554 2424 129 89 ergo
1635 2424 112 89 &c.
1699 2424 161 89 TERtio
1811 2424 129 89 sic.
1876 2424 80 89 vi.

171 2475 168 101 Topico.
293 2475 184 101 dicitur.
431 2475 138 101 Vnius
523 2475 107 101 rei
584 2475 153 101 tantum
691 2475 153 101 vnicum
799 2475 107 101 est
860 2475 138 101 esse.
952 2475 107 101 cum
1013 2475 123 101 ergo
1089 2475 214 101 substantia
1258 2475 214 101 quotcumque
1426 2475 92 101 in
1472 2475 92 101 se
1518 2475 153 101 habeat
1625 2475 214 101 accidentia
1794 2475 138 101 vnica
1870 2475 77 101 est

168 2527 154 88 ergo
264 2527 135 88 &c.
341 2527 192 88 QVARto
475 2527 154 88 sic.
572 2527 212 88 Boetius
725 2527 115 88 de
783 2527 212 88 vnitate
937 2527 96 88 &
975 2527 135 88 vno
1052 2527 192 88 dicit.
1187 2527 154 88 Omne
1283 2527 154 88 quod
1379 2527 135 88 est
1456 2527 154 88 ideo
1552 2527 135 88 est
1629 2527 154 88 quia
1725 2527 154 88 vnum
1802 2527 154 88 numero

170 2582 130 102 est:
251 2582 81 102 &
284 2582 98 102 ex
332 2582 244 102 separatione
527 2582 114 102 res
592 2582 244 102 destruitur:
788 2582 98 102 in
836 2582 114 102 suo
901 2582 130 102 esse
983 2582 114 102 non
1048 2582 130 102 nisi
1129 2582 195 102 vnitione
1275 2582 260 102 conseruatur,
1487 2582 146 102 quare
1584 2582 114 102 cum
1649 2582 228 102 accidentis
1828 2582 81 102 &
1844 2582 114 102 subie

171 2635 112 93 cti
235 2635 112 93 non
299 2635 112 93 sit
364 2635 129 93 nisi
444 2635 161 93 vnitio
556 2635 129 93 vna:
637 2635 145 93 sicut
733 2635 193 93 materiae
878 2635 80 93 &
910 2635 177 93 formae:
1038 2635 129 93 vnum
1119 2635 129 93 ergo
1199 2635 161 93 tantum
1311 2635 112 93 est
1376 2635 129 93 esse
1456 2635 225 93 accidentis
1633 2635 80 93 &
1665 2635 209 93 subiecti:
1809 2635 145 93 quemad-

177 2688 146 95 modum
274 2688 81 95 &
307 2688 211 95 compositi
470 2688 98 95 ex
518 2688 179 95 materia
649 2688 81 95 &
681 2688 163 95 forma.
795 2688 179 95 CONtra,
925 2688 98 95 si
974 2688 195 95 accidens
1120 2688 114 95 non
1185 2688 179 95 haberet
1316 2688 146 95 aliud
1413 2688 130 95 esse
1494 2688 244 95 existentiae
1690 2688 130 95 quam
1771 2688 211 95 subiecti:

179 2739 127 95 tunc
258 2739 364 95 transubstantiatione
575 2739 143 95 panis
670 2739 143 95 facta
765 2739 95 95 in
813 2739 158 95 corpus
924 2739 190 95 Christi,
1066 2739 111 95 non
1129 2739 174 95 maneret
1256 2739 127 95 sine
1335 2739 206 95 subiecto:
1494 2739 127 95 quia
1573 2739 111 95 non
1636 2739 174 95 maneret
1763 2739 127 95 nisi
1826 2739 127 95 haben-

173 2794 100 89 do
223 2794 184 89 aliquod
357 2794 134 89 esse
441 2794 268 89 existentiae.
659 2794 234 89 consequens
843 2794 167 89 falsum
960 2794 134 89 est:
1044 2794 134 89 quia
1127 2794 184 89 maneret
1261 2794 218 89 existendo
1428 2794 134 89 sine
1512 2794 218 89 subiecto:
1679 2794 167 89 falsum
1797 2794 117 89 est
1864 2794 134 89 ergo

177 2849 73 101 &
207 2849 132 101 anes:
294 2849 161 101 subdens
411 2849 117 101 quod
484 2849 102 101 non
543 2849 132 101 habet
630 2849 132 101 aliud
718 2849 117 101 esse
791 2849 219 101 existentiae
966 2849 88 101 ab
1010 2849 117 101 esse
1083 2849 102 101 sui
1142 2849 190 101 subiecti:
1288 2849 117 101 immo
1361 2849 132 101 habet
1449 2849 117 101 esse
1522 2849 219 101 existentiae
1697 2849 175 101 proprium
1828 2849 132 101 sibi.
1902 2849 58 101 Di

172 2903 119 91 cunt
246 2903 149 91 aliqui
350 2903 119 91 quod
425 2903 134 91 vnius
514 2903 104 91 rei
573 2903 149 91 vnicum
677 2903 104 91 est
737 2903 119 91 esse
811 2903 223 91 existentiae
989 2903 178 91 quotquot
1123 2903 149 91 formae
1227 2903 149 91 fuerit
1331 2903 89 91 in
1376 2903 104 91 eo,
1435 2903 119 91 siue
1509 2903 267 91 substantiales,
1732 2903 119 91 siue
1792 2903 163 91 accidenta

183 2958 125 96 les:
261 2958 78 96 &
293 2958 125 96 quod
370 2958 125 96 ipsa
448 2958 234 96 substantia,
635 2958 125 96 siue
713 2958 156 96 fuerit
822 2958 156 96 forma,
931 2958 125 96 siue
1009 2958 218 96 compositum
1181 2958 94 96 ex
1228 2958 171 96 materia
1352 2958 78 96 &
1383 2958 156 96 forma,
1492 2958 203 96 subsistit
1648 2958 125 96 ipsi
1726 2958 140 96 esse:
1820 2958 78 96 &
1851 2958 140 96 ipsum

178 3010 117 101 esse
252 3010 103 101 est
310 3010 132 101 illud
398 3010 88 101 in
442 3010 103 101 quo
501 3010 205 101 subsistit:
662 3010 73 101 &
691 3010 205 101 accidentia
852 3010 205 101 subsistunt
1014 3010 73 101 &
1043 3010 176 101 existunt
1175 3010 117 101 quia
1248 3010 117 101 sunt
1321 3010 88 101 in
1365 3010 205 101 existente.
1526 3010 73 101 &
1556 3010 103 101 hoc
1614 3010 132 101 totum
1702 3010 103 101 est
1761 3010 103 101 per
1819 3010 117 101 vnum
1878 3010 88 101 esse

178 3069 241 87 existentiae,
374 3069 226 87 quemadmodum
554 3069 166 87 materia
675 3069 166 87 extensa
795 3069 120 87 est:
871 3069 120 87 quia
946 3069 211 87 subiicitur
1112 3069 226 87 extensioni:
1292 3069 196 87 quantitas
1443 3069 166 87 extensa
1563 3069 105 87 est
1624 3069 120 87 quia
1699 3069 105 87 est
1744 3069 226 87 essentialiter

190 3119 138 116 ipsa
276 3119 207 116 extensio
431 3119 121 116 qua
501 3119 190 116 materia
639 3119 190 116 extensa
777 3119 138 116 est:
863 3119 138 116 alia
949 3119 138 116 vero
1036 3119 242 116 accidentia
1226 3119 86 116 &
1260 3119 173 116 formae
1381 3119 190 116 quaedam
1519 3119 294 116 substantiales
1761 3119 138 116 sunt
1830 3119 138 116 exten
