2459 3683
451 241 187 106 betur.
582 241 149 106 Hinc
675 241 168 106 dicit
787 241 205 106 Boetius
937 241 112 106 in
993 241 243 106 principio
1180 241 112 106 de
1236 241 205 106 vnitate
1385 241 93 106 &
1422 241 149 106 vno.
1516 241 187 106 Vnitas
1646 241 131 106 est
1721 241 131 106 qua
1796 241 261 106 vnaquaeque
2001 241 131 106 res
2076 241 131 106 vna
2132 241 168 106 dicitur

458 318 119 61 nec
526 318 170 61 potest
645 318 136 61 esse
730 318 119 61 vna
798 318 136 61 nisi
883 318 204 61 vnitate.
1037 318 119 61 Nec
1105 318 153 61 solum
1207 318 187 61 vnitate
1343 318 119 61 est
1411 318 136 61 vna:
1496 318 119 61 sed
1564 318 153 61 etiam
1666 318 170 61 tandiu
1785 318 119 61 est
1854 318 204 61 quicquid
2007 318 136 61 est,
2092 318 187 61 quamdiu
2228 318 102 61 in

475 377 94 60 se
522 377 157 60 vnitas
632 377 126 60 est:
711 377 110 60 cum
774 377 141 60 autem
868 377 173 60 desinit
994 377 126 60 esse
1072 377 141 60 vnum:
1167 377 173 60 desinit
1292 377 141 60 esse.
1387 377 126 60 Inde
1465 377 110 60 est
1528 377 126 60 quod
1607 377 189 60 quicquid
1748 377 110 60 est
1811 377 126 60 ideo
1889 377 110 60 est
1952 377 126 60 quia
2031 377 126 60 vnum
2109 377 126 60 est.
2188 377 79 60 &
2219 377 110 60 in-

465 427 135 68 fra.
549 427 236 68 Quapropter
735 427 101 68 si
785 427 118 68 res
852 427 185 68 vnitate
987 427 185 68 ducitur
1122 427 101 68 ad
1172 427 152 68 esse:
1273 427 84 68 &
1307 427 185 68 vnitate
1442 427 101 68 in
1492 427 135 68 illo
1576 427 135 68 esse
1660 427 253 68 custoditur.
1862 427 135 68 Vnde
1946 427 135 68 esse
2031 427 84 68 &
2064 427 135 68 esse
2149 427 135 68 vnum
2233 427 101 68 in

473 482 276 66 separabiliter
700 482 276 66 concomitantur
928 482 114 66 se,
993 482 81 66 &
1025 482 195 66 videntur
1172 482 130 66 esse
1253 482 146 66 simul
1350 482 179 66 natura.
1480 482 81 66 &
1513 482 114 66 hoc
1578 482 211 66 intantum,
1740 482 130 66 quod
1822 482 114 66 vbi
1887 482 114 66 est
1952 482 146 66 maior
2049 482 179 66 vnitas,
2179 482 81 66 &
2212 482 114 66 ma-

479 540 121 60 ior
548 540 207 60 entitas:
703 540 86 60 &
737 540 241 60 econuerso:
927 540 86 60 &
961 540 121 60 vbi
1030 540 121 60 est
1099 540 155 60 minus
1203 540 103 60 de
1254 540 207 60 vnitate:
1409 540 86 60 &
1444 540 155 60 minus
1547 540 103 60 de
1599 540 224 60 entitate,
1771 540 86 60 &
1806 540 241 60 econuerso:
1995 540 86 60 &
2030 540 138 60 quod
2116 540 172 60 verius
2219 540 52 60 &

483 597 237 62 perfectius
670 597 119 62 est
737 597 153 62 vnum,
839 597 204 62 veriorem
992 597 85 62 &
1026 597 271 62 perfectiorem
1246 597 187 62 habendo
1382 597 221 62 vnitatem:
1552 597 170 62 verius
1670 597 85 62 &
1704 597 237 62 perfectius
1891 597 119 62 est
1959 597 119 62 ens
2027 597 204 62 veriorem
2179 597 85 62 &
2196 597 102 62 per-

484 646 208 68 fectiorem
644 646 176 68 habendo
772 646 224 68 entitatis:
949 646 128 68 siue
1029 646 160 68 verius
1141 646 80 68 &
1173 646 224 68 perfectius
1349 646 128 68 esse
1430 646 192 68 secundum
1574 646 224 68 quencumque
1750 646 144 68 modum
1846 646 144 68 esse.
1942 646 144 68 Quare
2039 646 112 68 cum
2103 646 224 68 quaecunque

486 700 98 61 in
535 700 147 61 eodem
632 700 195 61 existunt
779 700 244 61 differentia
974 700 114 61 per
1039 700 228 61 essentiam,
1218 700 195 61 proprias
1365 700 195 61 vnitates
1511 700 163 61 habent
1625 700 114 61 sub
1691 700 179 61 vnitate
1821 700 179 61 totius:
1951 700 114 61 nec
2016 700 179 61 propter
2130 700 163 61 vnitatem

486 753 165 71 totius
601 753 198 71 amittunt
749 753 198 71 proprias
898 753 214 71 vnitates:
1063 753 115 71 sic
1129 753 132 71 ergo
1211 753 82 71 &
1244 753 165 71 habent
1360 753 181 71 propria
1492 753 132 71 esse
1574 753 115 71 sub
1640 753 132 71 esse
1723 753 181 71 totius:
1855 753 115 71 nec
1921 753 132 71 ipsa
2003 753 82 71 a
2036 753 181 71 mittunt
2152 753 148 71 propter

486 807 138 68 esse
572 807 190 68 totius.
710 807 138 68 immo
797 807 156 68 magis
901 807 121 68 per
970 807 207 68 vnitates
1125 807 86 68 &
1160 807 138 68 esse
1246 807 207 68 propria,
1402 807 138 68 quas
1488 807 173 68 habent
1609 807 225 68 manentes:
1782 807 121 68 sed
1852 807 121 68 non
1921 807 138 68 nisi
2007 807 225 68 effectiue
2180 807 86 68 a
2197 807 104 68 pri.

489 871 111 66 ma
544 871 203 66 vnitate
691 871 92 66 &
728 871 166 66 primo
839 871 166 66 esse,
949 871 203 66 causant
1097 871 147 66 esse
1189 871 92 66 &
1225 871 221 66 vnitatem
1391 871 203 66 totius.
1539 871 203 66 dicente
1686 871 184 66 Boetio
1815 871 203 66 ibidem.
1962 871 147 66 Omne
2055 871 147 66 esse
2147 871 92 66 a
2165 871 129 66 forma

492 906 121 66 est
561 906 104 66 in
613 906 191 66 creatis
752 906 121 66 cum
821 906 156 66 vnita
925 906 121 66 est
995 906 226 66 materiae.
1168 906 139 66 Vnde
1255 906 243 66 philosophi
1446 906 121 66 sic
1515 906 243 66 describunt
1706 906 156 66 illud
1810 906 226 66 dicentes:
1984 906 139 66 Esse
2070 906 121 66 est
2123 906 173 66 existen-

484 966 123 73 tia
555 966 176 73 formae
678 966 123 73 cum
749 966 212 73 materia.
907 966 123 73 Cum
978 966 159 73 autem
1084 966 159 73 forma
1189 966 212 73 materiae
1348 966 194 73 vnitur:
1489 966 247 73 necessario
1683 966 106 73 ex
1736 966 282 73 coniunctione
1965 966 229 73 vtriusque
2141 966 194 73 aliquod

496 1023 128 70 vnum
576 1023 272 70 constituitur.
800 1023 80 70 &
832 1023 160 70 infra.
944 1023 144 70 Forma
1040 1023 160 70 igitur
1152 1023 192 70 existens
1296 1023 96 70 in
1344 1023 192 70 materia:
1487 1023 128 70 quae
1567 1023 192 70 perficit
1711 1023 80 70 &
1743 1023 192 70 custodit
1887 1023 272 70 vniuscuiusque
2111 1023 224 70 essentiam:

500 1080 172 65 vnitas
620 1080 155 65 autem
723 1080 120 65 est
792 1080 241 65 descendens
981 1080 86 65 a
1015 1080 155 65 prima
1118 1080 189 65 vnitate
1256 1080 137 65 quae
1342 1080 189 65 creauit
1479 1080 137 65 eam.
1565 1080 137 65 Ecce
1651 1080 155 65 plane
1754 1080 137 65 quod
1840 1080 155 65 forma
1943 1080 155 65 etiam
2046 1080 206 65 existens
2201 1080 103 65 in
2235 1080 69 65 ma

492 1124 159 79 teria
598 1124 283 79 constituendo
828 1124 247 79 compositum
1022 1124 177 79 vnitas
1146 1124 124 79 est
1216 1124 194 79 vnitate
1358 1124 141 79 quam
1446 1124 194 79 accepit
1587 1124 88 79 a
1622 1124 124 79 deo
1693 1124 177 79 quando
1817 1124 194 79 creauit
1958 1124 141 79 eam:
2046 1124 88 79 &
2081 1124 124 79 hoc
2134 1124 177 79 secundum

505 1187 150 66 modum
605 1187 234 66 praedictae
789 1187 334 66 participationis.
1073 1187 117 66 Cum
1139 1187 133 66 ergo
1223 1187 100 66 in
1273 1187 150 66 rebus
1373 1187 150 66 essee
1473 1187 83 66 &
1506 1187 133 66 vnum
1590 1187 133 66 sint
1673 1187 184 66 eiusdem
1807 1187 217 66 rationis:
1973 1187 150 66 sicut
2073 1187 167 66 nullus
2174 1187 133 66 potest

502 1233 170 67 dicere
621 1233 136 67 quod
706 1233 102 67 in
757 1233 119 67 vno
825 1233 221 67 composito
995 1233 102 67 ex
1046 1233 204 67 pluribus
1199 1233 119 67 non
1267 1233 119 67 sit
1335 1233 136 67 alia
1421 1233 170 67 vnitas
1540 1233 136 67 quam
1625 1233 119 67 vna
1693 1233 136 67 quae
1778 1233 119 67 est
1846 1233 170 67 totius
1965 1233 221 67 compositi
2135 1233 102 67 ex
2169 1233 136 67 pluri-

503 1286 135 70 bus:
587 1286 135 70 immo
671 1286 185 70 materia
806 1286 84 70 &
840 1286 151 70 forma
941 1286 84 70 &
974 1286 236 70 quaecumque
1160 1286 135 70 sunt
1244 1286 101 70 in
1294 1286 151 70 illo,
1395 1286 118 70 sub
1462 1286 185 70 vnitate
1597 1286 168 70 illius
1715 1286 202 70 retinent
1866 1286 151 70 suas,
1967 1286 202 70 proprias
2119 1286 219 70 vnitates:

501 1346 84 68 &
535 1346 117 68 per
602 1346 200 68 vnitatem
752 1346 134 68 eius
835 1346 134 68 quod
919 1346 117 68 est
986 1346 184 68 formale
1119 1346 84 68 &
1153 1346 234 68 principale
1336 1346 100 68 in
1386 1346 150 68 illo,
1487 1346 184 68 causant
1620 1346 200 68 vnitatem
1771 1346 184 68 totius:
1904 1346 117 68 sic
1971 1346 167 68 nuilus
2088 1346 167 68 potest
2188 1346 117 68 dice-

497 1406 104 61 re
549 1406 139 61 quod
636 1406 104 61 in
688 1406 122 61 vno
757 1406 226 61 composito
931 1406 104 61 ex
983 1406 209 61 pluribus
1140 1406 122 61 non
1210 1406 122 61 sit
1279 1406 156 61 aliud
1383 1406 139 61 esse
1470 1406 139 61 quam
1557 1406 139 61 vnum
1644 1406 139 61 quod
1731 1406 122 61 est
1801 1406 191 61 totius.
1940 1406 139 61 immo
2027 1406 191 61 materia
2166 1406 87 61 &
2183 1406 122 61 forma

502 1451 84 60 &
536 1451 235 60 quaecumque
721 1451 134 60 sunt
805 1451 101 60 in
855 1451 151 60 illo,
956 1451 118 60 sub
1023 1451 134 60 esse
1107 1451 168 60 illius
1225 1451 202 60 retinent
1376 1451 118 60 sua
1443 1451 185 60 propria
1578 1451 151 60 esse:
1678 1451 84 60 &
1712 1451 118 60 per
1779 1451 134 60 esse
1863 1451 202 60 formalis
2015 1451 84 60 &
2048 1451 252 60 principalis
2250 1451 101 60 in

503 1501 162 71 illo,
611 1501 198 71 causant
755 1501 216 71 vnitatem
917 1501 198 71 totius.
1061 1501 108 71 Et
1115 1501 108 71 vt
1169 1501 162 71 istud
1277 1501 144 71 idem
1367 1501 252 71 applicemus
1565 1501 108 71 ad
1619 1501 324 71 confirmationam
1889 1501 216 71 dictorum
2051 1501 108 71 in
2087 1501 234 71 praecedenti

509 1568 248 54 quaestione:
708 1568 149 54 sicut
808 1568 166 54 nullus
924 1568 166 54 potest
1040 1568 166 54 dicere
1155 1568 133 54 quod
1238 1568 166 54 vnitas
1354 1568 232 54 quaecumque
1536 1568 99 54 in
1586 1568 149 54 rebus
1686 1568 116 54 est
1752 1568 182 54 aliquid
1884 1568 182 54 additum
2017 1568 99 54 ei
2067 1568 149 54 cuius
2166 1568 133 54 est:
2232 1568 83 54 aut

509 1621 148 61 illis
607 1621 99 61 ex
656 1621 164 61 quibus
771 1621 246 61 componitur:
968 1621 99 61 vt
1018 1621 131 61 enim
1100 1621 148 61 dicit
1198 1621 181 61 Commen.
1330 1621 164 61 super.
1445 1621 148 61 iiii.
1543 1621 263 61 metaphysicae
1757 1621 230 61 substantia
1937 1621 230 61 cuiuslibet
2118 1621 115 61 rei
2184 1621 115 61 est
2233 1621 82 61 vna

509 1675 114 64 per
574 1675 114 64 se:
639 1675 114 64 non
704 1675 195 64 secundum
850 1675 114 64 rem
915 1675 179 64 additam
1045 1675 146 64 illi:
1143 1675 114 64 Sic
1208 1675 163 64 nullus
1322 1675 163 64 potest
1436 1675 163 64 dicere
1550 1675 130 64 quod
1631 1675 179 64 entitas
1761 1675 130 64 siue
1842 1675 130 64 esse
1924 1675 228 64 quodcunque
2103 1675 98 64 in
2151 1675 146 64 rebus
2233 1675 81 64 sit

513 1716 196 77 aliquid
656 1716 196 77 additum
799 1716 125 77 rei
870 1716 161 77 cuius
978 1716 125 77 est
1049 1716 125 77 aut
1120 1716 161 77 illis
1228 1716 107 77 ex
1281 1716 179 77 quibus
1406 1716 268 77 componitur.
1620 1716 107 77 Et
1674 1716 161 77 causa
1781 1716 268 77 deceptionis
1996 1716 89 77 &
2031 1716 196 77 erroris
2174 1716 107 77 in
2228 1716 125 77 hoc

516 1781 124 63 est,
593 1781 93 63 vt
639 1781 139 63 dicit
732 1781 232 63 philosophus
918 1781 93 63 in
964 1781 139 63 fine.
1057 1781 139 63 viii.
1150 1781 248 63 metaphysicae
1351 1781 124 63 quod
1429 1781 155 63 ponunt
1537 1781 108 63 rem
1599 1781 108 63 cum
1661 1781 108 63 est
1723 1781 93 63 in
1769 1781 124 63 actu
1847 1781 186 63 diuersam
1986 1781 77 63 a
2017 1781 155 63 seipsa
2125 1781 155 63 quando
2218 1781 93 63 fuit

510 1824 99 70 in
559 1824 214 70 potentia.
723 1824 115 70 Sed
789 1824 99 70 vt
838 1824 148 70 dicit
937 1824 115 70 ibi
1003 1824 181 70 Commen.
1134 1824 99 70 in
1184 1824 115 70 rei
1249 1824 197 70 veritate
1397 1824 115 70 est
1463 1824 148 70 vnum.
1562 1824 148 70 illud
1660 1824 132 70 enim
1743 1824 132 70 quod
1825 1824 132 70 fuit
1907 1824 99 70 in
1956 1824 197 70 potentia
2104 1824 115 70 est
2170 1824 99 70 in
2203 1824 115 70 actu.

515 1892 86 56 &
549 1892 103 56 vt
601 1892 155 56 dicit
704 1892 276 56 philosophus,
928 1892 121 56 non
997 1892 155 56 habet
1100 1892 103 56 in
1152 1892 121 56 hoc
1221 1892 155 56 aliam
1324 1892 172 56 causam
1445 1892 172 56 omnino
1565 1892 189 56 praeter
1703 1892 189 56 motorem
1841 1892 258 56 producentem
2047 1892 121 56 rem
2116 1892 103 56 de
2151 1892 172 56 potentia

519 1932 98 72 in
568 1932 163 72 actum.
682 1932 82 72 &
715 1932 114 72 sic
780 1932 98 72 si
829 1932 114 72 non
895 1932 147 72 habet
993 1932 114 72 res
1058 1932 147 72 aliam
1156 1932 163 72 causam
1271 1932 131 72 suae
1352 1932 196 72 vnitatis
1500 1932 82 72 &
1532 1932 114 72 sui
1598 1932 131 72 esse
1679 1932 98 72 in
1728 1932 131 72 actu
1810 1932 262 72 existentiae,
2023 1932 114 72 non
2088 1932 114 72 est
2154 1932 131 72 esse
2235 1932 114 72 ad-

519 2000 138 54 ditum
610 2000 199 54 essentiae
763 2000 107 54 vel
825 2000 122 54 vnum
901 2000 92 54 re
947 2000 199 54 differens
1100 2000 92 54 ab
1146 2000 138 54 illa:
1237 2000 122 54 quia
1314 2000 138 54 illud
1406 2000 138 54 esset
1497 2000 122 54 alia
1574 2000 153 54 cause.
1681 2000 183 54 scilicet
1818 2000 199 54 formalis:
1971 2000 138 54 sicut
2063 2000 153 54 albedo
2170 2000 138 54 esset
2247 2000 76 54 cau

508 2040 106 65 sa
561 2040 194 65 essendi
702 2040 176 65 album,
825 2040 194 65 praeter
966 2040 211 65 motorem.
1125 2040 123 65 Sic
1195 2040 141 65 ergo
1283 2040 158 65 nullo
1389 2040 141 65 modo
1477 2040 211 65 tenendum
1635 2040 123 65 est
1706 2040 141 65 quod
1794 2040 106 65 in
1847 2040 123 65 vno
1917 2040 123 65 non
1987 2040 123 65 sit
2058 2040 141 65 nisi
2146 2040 176 65 vnicum
2252 2040 70 65 es

520 2096 114 68 se:
585 2096 131 68 nisi
667 2096 114 68 hoc
732 2096 131 68 inte
814 2096 196 68 lligatur
961 2096 98 68 de
1010 2096 131 68 esse
1092 2096 213 68 suppositi
1255 2096 131 68 siue
1337 2096 294 68 subsistentiae.
1582 2096 131 68 tale
1664 2096 131 68 enim
1746 2096 131 68 esse
1828 2096 114 68 est
1893 2096 163 68 vnicum
2007 2096 114 68 quo
2073 2096 114 68 per
2138 2096 98 68 se
2187 2096 82 68 &
2204 2096 114 68 primo

518 2159 240 65 subsistit
702 2159 92 65 &
739 2159 203 65 existit
886 2159 166 65 ipsum
997 2159 166 65 totum
1108 2159 240 65 continens
1292 2159 111 65 in
1348 2159 111 65 se
1403 2159 184 65 plura:
1532 2159 92 65 &
1569 2159 129 65 quo
1643 2159 258 65 subsistunt
1845 2159 92 65 &
1882 2159 221 65 existunt
2048 2159 203 65 materia
2196 2159 92 65 &
2214 2159 111 65 for-

522 2203 103 73 ma
573 2203 291 73 substantialis
813 2203 137 73 siue
899 2203 120 73 vna
968 2203 137 73 siue
1053 2203 189 73 plures:
1190 2203 137 73 quia
1276 2203 137 73 sunt
1362 2203 189 73 aliquid
1499 2203 274 73 subsistentis
1722 2203 86 73 &
1756 2203 257 73 existentis:
1962 2203 120 73 quo
2031 2203 154 73 etiam
2116 2203 206 73 subsistunt

528 2262 88 69 &
564 2262 211 69 existunt
722 2262 246 69 accidentia
915 2262 158 69 eius,
1021 2262 141 69 quia
1109 2262 141 69 sunt
1197 2262 106 69 in
1250 2262 229 69 existente
1426 2262 88 69 &
1461 2262 282 69 subsistente:
1690 2262 123 69 non
1760 2262 123 69 per
1830 2262 211 69 additum:
1989 2262 211 69 secundum
2147 2262 141 69 quod
2217 2262 106 69 ille

526 2312 149 75 dicit
626 2312 132 75 quod
709 2312 132 75 esse
791 2312 116 75 sit
857 2312 182 75 aliquid
990 2312 182 75 additum
1122 2312 215 75 existenti
1288 2312 99 75 re
1337 2312 199 75 diuersum
1486 2312 99 75 ab
1536 2312 116 75 eo.
1602 2312 132 75 Quod
1685 2312 199 75 explicat
1834 2312 199 75 dicendo:
1983 2312 132 75 quod
2066 2312 132 75 quae
2132 2312 182 75 diuersimo

528 2370 111 65 de
583 2370 241 65 fundantur
768 2370 111 65 in
824 2370 259 65 existente:
1027 2370 278 65 diuersimode
1249 2370 222 65 dicuntur
1416 2370 241 65 existere:
1601 2370 167 65 sicut
1712 2370 93 65 &
1749 2370 148 65 quae
1841 2370 278 65 diuersimode
2063 2370 241 65 fundantur
2248 2370 111 65 in

530 2425 161 63 ente:
638 2425 269 63 diuersimode
852 2425 215 63 dicuntur
1014 2425 143 63 esse
1103 2425 125 63 &c.
1175 2425 107 63 vt
1229 2425 179 63 supra.
1354 2425 143 63 Vnde
1443 2425 143 63 nisi
1533 2425 197 63 poneret
1676 2425 143 63 esse
1766 2425 269 63 existentiae
1981 2425 197 63 aliquid
2124 2425 197 63 additum
2249 2425 72 63 re

535 2474 248 67 differens:
730 2474 124 67 non
801 2474 177 67 posset
925 2474 177 67 ponere
1049 2474 142 67 idem
1137 2474 142 67 esse
1226 2474 106 67 in
1279 2474 124 67 vno
1350 2474 195 67 habente
1492 2474 106 67 in
1545 2474 106 67 se
1598 2474 177 67 plura:
1722 2474 142 67 nisi
1810 2474 195 67 ponendo
1952 2474 142 67 quod
2041 2474 106 67 in
2094 2474 159 67 eodem
2200 2474 159 67 solum

539 2533 178 63 vltima
664 2533 160 63 forma
771 2533 125 63 vel
842 2533 178 63 vltima
966 2533 267 63 differentia
1180 2533 125 63 dat
1251 2533 160 63 totum
1358 2533 142 63 esse
1447 2533 285 63 existentiae.
1678 2533 107 63 In
1732 2533 214 63 quolibet
1892 2533 142 63 enim
1981 2533 196 63 habente
2123 2533 107 63 in
2177 2533 107 63 se
2212 2533 125 63 plura

536 2587 149 63 dicit
636 2587 149 63 illud
735 2587 132 63 esse
818 2587 248 63 existentiae
1016 2587 132 63 fore
1099 2587 182 63 additum
1232 2587 99 63 vt
1281 2587 99 63 re
1331 2587 215 63 differens
1496 2587 99 63 ab
1546 2587 99 63 eo
1596 2587 149 63 cuius
1695 2587 132 63 est.
1778 2587 132 63 Quod
1861 2587 99 63 si
1910 2587 116 63 ita
1976 2587 166 63 esset:
2092 2587 116 63 non
2142 2587 182 63 oporteret

536 2634 163 75 ipsum
645 2634 272 75 plurificare
862 2634 217 75 secundum
1025 2634 290 75 pluralitatem
1260 2634 163 75 eorum
1369 2634 145 75 quae
1460 2634 145 75 ipso
1550 2634 272 75 diuersimode
1768 2634 290 75 participant.
2003 2634 127 75 Sed
2075 2634 199 75 ponendo
2220 2634 145 75 quod

535 2697 151 62 esse
629 2697 169 62 nullo
742 2697 151 62 modo
836 2697 132 62 sit
912 2697 207 62 aliquid
1062 2697 226 62 additum:
1232 2697 132 62 sed
1307 2697 132 62 est
1383 2697 151 62 idem
1477 2697 132 62 cum
1552 2697 226 62 essentia
1721 2697 132 62 rei
1797 2697 226 62 secundum
1966 2697 264 62 praetactum
2173 2697 188 62 modum:

539 2743 179 71 necesse
669 2743 114 71 est
734 2743 130 71 omne
815 2743 130 71 esse
896 2743 244 71 plurificari
1091 2743 97 71 in
1140 2743 162 71 eodim:
1254 2743 130 71 siue
1335 2743 211 71 essentiae
1497 2743 130 71 siue
1579 2743 260 71 existentiae.
1790 2743 179 71 praeter
1920 2743 146 71 illud
2017 2743 130 71 quod
2099 2743 114 71 est
2147 2743 179 71 subsisten

545 2796 147 63 tiae,
643 2796 131 63 siue
725 2796 98 63 in
774 2796 131 63 ipsa
856 2796 115 63 rei
921 2796 197 63 essentia
1069 2796 131 63 apud
1151 2796 262 63 intellectum:
1364 2796 131 63 siue
1446 2796 98 63 in
1495 2796 131 63 ipsa
1577 2796 229 63 existentia
1757 2796 164 63 extra,
1871 2796 98 63 vt
1921 2796 164 63 dictum
2035 2796 131 63 est.
2117 2796 82 63 &
2150 2796 115 63 sic
2215 2796 147 63 deter

543 2849 204 74 minatio
692 2849 278 74 quaestionis
914 2849 167 74 huius
1025 2849 185 74 multum
1155 2849 222 74 dependet
1322 2849 93 74 a
1359 2849 333 74 determinatione
1637 2849 278 74 quaestionis
1859 2849 315 74 praecedentis.
2118 2849 148 74 Quia
2192 2849 130 74 autem

545 2909 144 64 omne
635 2909 162 64 aliud
743 2909 144 64 esse
832 2909 108 64 in
886 2909 198 64 habente
1030 2909 108 64 in
1084 2909 108 64 se
1138 2909 162 64 plura
1245 2909 269 64 differentia
1461 2909 126 64 re,
1533 2909 287 64 plurificatur
1766 2909 216 64 secundum
1928 2909 162 64 eorum
2018 2909 305 64 plurificationem

537 2955 136 71 siue
622 2955 170 71 fuerit
741 2955 221 71 essentiae
912 2955 136 71 siue
997 2955 255 71 existentiae
1201 2955 272 71 simpliciter:
1422 2955 119 71 hoc
1491 2955 153 71 plane
1593 2955 153 71 patet
1695 2955 102 71 de
1746 2955 272 71 accidentibus
1967 2955 136 71 quae
2053 2955 187 71 fuerunt
2189 2955 102 71 in
2240 2955 119 71 sub

536 3013 194 66 stantia
678 3013 177 66 panis:
801 3013 88 66 &
837 3013 177 66 manent
960 3013 106 66 in
1013 3013 141 66 ipso
1102 3013 371 66 transubstantiato.
1420 3013 106 66 de
1473 3013 177 66 quibus
1597 3013 177 66 certum
1720 3013 124 66 est
1791 3013 141 66 quod
1879 3013 194 66 aliquod
2021 3013 141 66 esse
2109 3013 194 66 habent.
2233 3013 88 66 vn-

543 3061 123 74 de
604 3061 246 74 acceptum
788 3061 143 74 est
870 3061 287 74 argumentum
1096 3061 246 74 vltimum,
1280 3061 246 74 secundum
1464 3061 143 74 hoc
1546 3061 328 74 concedendum.
1813 3061 143 74 SED
1895 3061 246 74 vlterius
2079 3061 287 74 distinguo:

541 3117 118 86 aut
609 3117 135 86 ergo
693 3117 202 86 habebant
845 3117 135 86 idem
929 3117 135 86 esse
1013 3117 152 86 prius
1115 3117 101 86 in
1165 3117 236 86 substantia
1351 3117 169 86 panis,
1469 3117 84 86 &
1503 3117 118 86 sic
1570 3117 152 86 habeo
1671 3117 253 86 propositum:
1874 3117 135 86 aut,
1958 3117 135 86 non:
2042 3117 84 86 &
2076 3117 118 86 sic
2143 3117 152 86 illud
2228 3117 101 86 esse
