2431 3691
456 216 126 91 sic
528 216 324 91 contradictoria
798 216 216 91 implicat
959 216 126 91 qui
1031 216 162 91 dicit
1139 216 180 91 formam
1265 216 216 91 existere
1427 216 108 91 in
1481 216 216 91 materia:
1643 216 90 91 &
1679 216 252 91 compositum
1876 216 126 91 per
1948 216 126 91 eam
2020 216 126 91 non
2074 216 108 91 esse

466 297 126 59 aut
538 297 126 59 non
610 297 233 59 existere.
789 297 126 59 Non
861 297 179 59 restat
986 297 143 59 ergo
1076 297 143 59 nisi
1166 297 251 59 respondere
1363 297 108 59 ad
1417 297 215 59 secundum
1578 297 251 59 argumentum
1775 297 126 59 quo
1847 297 215 59 dicitur.
2009 297 108 59 Si
2045 297 143 59 essent

463 355 154 59 plura
566 355 137 59 esse
652 355 154 59 simul
755 355 103 59 in
806 355 172 59 eodem:
926 355 120 59 per
995 355 189 59 ordinem
1132 355 103 59 se
1184 355 223 59 haberent:
1355 355 86 59 &
1390 355 137 59 vnum
1475 355 154 59 eorum
1578 355 154 59 esset
1681 355 240 59 perfectius
1870 355 189 59 altero,
2007 355 137 59 quod
2076 355 103 59 bene

465 409 154 57 verum
567 409 137 57 est:
653 409 120 57 non
721 409 154 57 tamen
824 409 102 57 ex
875 409 120 57 hoc
943 409 205 57 sequitur
1097 409 102 57 vt
1148 409 222 57 concludit
1319 409 137 57 quod
1404 409 137 57 vnum
1490 409 273 57 participaret
1712 409 188 57 altero:
1848 409 137 57 quia
1934 409 154 57 nihil
2036 409 137 57 esse
2105 409 85 57 par

462 456 175 55 ticipat
589 456 127 55 nisi
669 456 95 55 id
716 456 95 55 in
764 456 111 55 quo
828 456 207 55 fundatur,
986 456 127 55 quid
1066 456 111 55 est
1129 456 191 55 essentia
1272 456 127 55 rei.
1352 456 111 55 Cum
1415 456 127 55 ergo
1495 456 127 55 vnum
1574 456 127 55 esse
1654 456 111 55 non
1717 456 191 55 fundatur
1860 456 95 55 in
1908 456 175 55 altero:
2035 456 111 55 sed
2099 456 127 55 quod

452 505 153 59 libet
554 505 102 59 in
605 505 204 59 essentia
758 505 136 59 sibi
842 505 221 59 subiecta:
1012 505 102 59 vt
1063 505 153 59 patet
1165 505 102 59 ex
1216 505 356 59 praedeterminatis:
1521 505 153 59 nullo
1623 505 136 59 modo
1708 505 102 59 ex
1759 505 221 59 positione
1928 505 136 59 quae
2013 505 153 59 ponit
2098 505 102 59 plu-

455 564 90 66 ra
500 564 121 66 esse
576 564 90 66 in
621 564 151 66 eodem,
726 564 181 66 sequitur
862 564 121 66 quod
937 564 136 66 ipsum
1028 564 121 66 esse
1103 564 151 66 aliquo
1209 564 226 66 participet.
1390 564 106 66 Vel
1450 564 151 66 aliter
1556 564 196 66 dicendum:
1706 564 121 66 quod
1782 564 136 66 licet
1872 564 121 66 esse
1948 564 181 66 secundum
2083 564 90 66 se
2129 564 106 66 non

459 616 249 66 participet
655 616 196 66 aliquo:
797 616 160 66 tamen
904 616 107 66 vt
958 616 214 66 secundum
1118 616 160 66 illos
1225 616 107 66 ex
1278 616 142 66 esse
1367 616 89 66 &
1403 616 214 66 essentia
1563 616 125 66 sit
1634 616 142 66 vnum
1723 616 267 66 compositum:
1937 616 160 66 illud
2026 616 178 66 composi-

454 669 115 81 tum
519 669 231 81 participat
701 669 132 81 esse
783 669 198 81 secundo:
932 669 82 81 &
965 669 115 81 sic
1031 669 99 81 in
1080 669 132 81 illo
1163 669 214 81 composito
1328 669 231 81 participat
1509 669 99 81 eo
1559 669 132 81 esse
1641 669 148 81 illud
1740 669 181 81 primum,
1872 669 132 81 quod
1955 669 165 81 nuilum
2070 669 115 81 est
2136 669 99 81 in

432 723 280 60 conueniens.

788 780 132 62 lrca
871 780 182 62 tertium
1004 780 215 62 arguitur:
1169 780 132 62 quod
1252 780 215 62 subiectum
1417 780 116 62 non
1484 780 166 62 potest
1600 780 132 62 esse
1682 780 149 62 causa
1782 780 232 62 accidentis
1964 780 232 62 existentis
2146 780 99 62 in

794 835 107 74 eo,
855 835 123 74 sic.
932 835 123 74 Quod
1008 835 107 74 est
1069 835 92 74 in
1115 835 184 74 potentia
1253 835 92 74 ad
1299 835 184 74 aliquid,
1437 835 92 74 eo
1483 835 123 74 quod
1559 835 199 74 inquantum
1713 835 199 74 huiusmodi
1866 835 107 74 est
1927 835 107 74 non
1988 835 123 74 ens,
2065 835 138 74 illud
2141 835 77 74 non

803 895 170 59 potest
922 895 136 59 esse
1007 895 153 59 causa
1109 895 102 59 vt
1160 895 204 59 secundum
1313 895 153 59 actum
1415 895 119 59 sit
1483 895 170 59 illud:
1601 895 153 59 sicut
1703 895 119 59 non
1771 895 119 59 ens
1839 895 119 59 non
1907 895 170 59 potest
2026 895 136 59 esse
2094 895 119 59 causa

805 941 138 78 suae
891 941 241 78 entitatis.
1081 941 224 78 subiectum
1253 941 103 78 ex
1305 941 103 78 se
1356 941 155 78 solum
1460 941 121 78 est
1529 941 103 78 in
1580 941 207 78 potentia
1735 941 103 78 ad
1787 941 138 78 suum
1873 941 224 78 accidens.
2046 941 138 78 ergo
2132 941 121 78 non

800 1009 152 67 potest
906 1009 122 67 esse
982 1009 137 67 causa
1073 1009 91 67 vt
1119 1009 182 67 secundum
1256 1009 137 67 actum
1347 1009 106 67 sit
1408 1009 152 67 illud.
1514 1009 106 67 Sic
1575 1009 137 67 autem
1666 1009 137 67 esset
1757 1009 152 67 cauam,
1864 1009 91 67 si
1909 1009 137 67 esset
2000 1009 137 67 causa
2091 1009 106 67 sui
2137 1009 76 67 ac-

797 1064 239 58 cidentis.
981 1064 147 58 ergo
1073 1064 129 58 &c.
1146 1064 184 58 CONtra
1275 1064 147 58 est:
1367 1064 147 58 quod
1459 1064 221 58 voluntas
1624 1064 129 58 est
1698 1064 184 58 mouens
1827 1064 202 58 seipsam
1974 1064 110 58 in
2029 1064 166 58 actum
2121 1064 92 58 vo-

458 1109 165 69 lendi,
573 1109 115 69 qui
639 1109 115 69 est
704 1109 198 69 accidens
853 1109 132 69 eius
935 1109 99 69 in
984 1109 115 69 quo
1050 1109 115 69 est
1116 1109 148 69 causa
1215 1109 115 69 sui
1281 1109 148 69 actus
1379 1109 198 69 volendi.
1528 1109 132 69 ergo
1610 1109 115 69 &c.
1676 1109 198 69 DIcendum
1824 1109 132 69 quod
1906 1109 198 69 quaestio
2054 1109 132 69 ista
2137 1109 115 69 pro

463 1172 162 63 posita
576 1172 113 63 est
641 1172 97 63 de
689 1172 146 63 causa
786 1172 226 63 efficiente
964 1172 226 63 accidentis
1142 1172 259 63 generaliter:
1352 1172 113 63 sed
1417 1172 243 63 specialiter
1611 1172 178 63 propter
1740 1172 194 63 accidens
1886 1172 129 63 quod
1966 1172 113 63 est
2031 1172 129 63 ipse
2096 1172 113 63 actus

458 1222 204 59 volendi:
611 1222 187 59 quomodo
747 1222 170 59 possit
866 1222 187 59 causari
1002 1222 221 59 effectiue
1172 1222 102 59 ab
1223 1222 136 59 ipsa
1308 1222 221 59 voluntate
1478 1222 136 59 quae
1563 1222 119 59 est
1631 1222 221 59 subiectum
1801 1222 153 59 eius.
1903 1222 102 59 Et
1954 1222 119 59 est
2022 1222 153 59 ratio
2124 1222 119 59 du-

452 1271 228 64 bitationis
631 1271 98 64 in
680 1271 114 64 ea:
745 1271 114 64 cum
810 1271 212 64 subiectum
973 1271 114 64 sit
1038 1271 147 64 causa
1136 1271 228 64 materialis
1315 1271 195 64 respectu
1462 1271 228 64 accidentis
1641 1271 130 64 sui:
1722 1271 81 64 &
1755 1271 114 64 ita
1820 1271 147 64 licet
1918 1271 114 64 sit
1983 1271 98 64 in
2032 1271 147 64 actum
2113 1271 98 64 quan

443 1331 124 57 tum
514 1331 106 57 ad
567 1331 177 57 formam
691 1331 319 57 substantialem:
957 1331 159 57 tamen
1063 1331 195 57 quantum
1204 1331 124 57 est
1275 1331 106 57 ex
1328 1331 124 57 se:
1399 1331 124 57 non
1470 1331 124 57 est
1541 1331 142 57 nisi
1629 1331 106 57 in
1682 1331 212 57 potentia
1841 1331 106 57 ad
1894 1331 177 57 formam
2001 1331 212 57 accidenta-

454 1384 127 63 lem:
533 1384 79 63 &
565 1384 127 63 ideo
644 1384 222 63 necessario
818 1384 127 63 eget
897 1384 158 63 aliquo
1008 1384 206 63 existente
1166 1384 95 63 in
1214 1384 127 63 actu
1293 1384 142 63 tale,
1388 1384 142 63 quale
1483 1384 111 63 est
1546 1384 142 63 illud
1641 1384 95 63 in
1689 1384 206 63 potentia,
1847 1384 111 63 quo
1910 1384 206 63 reducatur
2069 1384 95 63 de
2100 1384 111 63 potem

447 1440 111 60 tia
511 1440 95 60 in
558 1440 159 60 actum.
670 1440 127 60 Dico
749 1440 143 60 autem
845 1440 207 60 existente
1004 1440 95 60 in
1051 1440 127 60 actu
1131 1440 143 60 tale,
1226 1440 159 60 saltem
1338 1440 175 60 virtute
1465 1440 127 60 etsi
1544 1440 111 60 non
1608 1440 239 60 formaliter:
1799 1440 239 60 quemadmodum
1989 1440 111 60 sol
2053 1440 111 60 qui
2101 1440 111 60 cali-

446 1495 120 55 dus
514 1495 120 55 est
583 1495 103 55 in
634 1495 222 55 potentia:
805 1495 154 55 facit
908 1495 188 55 calidum
1045 1495 103 55 in
1096 1495 137 55 actu
1181 1495 188 55 virtute
1318 1495 137 55 etsi
1404 1495 120 55 non
1472 1495 239 55 formaliter
1660 1495 188 55 calidus
1797 1495 137 55 est.
1883 1495 103 55 Et
1934 1495 188 55 videtur
2071 1495 137 55 mihi
2139 1495 86 55 hic

455 1549 119 68 esse
529 1549 178 68 dicendim
663 1549 119 68 quod
737 1549 178 68 secundum
871 1549 223 68 philosopum.
1049 1549 119 68 vii.
1123 1549 238 68 metaphysicae
1316 1549 89 68 vt
1361 1549 148 68 tactum
1465 1549 104 68 est
1524 1549 89 68 in
1569 1549 208 68 quaestione
1732 1549 238 68 praecedente:
1925 1549 208 68 substantia
2088 1549 104 68 est
2133 1549 89 68 cau-

443 1608 101 64 sa
494 1608 220 64 essentiae
663 1608 84 64 &
696 1608 135 64 esse
781 1608 169 64 suorum
899 1608 253 64 accidentium
1102 1608 118 64 non
1169 1608 152 64 solum
1270 1608 101 64 vt
1321 1608 236 64 materialis
1507 1608 118 64 sed
1574 1608 152 64 etiam
1676 1608 101 64 vt
1726 1608 236 64 efficiens:
1912 1608 118 64 sed
1980 1608 169 64 aliter
2098 1608 84 64 &
2115 1608 101 64 ali-

447 1658 131 65 ter.
528 1658 131 65 Quia
610 1658 131 65 enim
692 1658 114 65 est
757 1658 147 65 causa
855 1658 245 65 accidentium
1051 1658 245 65 materialis:
1248 1658 114 65 hoc
1313 1658 147 65 habet
1411 1658 82 65 a
1444 1658 98 65 se
1493 1658 82 65 &
1525 1658 163 65 natura
1640 1658 131 65 sua:
1722 1658 131 65 quod
1803 1658 131 65 vero
1885 1658 114 65 sit
1950 1658 147 65 causa
2032 1658 180 65 efficiens

447 1710 238 64 eorundem:
629 1710 128 64 hoc
703 1710 164 64 habet
812 1710 91 64 a
849 1710 238 64 generante
1031 1710 91 64 &
1068 1710 256 64 producente
1269 1710 238 64 essentiam
1452 1710 274 64 substantiae
1671 1710 110 64 in
1726 1710 164 64 esse.
1835 1710 238 64 Producens
2018 1710 146 64 enim
2091 1710 128 64 ipsam

441 1769 107 65 in
495 1769 142 65 esse
584 1769 213 65 imprimit
744 1769 107 65 ei
797 1769 213 65 virtutem
957 1769 213 65 causandi
1117 1769 231 65 effectiue
1295 1769 107 65 in
1348 1769 107 65 se
1402 1769 160 65 omnia
1508 1769 125 65 sua
1580 1769 267 65 accidentia.
1793 1769 107 65 Et
1846 1769 125 65 sic
1918 1769 196 65 videtur
2060 1769 142 65 mihi
2131 1769 89 65 hic

448 1822 140 65 esse
536 1822 316 65 distinguendum:
799 1822 193 65 dicendo
940 1822 140 65 quod
1027 1822 246 65 substantia
1220 1822 210 65 subiecta
1378 1822 228 65 accidenti
1553 1822 263 65 considerari
1764 1822 158 65 habet
1869 1822 263 65 dupliciter.
2080 1822 123 65 Vno
2132 1822 88 65 mo-

451 1876 109 57 do
505 1876 109 57 vt
560 1876 163 57 habet
668 1876 109 57 in
723 1876 109 57 se
777 1876 217 57 perfecte
940 1876 217 57 virtutem
1103 1876 199 57 agentis
1248 1876 145 57 sibi
1339 1876 236 57 influxam:
1520 1876 127 57 qua
1593 1876 163 57 natum
1701 1876 127 57 est
1774 1876 163 57 illud
1883 1876 217 57 accidens
2028 1876 199 57 producere

451 1929 108 63 de
505 1929 215 63 potentia
666 1929 108 63 ad
720 1929 179 63 actum.
845 1929 90 63 &
881 1929 125 63 sic
953 1929 125 63 est
1024 1929 108 63 in
1078 1929 108 63 se
1132 1929 161 63 summe
1239 1929 251 63 dispositum
1437 1929 90 63 &
1472 1929 108 63 in
1526 1929 215 63 potentia
1687 1929 269 63 accidentali
1902 1929 108 63 ad
1956 1929 161 63 illud
2046 1929 179 63 accidens

453 1985 151 62 Alio
547 1985 151 62 modo
642 1985 113 62 vt
698 1985 132 62 est
774 1985 207 62 aliquid
925 1985 113 62 in
981 1985 189 62 natura
1113 1985 226 62 secundum
1283 1985 132 62 se.
1358 1985 113 62 Si
1415 1985 207 62 secundo
1566 1985 170 62 modo:
1679 1985 113 62 de
1736 1985 132 62 hoc
1811 1985 189 62 membro
1943 1985 226 62 breuiter
2113 1985 113 62 me
2151 1985 75 62 ex

454 2037 158 63 pedio
560 2037 193 63 dicendo
700 2037 140 63 quod
788 2037 228 63 subiectum
963 2037 158 63 nullo
1068 2037 140 63 modo
1156 2037 123 63 est
1226 2037 158 63 causa
1331 2037 123 63 sui
1402 2037 246 63 accidentis
1595 2037 140 63 nisi
1682 2037 158 63 sicut
1788 2037 193 63 materia
1928 2037 88 63 &
1963 2037 158 63 causa
2068 2037 193 63 materia

449 2092 136 70 lis,
534 2092 220 70 existendo
703 2092 102 70 ad
754 2092 152 70 illud
856 2092 102 70 in
907 2092 203 70 potentia
1059 2092 169 70 remota
1178 2092 85 70 &
1211 2092 254 70 essentiali.
1415 2092 186 70 propter
1550 2092 136 70 quod
1635 2092 136 70 eget
1720 2092 102 70 vt
1771 2092 152 70 vadat
1872 2092 102 70 de
1923 2092 203 70 potentia
2076 2092 102 70 in
2109 2092 119 70 actum

452 2146 216 64 secundum
614 2146 162 64 illud
722 2146 216 64 accidens
884 2146 252 64 essentiali
1081 2146 288 64 transmutante
1315 2146 180 64 extra.
1441 2146 108 64 Si
1495 2146 162 64 primo
1603 2146 162 64 modo:
1711 2146 108 64 in
1765 2146 126 64 quo
1836 2146 234 64 consistit
1998 2146 234 64 difficultas

452 2202 305 63 quaestionis:
700 2202 134 63 sic
776 2202 153 63 dico
872 2202 248 63 diuidendo
1063 2202 286 63 quaestionem
1292 2202 115 63 in
1349 2202 134 63 duo
1425 2202 210 63 membra.
1578 2202 191 63 Quorum
1712 2202 191 63 primum
1845 2202 134 63 est
1922 2202 115 63 de
1979 2202 210 63 ratione
2132 2202 95 63 &
2151 2202 76 63 mo

446 2266 106 65 do
499 2266 211 65 causandi
658 2266 211 65 accidens
816 2266 141 65 quod
904 2266 123 65 iam
975 2266 123 65 est
1045 2266 141 65 actu
1134 2266 106 65 in
1186 2266 141 65 ipso
1275 2266 229 65 subiecto.
1451 2266 211 65 Secundum
1609 2266 141 65 vero
1697 2266 106 65 de
1750 2266 194 65 ratione
1891 2266 88 65 &
1926 2266 141 65 modo
2015 2266 211 65 causandi
2156 2266 70 65 ac

443 2315 179 61 cidens
568 2315 143 61 quod
658 2315 179 61 nondum
783 2315 125 61 est
854 2315 161 61 actia
961 2315 107 61 in
1015 2315 232 61 subiecto.
1194 2315 125 61 Quo
1265 2315 107 61 ad
1319 2315 179 61 primum
1444 2315 197 61 membrum
1587 2315 161 61 dico:
1694 2315 143 61 quod
1783 2315 125 61 sic
1855 2315 214 61 procedit
2016 2315 179 61 cursus
2141 2315 89 61 &
2159 2315 71 61 or

450 2364 106 74 do
503 2364 194 74 naturae
645 2364 141 74 quod
733 2364 283 74 quandocunque
963 2364 106 74 ad
1016 2364 194 74 aliquam
1157 2364 177 74 formam
1281 2364 283 74 consequuntur
1510 2364 265 74 naturaliter
1722 2364 194 74 aliquae
1864 2364 124 74 per
1934 2364 106 74 se
1970 2364 247 74 proprietates

448 2420 129 61 aut
521 2420 239 61 actiones,
705 2420 220 61 generans
870 2420 129 61 rem
944 2420 220 61 secundum
1109 2420 165 61 illam
1219 2420 184 61 formam
1348 2420 110 61 in
1403 2420 239 61 generando
1586 2420 129 61 sic
1660 2420 129 61 eam
1733 2420 165 61 summe
1844 2420 220 61 disponit
2009 2420 147 61 quod
2101 2420 147 61 quan

450 2480 122 62 tum
519 2480 122 62 est
589 2480 104 62 de
641 2480 104 62 se
693 2480 122 62 sit
763 2480 104 62 in
815 2480 209 62 potentia
972 2480 261 62 accidentali
1181 2480 104 62 ad
1233 2480 157 62 illud
1337 2480 209 62 accidens
1494 2480 87 62 &
1529 2480 104 62 ex
1581 2480 157 62 parte
1685 2480 209 62 materiae
1842 2480 87 62 &
1877 2480 104 62 ex
1929 2480 157 62 parte
2034 2480 191 62 formae.
2155 2480 70 62 Ex

451 2529 160 68 parte
558 2529 213 68 materiae
718 2529 249 68 disponendo
913 2529 160 68 ipsam
1020 2529 107 68 vt
1073 2529 124 68 sit
1145 2529 249 68 necessitas
1340 2529 107 68 ad
1393 2529 267 68 receptionem
1607 2529 178 68 illius
1731 2529 267 68 accidentis:
1945 2529 89 68 &
1980 2529 107 68 ex
2033 2529 160 68 parte
2122 2529 107 68 for-

451 2578 128 61 mae
524 2578 256 61 disponendo
725 2578 128 61 eam
799 2578 110 61 vt
854 2578 128 61 sit
927 2578 256 61 necessitas
1128 2578 110 61 ad
1183 2578 183 61 illius
1311 2578 256 61 accidentis
1513 2578 293 61 productionem
1751 2578 110 61 de
1806 2578 220 61 potentia
1971 2578 238 61 materiae.
2135 2578 92 61 Vn-

459 2627 109 72 de
513 2627 217 72 generans
676 2627 163 72 ignem
785 2627 145 72 quia
875 2627 199 72 leuitas
1020 2627 91 72 &
1056 2627 235 72 caliditas
1237 2627 145 72 sunt
1328 2627 127 72 per
1400 2627 109 72 se
1455 2627 290 72 proprietates
1690 2627 235 72 sequentes
1871 2627 181 72 formam
1998 2627 181 72 ignis:
2106 2627 127 72 simul

457 2692 210 55 disponit
615 2692 210 55 materiam
773 2692 158 55 ignis
878 2692 105 55 vt
931 2692 123 55 sit
1001 2692 245 55 necessitas
1194 2692 105 55 ad
1246 2692 263 55 recipiendum
1457 2692 228 55 leuitatem
1632 2692 88 55 &
1667 2692 280 55 caliditatem:
1895 2692 88 55 &
1930 2692 228 55 similiter
2088 2692 140 55 formam

456 2746 157 64 ignis
560 2746 105 64 vt
613 2746 122 64 sit
682 2746 244 64 necessitas
874 2746 244 64 producendi
1066 2746 157 64 illam
1171 2746 105 64 de
1223 2746 122 64 sua
1293 2746 209 64 materia.
1450 2746 105 64 Et
1503 2746 122 64 hoc
1572 2746 157 64 totum
1677 2746 209 64 procedit
1834 2746 105 64 de
1886 2746 192 64 virtute
2026 2746 192 64 agentis
2148 2746 70 64 im

461 2803 187 63 pressa
592 2803 168 63 igni:
705 2803 94 63 &
742 2803 131 63 quo
817 2803 112 63 ad
873 2803 225 63 materiam
1041 2803 94 63 &
1079 2803 131 63 quo
1154 2803 112 63 ad
1210 2803 206 63 formam:
1359 2803 94 63 &
1397 2803 150 63 ideo
1490 2803 168 63 ignis
1603 2803 187 63 statim
1734 2803 131 63 cum
1808 2803 243 63 generatus
1995 2803 131 63 est
2070 2803 131 63 quo
2145 2803 112 63 ad

448 2851 146 75 suam
539 2851 183 75 formam
667 2851 310 75 substantialem
922 2851 110 75 de
977 2851 219 75 potentia
1141 2851 219 75 materiae
1306 2851 128 75 cui
1379 2851 237 75 adhaeret,
1561 2851 237 75 immediate
1744 2851 201 75 generat
1890 2851 110 75 de
1944 2851 219 75 potentia
2109 2851 146 75 quae

450 2906 143 67 suae
540 2906 215 67 materiae
701 2906 215 67 adhaeret
862 2906 215 67 mediante
1023 2906 215 67 potentia
1184 2906 107 67 ad
1238 2906 179 67 formam
1363 2906 304 67 substantialem
1614 2906 161 67 ipsas
1722 2906 179 67 formas
1847 2906 304 67 accidentales:
2080 2906 125 67 leui-

450 2950 186 78 tatere.
586 2950 203 78 scilicet
738 2950 85 78 &
772 2950 271 78 caliditatem.
992 2950 119 78 Sed
1060 2950 136 78 quia
1145 2950 119 78 hoc
1212 2950 119 78 non
1280 2950 152 78 facit
1382 2950 136 78 nisi
1467 2950 102 78 in
1517 2950 186 78 virtute
1653 2950 237 78 generantis
1839 2950 152 78 ignem
1941 2950 203 78 secundum
2076 2950 136 78 formam

450 3010 181 63 ignis:
577 3010 145 63 ideo
667 3010 217 63 formarum
830 3010 307 63 accidentalium
1083 3010 235 63 generatio
1264 3010 271 63 attribuitur
1481 3010 235 63 generanti
1662 3010 181 63 formam
1788 3010 326 63 substantialem:
2059 3010 181 63 quando

446 3062 193 72 dicitur
586 3062 140 72 quod
673 3062 210 72 generans
831 3062 123 72 rem
901 3062 123 72 dat
971 3062 105 72 ei
1023 3062 245 72 accidentia
1216 3062 123 72 per
1286 3062 123 72 se:
1356 3062 88 72 &
1391 3062 263 72 operationem
1601 3062 175 72 illius
1723 3062 228 72 propriam.
1898 3062 263 72 attribuitur
2091 3062 123 72 autem

440 3117 176 68 formae
563 3117 281 68 substantiali
792 3117 105 68 vt
845 3117 211 68 sequelae
1003 3117 158 68 suae:
1108 3117 176 68 quando
1232 3117 193 68 dicitur
1372 3117 141 68 quod
1460 3117 176 68 formam
1583 3117 299 68 substantialem
1829 3117 229 68 generatam
2005 3117 246 68 necessario
