2398 3720
398 303 92 79 &
434 303 128 79 per
508 303 293 79 ignorantiam.
746 303 147 79 Vnde
838 303 220 79 cessante
1003 303 238 79 coactione
1186 303 183 79 libere
1315 303 110 79 de
1370 303 128 79 non
1443 303 202 79 volente
1590 303 128 79 cum
1663 303 202 79 effectu
1810 303 128 79 sit
1883 303 202 79 volens:
2030 303 92 79 &
2048 303 147 79 cessan

410 370 106 72 te
463 370 247 72 ignorantia
657 370 123 72 per
728 370 264 72 praesentiam
939 370 194 72 obiecti
1080 370 106 72 in
1133 370 247 72 cognitione
1327 370 176 72 libere
1450 370 176 72 seipsa
1574 370 106 72 de
1626 370 123 72 non
1697 370 194 72 volente
1838 370 123 72 fit
1908 370 176 72 volens
2032 370 159 72 ipsum
2120 370 88 72 bo-

409 428 131 71 num
484 428 243 71 cognitum:
671 428 94 71 &
709 428 131 71 est
784 428 187 71 mouens
915 428 131 71 non
990 428 169 71 motum
1102 428 187 71 prius:
1233 428 94 71 &
1271 428 169 71 agens
1383 428 131 71 non
1458 428 187 71 passum
1589 428 169 71 prius
1701 428 112 71 ab
1758 428 169 71 alio,
1870 428 150 71 nisi
1964 428 169 71 forte
2057 428 150 71 secun-

423 490 125 56 dum
495 490 250 56 exigentiam
691 490 143 56 suae
780 490 214 56 naturae:
941 490 107 56 vt
994 490 161 56 infra
1101 490 214 56 dicetur:
1262 490 161 56 sicut
1369 490 214 56 potentia
1530 490 268 56 simpliciter
1744 490 196 56 actiua:
1887 490 89 56 &
1922 490 161 56 primo
2030 490 196 56 actiua:
2154 490 54 56 &

408 534 198 60 secundo
552 534 216 60 passiua.
714 534 108 60 Et
768 534 126 60 hoc
840 534 270 60 dupliciter:
1056 534 126 60 sed
1128 534 180 60 ordine
1254 534 180 60 quodam
1381 534 162 60 primo
1489 534 90 60 a
1525 534 180 60 seipsa
1651 534 180 60 quando
1777 534 108 60 de
1831 534 216 60 potentia
1993 534 198 60 volente
2119 534 90 60 sit

409 580 146 77 actu
500 580 200 77 volens:
646 580 109 77 vt
700 580 182 77 dictum
828 580 146 77 est.
919 580 200 77 Secundo
1065 580 109 77 ab
1119 580 219 77 obiecto:
1283 580 182 77 quando
1411 580 109 77 ex
1465 580 200 77 obiecto
1611 580 128 77 per
1684 580 164 77 actum
1793 580 200 77 volendi
1939 580 146 77 sibi
2012 580 200 77 coniuncto

407 647 248 60 suscipit
593 647 351 60 delectationem
882 647 103 60 &
923 647 227 60 gaudium
1088 647 103 60 &
1129 647 289 60 huiusmodi.
1356 647 124 60 Et
1418 647 248 60 secundum
1604 647 144 60 hoc
1686 647 309 60 concedendum
1934 647 144 60 est
1996 647 206 60 secundum

414 687 268 79 argumentum
624 687 153 79 quod
720 687 172 79 super
835 687 134 79 hoc
911 687 153 79 erat
1007 687 249 79 fundatum.
1198 687 210 79 Quamuis
1351 687 153 79 sint
1447 687 191 79 aliqui
1581 687 230 79 dicentes
1753 687 153 79 quod
1849 687 230 79 voluntas
2002 687 210 79 simplici-

420 757 116 60 ter
487 757 183 60 passiua
620 757 133 60 est:
703 757 83 60 &
736 757 150 60 prius
836 757 183 60 passiua
969 757 133 60 quam
1052 757 183 60 actiua:
1185 757 150 60 licet
1284 757 116 60 sit
1351 757 233 60 secundario
1534 757 166 60 aliquo
1650 757 133 60 modo
1733 757 183 60 actiua:
1866 757 100 60 in
1916 757 116 60 quo
1982 757 183 60 excedit
2099 757 116 60 vires

422 799 225 69 inferiores
599 799 80 69 &
631 799 225 69 sensitiuas
807 799 80 69 &
840 799 257 69 appetitiuas:
1048 799 129 69 quae
1129 799 161 69 omnino
1241 799 129 69 sunt
1321 799 209 69 passiuae.
1482 799 129 69 Quia
1562 799 129 69 enim
1643 799 112 69 (ut
1707 799 161 69 dicunt
1819 799 177 69 aliqui)
1948 799 96 69 ex
1996 799 96 69 se
2044 799 112 69 sit
2109 799 96 69 in
2141 799 80 69 po-

419 860 169 71 tentia
537 860 185 71 aliquid
672 860 135 71 siue
756 860 101 71 ad
807 860 202 71 aliquid,
959 860 84 71 &
992 860 169 71 seipso
1110 860 135 71 fiat
1195 860 101 71 in
1245 860 135 71 actu
1329 860 152 71 illud
1431 860 152 71 nullo
1532 860 135 71 alio
1616 860 169 71 agente
1734 860 84 71 &
1768 860 185 71 mouente
1903 860 169 71 ipsum:
2021 860 118 71 hoc
2071 860 135 71 omnino

419 907 129 71 est
492 907 314 71 inconueniens.
751 907 148 71 Quod
843 907 203 71 probant
991 907 129 71 per
1065 907 240 71 rationes:
1249 907 185 71 quarum
1378 907 166 71 prima
1489 907 129 71 est
1563 907 166 71 illa,
1674 907 148 71 quae
1766 907 166 71 supra
1877 907 111 71 ad
1932 907 185 71 partem
2043 907 166 71 negati-

432 959 120 73 uam
500 959 257 73 quaestionis
706 959 120 73 est
775 959 223 73 producta.
947 959 189 73 SEcundo
1084 959 120 73 per
1152 959 137 73 hoc:
1238 959 137 73 quod
1324 959 154 73 illud
1427 959 137 73 quod
1513 959 154 73 facit
1616 959 189 73 aliquid
1753 959 103 73 in
1804 959 154 73 actum
1907 959 206 73 secundum
2062 959 189 73 aliquid

432 1026 98 66 ad
481 1026 131 66 quid
563 1026 148 66 prius
661 1026 131 66 erat
743 1026 98 66 in
792 1026 213 66 potentia:
956 1026 180 66 oportet
1087 1026 131 66 quod
1169 1026 148 66 prius
1267 1026 115 66 sit
1333 1026 98 66 in
1382 1026 148 66 actum
1480 1026 197 66 secundum
1628 1026 164 66 illud:
1743 1026 98 66 vt
1792 1026 131 66 quod
1874 1026 148 66 facit
1972 1026 148 66 aliud
2071 1026 180 66 calidum

431 1070 187 79 oportet
567 1070 136 79 quod
652 1070 102 79 in
703 1070 170 79 seipso
822 1070 119 79 sit
890 1070 204 79 calidum.
1043 1070 204 79 Voluntas
1196 1070 136 79 ergo
1281 1070 102 79 si
1332 1070 187 79 seipsam
1468 1070 102 79 de
1519 1070 204 79 potentia
1672 1070 187 79 faceret
1808 1070 102 79 in
1859 1070 153 79 actum
1961 1070 204 79 volendi:
2097 1070 119 79 prius

429 1129 161 64 vellet
542 1129 193 64 antequam
686 1129 113 64 hoc
751 1129 193 64 faceret.
896 1129 161 64 TERtio
1008 1129 113 64 per
1073 1129 129 64 hoc:
1153 1129 129 64 quod
1233 1129 97 64 si
1282 1129 177 64 aliquid
1410 1129 113 64 ens
1475 1129 97 64 in
1523 1129 209 64 potentia,
1684 1129 177 64 aliquid
1813 1129 177 64 seipsum
1941 1129 177 64 faceret
2070 1129 97 64 in
2102 1129 113 64 actum

432 1181 206 61 secundum
586 1181 137 61 quod
672 1181 120 61 est
740 1181 103 61 in
792 1181 137 61 actu
877 1181 154 61 esset
980 1181 223 61 causatum:
1152 1181 86 61 &
1186 1181 206 61 secundum
1340 1181 137 61 quod
1426 1181 103 61 in
1477 1181 206 61 potentia
1631 1181 154 61 esset
1734 1181 171 61 causa:
1854 1181 86 61 &
1888 1181 120 61 ita
1957 1181 206 61 effectus
2094 1181 120 61 esset

432 1232 223 74 perfectior
608 1232 112 74 sua
671 1232 160 74 causa.
783 1232 160 74 Elsdem
895 1232 144 74 etiam
991 1232 176 74 videtur
1118 1232 128 74 quod
1198 1232 144 74 modus
1294 1232 176 74 ponendi
1422 1232 223 74 praetactus
1597 1232 112 74 non
1661 1232 112 74 est
1725 1232 239 74 conueniens:
1917 1232 192 74 scilicet
2060 1232 128 74 quod
2140 1232 96 74 in

433 1293 197 60 voluntate
584 1293 106 60 sit
645 1293 167 60 aliquid
766 1293 167 60 mouens,
887 1293 76 60 &
917 1293 167 60 aliquid
1038 1293 151 60 motum:
1144 1293 76 60 &
1175 1293 167 60 aliquid
1296 1293 227 60 potentiale:
1477 1293 76 60 &
1508 1293 167 60 aliquid
1629 1293 182 60 actuale:
1765 1293 76 60 &
1795 1293 106 60 hoc
1856 1293 136 60 sicut
1947 1293 197 60 contingit
2098 1293 91 60 in
2128 1293 76 60 gra

443 1338 89 65 ui
488 1338 75 65 &
518 1338 134 65 leui:
607 1338 75 65 &
637 1338 119 65 quod
711 1338 149 65 aliter
816 1338 164 65 periret
935 1338 164 65 liberum
1054 1338 209 65 arbitrium.
1218 1338 194 65 IMprobant
1367 1338 119 65 enim
1442 1338 149 65 primum
1546 1338 119 65 sic:
1621 1338 164 65 quoniam
1740 1338 149 65 dicunt
1844 1338 119 65 quod
1919 1338 134 65 graue
2008 1338 104 65 non
2068 1338 164 65 mouetur
2172 1338 45 65 a

443 1401 101 58 se
494 1401 134 58 nisi
577 1401 134 58 quia
661 1401 151 58 mouet
762 1401 151 58 aliud
863 1401 117 58 per
930 1401 117 58 se:
997 1401 84 58 &
1030 1401 134 58 ideo
1114 1401 101 58 se
1164 1401 117 58 per
1231 1401 218 58 accidens:
1399 1401 84 58 &
1433 1401 134 58 tale
1517 1401 101 58 si
1567 1401 151 58 mouet
1668 1401 117 58 se:
1735 1401 184 58 oportet
1869 1401 151 58 primo
1969 1401 168 58 moueri
2087 1401 101 58 ab
2120 1401 101 58 alio

437 1448 90 61 a
473 1448 126 61 se:
545 1448 162 61 quare
653 1448 90 61 &
689 1448 126 61 sic
761 1448 198 61 oportet
905 1448 198 61 sentire
1049 1448 108 61 de
1103 1448 252 61 voluntate.
1301 1448 144 61 ITem
1392 1448 144 61 quod
1482 1448 198 61 dicatur
1626 1448 162 61 graue
1734 1448 180 61 moueri
1860 1448 198 61 ratione
2004 1448 234 61 materiae,
2166 1448 54 61 &

437 1503 177 61 mouere
561 1503 194 61 ratione
702 1503 194 61 formae:
843 1503 124 61 hoc
914 1503 124 61 est
985 1503 300 61 inconueniens:
1232 1503 141 61 quia
1320 1503 229 61 subiectum
1496 1503 159 61 motus
1602 1503 124 61 non
1673 1503 124 61 est
1743 1503 141 61 nisi
1832 1503 124 61 ens
1902 1503 106 61 in
1955 1503 159 61 actum
2044 1503 177 61 secundum

449 1559 134 61 quod
533 1559 117 61 est
600 1559 100 61 in
650 1559 167 61 actum:
767 1559 117 61 ita
834 1559 150 61 etiam
934 1559 134 61 quod
1017 1559 200 61 moueatur
1168 1559 184 61 ratione
1301 1559 134 61 eius
1385 1559 117 61 quo
1452 1559 117 61 est
1518 1559 100 61 in
1569 1559 167 61 actum:
1685 1559 150 61 quale
1786 1559 117 61 non
1852 1559 117 61 est
1919 1559 200 61 materia:
2070 1559 134 61 quia
2136 1559 84 61 est

441 1609 115 61 in
498 1609 230 61 potentia
671 1609 211 61 tantum.
824 1609 115 61 Si
882 1609 153 61 ergo
977 1609 172 61 graue
1092 1609 230 61 mouetur,
1265 1609 172 61 totum
1380 1609 268 61 compositum
1591 1609 115 61 ex
1648 1609 211 61 materia
1801 1609 96 61 &
1840 1609 172 61 forma
1955 1609 134 61 est
2012 1609 211 61 subiectum

443 1665 147 60 motus
541 1665 180 60 ratione
671 1665 163 60 totius
786 1665 82 60 &
819 1665 212 60 vtriusque
982 1665 163 60 partis
1096 1665 98 60 in
1145 1665 98 60 eo
1194 1665 114 60 tam
1260 1665 163 60 formae
1374 1665 131 60 quam
1456 1665 196 60 materiae
1603 1665 163 60 simul.
1717 1665 131 60 Quid
1799 1665 147 60 auten
1897 1665 114 60 sie
1963 1665 212 60 subiectum
2110 1665 114 60 motus

446 1714 136 63 est,
531 1714 119 63 non
599 1714 188 63 ratione
736 1714 170 63 totius
855 1714 153 63 neque
957 1714 205 63 alicuius
1111 1714 170 63 partis
1230 1714 136 63 eius
1315 1714 119 63 est
1384 1714 239 63 principium
1571 1714 119 63 aut
1639 1714 153 63 ratio
1742 1714 188 63 mouendi
1878 1714 188 63 actiue.
2014 1714 153 63 neque
2117 1714 136 63 ergo

450 1768 169 72 forma
563 1768 206 72 grauis:
713 1768 169 72 neque
825 1768 263 72 compositum
1032 1768 113 72 ex
1088 1768 206 72 materia
1238 1768 94 72 &
1275 1768 169 72 forma
1388 1768 206 72 ratione
1538 1768 188 72 formae
1669 1768 131 72 est
1744 1768 188 72 mouens
1875 1768 131 72 aut
1950 1768 169 72 ratio
2044 1768 169 72 mouendi

451 1826 197 70 actiue:
595 1826 126 70 sed
666 1826 233 70 solummodo
846 1826 197 70 aliquid
990 1826 287 70 extrinsecum.
1223 1826 162 70 Eodem
1331 1826 144 70 modo
1420 1826 90 70 &
1456 1826 108 70 de
1510 1826 233 70 voluntate
1690 1826 144 70 est:
1779 1826 144 70 quia
1869 1826 144 70 tota
1959 1826 162 70 cedit
2066 1826 108 70 in
2102 1826 126 70 ratio

447 1870 107 70 ne
501 1870 268 70 possibilis.
715 1870 143 70 ITem
805 1870 161 70 sicut
912 1870 197 70 dicunt:
1055 1870 107 70 si
1109 1870 161 70 graue
1216 1870 125 70 aut
1287 1870 215 70 voluntas
1448 1870 161 70 mouet
1556 1870 107 70 se
1609 1870 125 70 per
1681 1870 107 70 se
1734 1870 197 70 propter
1877 1870 250 70 potentiale
2074 1870 89 70 &
2092 1870 125 70 actua

458 1931 111 60 le
513 1931 111 60 in
568 1931 129 60 se:
642 1931 166 60 eadem
753 1931 203 60 ratione
900 1931 148 60 omne
992 1931 258 60 compositum
1195 1931 111 60 ex
1251 1931 203 60 materia
1398 1931 92 60 &
1435 1931 166 60 forma
1546 1931 203 60 moueret
1693 1931 111 60 se
1749 1931 129 60 per
1822 1931 129 60 se.
1896 1931 148 60 ITem
1988 1931 129 60 non
2062 1931 166 60 mouet
2154 1931 74 60 se

459 1985 131 68 per
534 1985 113 68 se
591 1985 225 68 secundum
760 1985 188 68 totum:
891 1985 150 68 quia
985 1985 282 68 simpliciter
1210 1985 94 68 &
1248 1985 188 68 realis
1379 1985 282 68 differentia
1604 1985 169 68 debet
1717 1985 150 68 esse
1811 1985 169 68 inter
1924 1985 188 68 mouens
2055 1985 94 68 &
2074 1985 150 68 motum.

467 2043 145 60 ITem
558 2043 145 60 tunc
648 2043 181 60 semper
775 2043 199 60 moueret
920 2043 127 60 se.
993 2043 145 60 quia
1083 2043 181 60 semper
1210 2043 127 60 est
1283 2043 145 60 sibi
1374 2043 236 60 praesens.
1555 2043 218 60 SEcundum
1718 2043 163 60 autem
1827 2043 199 60 propter
1972 2043 145 60 quod
2045 2043 181 60 voluntas

458 2086 186 64 dicitur
594 2086 169 64 mouere
712 2086 119 64 se:
780 2086 136 64 quia
865 2086 169 64 aliter
983 2086 186 64 periret
1119 2086 186 64 liberum
1254 2086 237 64 arbitrium:
1441 2086 220 64 improbant
1610 2086 136 64 sic:
1695 2086 186 64 quoniam
1830 2086 203 64 voluntas
1983 2086 136 64 vult
2068 2086 136 64 quod
2135 2086 85 64 non

471 2151 160 52 potest
583 2151 112 52 non
647 2151 160 52 velle:
760 2151 80 52 &
792 2151 144 52 tamen
888 2151 160 52 libere
1000 2151 144 52 vult.
1096 2151 273 52 vniuersaliter
1321 2151 128 52 enim
1401 2151 144 52 bonum
1497 2151 128 52 quid
1577 2151 112 52 est
1642 2151 241 52 simpliciter
1834 2151 144 52 bonum
1930 2151 112 52 cum
1994 2151 112 52 est
2059 2151 144 52 visum
2155 2151 112 52 non

460 2208 153 61 potest
567 2208 107 61 non
628 2208 153 61 velle:
735 2208 76 61 &
765 2208 137 61 tamen
857 2208 153 61 libere
964 2208 137 61 vult.
1055 2208 199 61 Similiter
1208 2208 137 61 bonum
1300 2208 229 61 particulare
1483 2208 107 61 pro
1544 2208 122 61 hora
1620 2208 107 61 qua
1681 2208 137 61 illud
1773 2208 137 61 vult,
1865 2208 107 61 non
1926 2208 153 61 potest
2032 2208 107 61 non
2094 2208 153 61 velle:
2185 2208 46 61 &

452 2254 150 65 tamen
552 2254 166 65 libere
668 2254 150 65 vult.
768 2254 133 65 Vnde
851 2254 133 65 idem
934 2254 266 65 inconueniens
1150 2254 199 65 sequitur
1300 2254 183 65 ponendo
1433 2254 233 65 voluntatem
1615 2254 83 65 a
1649 2254 100 65 se
1698 2254 166 65 moueri
1815 2254 83 65 &
1848 2254 100 65 ab
1898 2254 150 65 alio,
1997 2254 100 65 si
2047 2254 116 65 sit
2097 2254 133 65 incon-

458 2309 201 68 ueniens.
609 2309 184 68 aequali
743 2309 134 68 enim
827 2309 251 68 necessitate
1028 2309 184 68 mouetur
1162 2309 84 68 a
1195 2309 101 68 se
1246 2309 84 68 &
1279 2309 101 68 ab
1329 2309 151 68 alio:
1430 2309 285 68 vniuersaliter
1664 2309 134 68 enim
1748 2309 168 68 volens
1865 2309 168 68 quando
1983 2309 134 68 vult
2066 2309 201 68 necessa-

470 2356 120 67 rio
538 2356 137 67 vult
624 2356 120 67 non
692 2356 171 67 coacte
812 2356 120 67 sed
880 2356 188 67 libere.
1017 2356 137 67 Isti
1102 2356 154 67 autem
1205 2356 222 67 imponendo
1376 2356 239 67 voluntatem
1564 2356 171 67 partim
1683 2356 188 67 actiuam
1820 2356 85 67 &
1854 2356 171 67 partim
1974 2356 222 67 passiuam,
2145 2356 120 67 sed

472 2416 261 72 principaliter
687 2416 185 72 passiuam
825 2416 154 72 dicunt
933 2416 123 72 quod
1010 2416 169 72 passiua
1133 2416 108 72 est
1195 2416 92 72 ab
1241 2416 169 72 obiecto
1364 2416 185 72 secundum
1502 2416 292 72 determinationem
1748 2416 154 72 actus:
1856 2416 154 72 actiua
1964 2416 138 72 autem
2056 2416 92 72 ex
2102 2416 92 72 se
2148 2416 108 72 quo

459 2474 106 54 ad
512 2474 247 54 exercitium
706 2474 176 54 actus:
829 2474 158 54 illud
935 2474 211 54 scilicet
1093 2474 141 54 quod
1181 2474 106 54 ei
1234 2474 282 54 determinatum
1463 2474 123 54 est
1534 2474 88 54 a
1569 2474 194 54 ratione
1710 2474 247 54 exequendo:
1903 2474 123 54 sic
1974 2474 141 54 enim
2062 2474 194 54 eligere
2185 2474 53 54 &

463 2517 209 64 imperare
619 2517 244 64 formaliter
811 2517 139 64 sunt
898 2517 157 64 actus
1002 2517 261 64 intellectus
1211 2517 87 64 &
1246 2517 313 64 principaliter:
1508 2517 122 64 sed
1577 2517 226 64 executiue
1751 2517 87 64 &
1786 2517 296 64 ministraliter
2013 2517 226 64 voluntatis.

475 2584 150 53 Vnde
569 2584 225 53 completa
738 2584 244 53 electione
926 2584 131 53 per
1001 2584 225 53 iudicium
1170 2584 94 53 &
1208 2584 357 53 determinationem
1508 2584 169 53 actus
1621 2584 94 53 a
1659 2584 207 53 ratione
1809 2584 94 53 &
1847 2584 263 53 voluntatis
2034 2584 207 53 consensu,

471 2623 218 68 voluntas
634 2623 145 68 agit
725 2623 290 68 praecipiendo
961 2623 272 68 executionem
1179 2623 218 68 imperati
1342 2623 91 68 &
1379 2623 309 68 prosecutionem
1633 2623 145 68 eius
1724 2623 145 68 quod
1814 2623 200 68 electum
1960 2623 127 68 est
2032 2623 200 68 viribus
2177 2623 109 68 in

469 2675 277 71 ferioribus,
690 2675 92 71 &
727 2675 166 71 etiam
837 2675 203 71 rationi
985 2675 111 71 vt
1040 2675 221 71 exquirat
1206 2675 166 71 modum
1317 2675 240 71 vtrunque,
1501 2675 92 71 &
1538 2675 111 71 si
1594 2675 203 71 standum
1741 2675 129 71 est
1815 2675 111 71 in
1870 2675 240 71 electione
2055 2675 92 71 &
2073 2675 166 71 imperio

467 2732 93 62 &
505 2732 204 62 caetera
653 2732 260 62 huiusmodi.
857 2732 148 62 Quia
950 2732 167 62 autem
1061 2732 130 62 non
1136 2732 278 62 metaphysice
1358 2732 223 62 moueatur
1525 2732 111 62 ab
1581 2732 204 62 obiecto
1729 2732 148 62 siue
1822 2732 93 62 a
1859 2732 167 62 fine,
1971 2732 223 62 arguunt:
2138 2732 148 62 quia

462 2788 216 67 obiectum
624 2788 144 67 quod
714 2788 126 67 est
787 2788 162 67 finis
895 2788 126 67 non
967 2788 162 67 mouet
1075 2788 270 67 metaphysice
1291 2788 144 67 nisi
1382 2788 234 67 materiam:
1562 2788 90 67 &
1598 2788 126 67 hoc
1670 2788 126 67 non
1742 2788 144 67 nisi
1832 2788 144 67 quia
1922 2788 162 67 mouet
2031 2788 126 67 per
2103 2788 108 67 se
2139 2788 108 67 agen

469 2851 134 65 tem:
553 2851 117 65 qui
620 2851 201 65 vlterius
771 2851 117 65 per
838 2851 101 65 se
888 2851 168 65 mouent
1006 2851 218 65 materiam:
1173 2851 101 65 vt
1224 2851 151 65 patet
1324 2851 101 65 in
1374 2851 201 65 operibus
1525 2851 168 65 artis.
1643 2851 218 65 SImiliter
1810 2851 134 65 quod
1894 2851 201 65 obiectum
2045 2851 101 65 in
2095 2851 101 65 eo
2145 2851 134 65 quod

468 2891 222 65 voluntas
635 2891 167 65 mouet
747 2891 204 65 seipsam
895 2891 130 65 non
969 2891 130 65 est
1043 2891 167 65 causa
1154 2891 148 65 sine
1247 2891 130 65 qua
1321 2891 148 65 non,
1414 2891 204 65 arguunt
1562 2891 148 65 sic.
1655 2891 185 65 Duplex
1785 2891 148 65 enim
1877 2891 130 65 est
1951 2891 167 65 causa
2063 2891 148 65 sine
2155 2891 130 65 qua

471 2945 136 68 non.
556 2945 119 68 Vna
624 2945 136 68 quae
710 2945 154 68 nihil
812 2945 154 68 agit,
914 2945 102 68 vt
966 2945 171 68 albedo
1085 2945 102 68 in
1136 2945 273 68 aedificando:
1358 2945 171 68 quando
1477 2945 188 68 dicitur
1614 2945 154 68 album
1716 2945 239 68 aedificat.
1904 2945 154 68 talis
2006 2945 154 68 causa
2109 2945 119 68 non
2160 2945 85 68 est

467 3005 222 61 obiectum
634 3005 222 61 respectu
801 3005 167 61 actus
912 3005 222 61 volendi:
1078 3005 148 61 quia
1171 3005 222 61 voluntas
1337 3005 148 61 sine
1430 3005 204 61 obiecto
1578 3005 167 61 nihil
1689 3005 204 61 vellet:
1837 3005 148 61 sine
1929 3005 148 61 illa
2022 3005 167 61 autem
2114 3005 130 61 causa

471 3060 244 61 aedificans
662 3060 279 61 aedificaret.
889 3060 139 61 Alia
976 3060 122 61 est
1046 3060 139 61 quae
1133 3060 192 61 aliquid
1273 3060 157 61 agit:
1377 3060 139 61 quia
1464 3060 139 61 agit
1552 3060 192 61 aliquid
1691 3060 122 61 quo
1761 3060 157 61 facto
1865 3060 157 61 aliud
1970 3060 157 61 exit:
2075 3060 105 61 in
2110 3060 139 61 actum:

471 3106 114 91 vt
528 3106 229 91 scamonea
699 3106 229 91 expellit
871 3106 248 91 choleram:
1061 3106 133 91 quo
1137 3106 171 91 facto
1252 3106 190 91 virtus
1385 3106 209 91 naturae
1537 3106 267 91 infrigidat
1747 3106 152 91 quae
1842 3106 171 91 prius
1956 3106 152 91 erat
2033 3106 209 91 impedita,
