2454 3744
135 315 135 100 Sed
212 315 135 100 sic
289 315 232 100 obiectum
464 315 135 100 non
541 315 174 100 agit:
657 315 155 100 quia
754 315 174 100 nihil
870 315 194 100 potest
1006 315 194 100 facere
1141 315 213 100 aliquid
1296 315 135 100 quo
1373 315 174 100 facto
1489 315 174 100 aliud
1606 315 194 100 moueat
1741 315 232 100 seipsum:
1896 315 58 100 S

141 388 160 84 quia
241 388 220 84 aliquid
401 388 140 84 per
481 388 120 84 se
541 388 200 84 mouere
681 388 240 84 seipsum,
861 388 140 84 est
941 388 140 84 per
1021 388 120 84 se
1080 388 320 84 impossibile.
1340 388 160 84 Vnde
1440 388 240 84 exemplum
1620 388 120 84 de
1680 388 240 84 scamonea
1840 388 100 84 est

143 456 184 56 contra
271 456 165 56 illos
382 456 129 56 qui
455 456 165 56 ipsum
565 456 221 56 adducunt
731 456 129 56 pro
804 456 129 56 se:
878 456 147 56 quia
970 456 221 56 scamonea
1135 456 129 56 non
1209 456 165 56 facit
1319 456 202 56 aliquid
1466 456 129 56 quo
1540 456 165 56 facto
1650 456 184 56 virtus
1779 456 202 56 naturae

149 495 141 84 agat
238 495 106 84 in
291 495 194 84 seipsam
432 495 124 84 sed
502 495 106 84 in
555 495 194 84 aliquid
697 495 177 84 aliud.
820 495 177 84 Virtus
944 495 141 84 enim
1032 495 141 84 quae
1120 495 124 84 est
1191 495 106 84 in
1244 495 124 84 vna
1314 495 159 84 parte
1420 495 229 84 corporis,
1597 495 141 84 agit
1685 495 106 84 in
1738 495 159 84 aliam
1826 495 106 84 par-

147 547 145 72 tem.
237 547 145 72 ltem
328 547 108 72 ad
382 547 163 72 idim:
490 547 108 72 si
544 547 217 72 obiectum
707 547 126 72 non
779 547 181 72 aliter
906 547 145 72 agit
996 547 145 72 quam
1087 547 199 72 mouendo
1231 547 289 72 intellectum:
1466 547 126 72 quo
1538 547 163 72 facto
1647 547 217 72 voluntas
1809 547 163 72 mouet
1900 547 54 72 A

144 620 122 65 se:
213 620 157 65 eadem
318 620 192 65 ratione
457 620 174 65 posset
579 620 192 65 probari
719 620 139 65 quod
806 620 227 65 appetitus
980 620 157 65 bruti
1085 620 157 65 esset
1189 620 209 65 actiuus:
1346 620 139 65 quia
1433 620 122 65 non
1503 620 192 65 mouetur
1643 620 139 65 nisi
1730 620 157 65 sensu
1817 620 122 65 prius

152 662 133 67 moto
236 662 100 67 ab
286 662 184 67 obiecto
419 662 234 67 sensibili.
603 662 150 67 Dicit
703 662 167 67 igitur
820 662 133 67 quod
903 662 200 67 obiectum
1053 662 117 67 est
1120 662 150 67 causa
1220 662 117 67 per
1287 662 100 67 se
1337 662 167 67 mouens
1454 662 250 67 voluntatem:
1654 662 133 67 quia
1737 662 117 67 non
1804 662 167 67 potest
1904 662 50 67 C

151 712 172 71 aliter
271 712 189 71 probari
409 712 138 71 quid
495 712 120 71 est
564 712 155 71 causa
667 712 120 71 per
736 712 120 71 se:
805 712 138 71 nisi
891 712 138 71 quia
977 712 103 71 ea
1028 712 172 71 posita
1149 712 241 71 necessario
1338 712 206 71 sequitur
1493 712 224 71 effectus:
1665 712 86 71 &
1699 712 103 71 ea
1751 712 172 71 remota
1854 712 86 71 nul

149 770 103 69 lo
200 770 138 69 modo
287 770 224 69 sequitur.
459 770 172 69 Aliter
580 770 138 69 enim
666 770 121 69 non
735 770 172 69 posset
855 770 190 69 probari
993 770 138 69 quod
1079 770 155 69 ignis
1183 770 155 69 esset
1286 770 121 69 per
1355 770 103 69 se
1407 770 155 69 causa
1510 770 155 69 agens
1614 770 103 69 in
1665 770 241 69 comburendo
1838 770 86 69 li-

148 817 133 80 gna:
232 817 133 80 quia
315 817 166 80 posset
431 817 133 80 dici
514 817 133 80 quod
597 817 150 80 ligna
697 817 249 80 comburerent
897 817 166 80 seipsa
1013 817 100 80 ad
1063 817 249 80 praesentiam
1263 817 166 80 ignis:
1379 817 100 80 vt
1429 817 150 80 ignis
1529 817 116 80 non
1595 817 216 80 poneretur
1762 817 133 80 esse
1828 817 100 80 cau-

150 870 102 71 sa
201 870 272 71 combustionis
422 870 136 71 nisi
506 870 136 71 sine
591 870 119 71 qua
659 870 136 71 non:
744 870 136 71 quia
829 870 119 71 non
897 870 170 71 potest
1016 870 204 71 inueniri
1168 870 204 71 exemplum
1321 870 136 71 quod
1406 870 170 71 aliquo
1525 870 221 71 praesente
1694 870 153 71 aliud
1779 870 153 71 mouetur

145 934 90 67 &
181 934 108 67 eo
235 934 197 67 absente
378 934 126 67 non
450 934 215 67 mouetur,
611 934 144 67 quin
701 934 161 67 ipsum
809 934 126 67 sit
881 934 161 67 causa
988 934 179 67 mouens
1114 934 126 67 per
1186 934 126 67 se.
1257 934 144 67 Ista
1347 934 161 67 nobis
1455 934 197 67 restant
1598 934 287 67 pertractanda
1831 934 126 67 per

148 982 215 68 ordinem:
309 982 197 68 dicendo
453 982 143 68 quod
542 982 215 68 voluntas
704 982 269 68 simpliciter
919 982 90 68 &
954 982 179 68 omnino
1080 982 179 68 actiua
1205 982 125 68 est
1277 982 125 68 quo
1349 982 108 68 ad
1402 982 161 68 actum
1510 982 215 68 volendi,
1671 982 90 68 &
1707 982 161 68 nullo
1814 982 143 68 modo

147 1035 185 82 passiua
282 1035 135 82 nisi
366 1035 84 82 a
400 1035 168 82 seipsa
518 1035 118 82 quo
585 1035 101 82 ad
635 1035 152 82 actum
736 1035 202 82 volendi,
888 1035 202 82 secundum
1040 1035 135 82 quod
1124 1035 101 82 de
1174 1035 202 82 potentia
1326 1035 185 82 ducitur
1461 1035 101 82 in
1511 1035 168 82 actum:
1629 1035 84 82 &
1663 1035 118 82 quo
1730 1035 101 82 ad
1764 1035 168 82 affectio

132 1083 126 69 nes
204 1083 180 69 gaudii
330 1083 90 69 &
366 1083 306 69 delectationis
618 1083 90 69 &
654 1083 234 69 huiusmodi
834 1083 108 69 ab
888 1083 216 69 obiecto,
1049 1083 108 69 vt
1103 1083 180 69 dictum
1229 1083 144 69 est.
1319 1083 144 69 Quod
1409 1083 144 69 ergo
1499 1083 216 69 arguitur
1661 1083 180 69 contra
1787 1083 126 69 hoc
1859 1083 108 69 ad

149 1151 250 72 principalem
349 1151 266 72 quaestionem:
566 1151 133 72 quod
649 1151 117 72 est
715 1151 100 72 in
765 1151 200 72 potentia
915 1151 200 72 aliquid:
1065 1151 133 72 quia
1148 1151 216 72 inquantum
1315 1151 216 72 huiusmodi
1481 1151 117 72 est
1548 1151 117 72 non
1615 1151 133 72 ens:
1698 1151 150 72 illud
1798 1151 117 72 non
1848 1151 83 72 po-

148 1202 144 70 test
238 1202 144 70 esse
328 1202 162 70 causa
436 1202 108 70 vt
490 1202 216 70 secundum
652 1202 162 70 actum
760 1202 126 70 sit
832 1202 180 70 illud:
958 1202 216 70 Dicendum
1121 1202 144 70 quod
1211 1202 162 70 verum
1319 1202 144 70 est:
1409 1202 162 70 nullo
1517 1202 144 70 modo
1607 1202 252 70 recipiendo
1805 1202 108 70 ad
1841 1202 90 70 hoc

153 1257 210 64 virtutem
310 1257 105 64 ab
362 1257 140 64 alio
450 1257 157 64 prius
554 1257 140 64 quam
642 1257 157 64 illud
747 1257 175 64 facit.
869 1257 105 64 Si
921 1257 157 64 tamen
1026 1257 105 64 ad
1079 1257 122 64 hoc
1149 1257 157 64 prius
1253 1257 192 64 recepit
1393 1257 210 64 virtutem
1551 1257 105 64 ab
1603 1257 140 64 alio
1690 1257 87 64 &
1725 1257 122 64 est
1778 1257 157 64 impedi-

153 1316 136 59 tum:
238 1316 153 59 amoto
340 1316 256 59 impedimento
545 1316 136 59 bene
630 1316 170 59 potest
750 1316 170 59 illud,
869 1316 102 59 vt
920 1316 153 59 patet
1022 1316 102 59 ex
1074 1316 256 59 praedictis.
1278 1316 102 59 Et
1329 1316 136 59 quid
1415 1316 222 59 assumitur
1585 1316 102 59 in
1636 1316 239 59 argumento:
1824 1316 136 59 quod

154 1357 112 69 non
218 1357 112 69 ens
282 1357 112 69 non
346 1357 160 69 potest
457 1357 128 69 esse
537 1357 144 69 causa
633 1357 128 69 suae
713 1357 223 69 entitatis:
888 1357 192 69 dicendum
1032 1357 128 69 quod
1112 1357 144 69 verum
1208 1357 128 69 est:
1287 1357 112 69 dum
1351 1357 144 69 tamen
1447 1357 144 69 nullo
1543 1357 128 69 modo
1623 1357 128 69 est:
1703 1357 128 69 quia
1782 1357 128 69 tale
1846 1357 80 69 nul

147 1422 124 62 lam
218 1422 213 62 virtutem
378 1422 160 62 habet
485 1422 178 62 omnino
609 1422 124 62 nec
681 1422 89 62 a
716 1422 107 62 se
769 1422 124 62 nec
841 1422 107 62 ab
894 1422 142 62 alio
983 1422 142 62 quae
1072 1422 178 62 possit
1196 1422 107 62 se
1249 1422 107 62 de
1303 1422 213 62 potentia
1463 1422 178 62 facere
1587 1422 107 62 in
1641 1422 178 62 actum.
1765 1422 107 62 Si
1801 1422 124 62 tamen

141 1470 157 68 actu
239 1470 137 68 est
318 1470 235 68 secundum
494 1470 196 68 formam
632 1470 333 68 substantialem
906 1470 118 68 in
965 1470 118 68 ea
1024 1470 216 68 habendo
1181 1470 235 68 virtutem
1357 1470 177 68 primi
1475 1470 216 68 agentis
1632 1470 157 68 post
1710 1470 216 68 amotionem

146 1521 261 68 impedimenti
355 1521 174 68 potest
477 1521 105 68 se
529 1521 174 68 ducere
651 1521 105 68 in
703 1521 157 68 actum
808 1521 192 68 essendi
947 1521 209 68 aliquid,
1104 1521 105 68 ad
1156 1521 139 68 quem
1243 1521 157 68 prius
1348 1521 139 68 erat
1435 1521 105 68 in
1487 1521 227 68 potentia:
1662 1521 157 68 sicut
1766 1521 87 68 &
1784 1521 139 68 cessan

146 1581 109 69 te
200 1581 146 69 omni
292 1581 273 69 impedimento
510 1581 164 69 ducit
619 1581 109 69 se
674 1581 109 69 in
729 1581 164 69 actum
838 1581 128 69 per
911 1581 182 69 eandem
1038 1581 219 69 virtutem
1202 1581 109 69 ad
1257 1581 273 69 praesentiam
1476 1581 164 69 primi
1585 1581 237 69 mouentis.
1767 1581 128 69 Sic
1822 1581 109 69 enim

141 1630 231 72 generans
314 1630 173 72 graue
429 1630 173 72 mouet
545 1630 192 72 graue:
679 1630 154 72 quia
775 1630 115 72 ab
833 1630 154 72 illo
929 1630 135 72 est
1006 1630 192 72 virtus
1141 1630 115 72 ad
1198 1630 231 72 mouendum
1371 1630 115 72 in
1429 1630 192 72 graui:
1564 1630 96 72 &
1602 1630 173 72 graue
1717 1630 212 72 seipsum
1852 1630 77 72 mo

157 1688 122 64 uet
226 1688 139 64 quia
313 1688 209 64 continet
470 1688 209 64 virtutem
627 1688 139 64 quam
714 1688 104 64 ad
766 1688 209 64 mouendum
922 1688 104 64 se
975 1688 209 64 accepit:
1131 1688 87 64 &
1166 1688 122 64 sic
1236 1688 174 64 mouens
1358 1688 174 64 semper
1479 1688 122 64 se:
1549 1688 122 64 non
1619 1688 157 64 sicut
1723 1688 139 64 illi
1793 1688 139 64 dicunt

148 1731 171 69 facit
262 1731 209 69 seipsum
414 1731 114 69 in
471 1731 171 69 actum
585 1731 171 69 nullo
699 1731 152 69 alio
794 1731 190 69 agente
927 1731 95 69 &
965 1731 209 69 mouente
1117 1731 190 69 ipsum:
1250 1731 190 69 absque
1383 1731 152 69 enim
1478 1731 152 69 omni
1573 1731 152 69 alio
1668 1731 209 69 mouente
1801 1731 133 69 prius

148 1794 276 67 impossibile
368 1794 129 67 est
442 1794 184 67 omnino
571 1794 147 67 quod
663 1794 202 67 aliquid
810 1794 184 67 moueat
939 1794 202 67 seipsum
1086 1794 110 67 in
1142 1794 258 67 creaturis:
1344 1794 276 67 quemadmodum
1565 1794 184 67 potest
1694 1794 202 67 aliquid
1823 1794 110 67 moue

152 1843 112 61 ri
208 1843 112 61 ab
265 1843 150 61 alio
358 1843 131 61 sic
433 1843 150 61 quod
527 1843 169 61 nullo
639 1843 150 61 modo
733 1843 225 61 moueatur
901 1843 94 61 a
939 1843 131 61 se:
1014 1843 281 61 quemadmodum
1238 1843 169 61 graue
1351 1843 131 61 per
1425 1843 262 61 violentiam
1631 1843 206 61 mouetur
1762 1843 169 61 sursum.

156 1898 112 61 AD
212 1898 224 61 secundum
381 1898 150 61 quod
474 1898 150 61 illi
568 1898 243 61 adducunt:
755 1898 206 61 faciens
904 1898 206 61 aliquid
1054 1898 112 61 de
1110 1898 224 61 potentia
1278 1898 112 61 in
1335 1898 168 61 actum
1447 1898 224 61 secundum
1615 1898 224 61 aliquid,
1765 1898 168 61 oportet

160 1948 134 71 quod
244 1948 151 71 prius
344 1948 117 71 sit
411 1948 100 71 in
462 1948 151 71 actum
562 1948 201 71 secundum
713 1948 167 71 illud:
830 1948 201 71 Dicendum
981 1948 134 71 quod
1064 1948 151 71 verum
1165 1948 134 71 est:
1249 1948 117 71 vel
1316 1948 234 71 formaliter
1500 1948 151 71 sicut
1600 1948 184 71 calidum
1734 1948 117 71 est
1801 1948 100 71 in
1835 1948 100 71 actu

150 2003 167 72 prius
262 2003 204 72 calidum
411 2003 186 72 quando
541 2003 111 72 de
596 2003 223 72 potentia
764 2003 186 72 calido
894 2003 111 72 vt
949 2003 111 72 de
1005 2003 204 72 frigido
1154 2003 167 72 facit
1265 2003 223 72 calidum:
1432 2003 111 72 de
1488 2003 130 72 quo
1562 2003 223 72 procedit
1711 2003 223 72 agumentum:

151 2054 128 68 vel
224 2054 293 68 virtualiter:
462 2054 275 68 quemadmodum
683 2054 128 68 sol
756 2054 128 68 est
829 2054 165 68 prius
939 2054 202 68 calidus
1086 2054 183 68 quando
1214 2054 128 68 suo
1288 2054 165 68 radio
1398 2054 110 68 de
1453 2054 220 68 potentia
1618 2054 183 68 calido
1746 2054 165 68 facit
1838 2054 110 68 actu

155 2108 230 65 calidum.
328 2108 115 65 Et
385 2108 230 65 secundum
558 2108 154 65 hunc
654 2108 192 65 modum,
789 2108 115 65 vt
846 2108 192 65 dictum
981 2108 154 65 est,
1077 2108 211 65 faciens
1230 2108 115 65 se
1288 2108 115 65 de
1346 2108 230 65 potentia
1518 2108 115 65 in
1576 2108 173 65 actum
1691 2108 230 65 secundum
1845 2108 96 65 ali

161 2164 165 67 quid,
271 2164 165 67 prius
381 2164 128 67 est
454 2164 147 67 actu
545 2164 147 67 tale
637 2164 165 67 licet
747 2164 147 67 alio
839 2164 165 67 modo:
949 2164 92 67 &
985 2164 220 67 secundum
1150 2164 147 67 hunc
1242 2164 165 67 modum
1352 2164 220 67 voluntas
1517 2164 202 67 faciens
1663 2164 110 67 se
1718 2164 110 67 de
1755 2164 183 67 potentia

156 2224 209 53 volente,
312 2224 139 53 actu
399 2224 226 53 volentem:
573 2224 157 53 prius
677 2224 139 53 erat
764 2224 174 53 volens
886 2224 278 53 virtualiter:
1112 2224 209 53 scilicet
1269 2224 191 53 habendo
1408 2224 139 53 vnde
1495 2224 104 53 se
1547 2224 174 53 potuit
1669 2224 174 53 facere
1790 2224 104 53 in
1825 2224 122 53 actum

155 2274 210 69 voleudi:
312 2274 157 69 licet
417 2274 122 69 non
487 2274 245 69 formaliter
679 2274 175 69 qualem
801 2274 105 69 se
854 2274 157 69 facit
958 2274 140 69 illa
1046 2274 210 69 virtute.
1203 2274 105 69 AD
1255 2274 210 69 tertium:
1413 2274 105 69 Si
1465 2274 122 69 ens
1535 2274 105 69 in
1587 2274 210 69 potentia
1745 2274 192 69 faceret
1867 2274 70 69 se

157 2323 163 72 ipsum
266 2323 163 72 actum
375 2323 218 72 secundum
538 2323 218 72 aliquid:
702 2323 218 72 effectus
865 2323 163 72 esset
974 2323 200 72 dignior
1120 2323 182 72 causa:
1247 2323 218 72 Dicendum
1410 2323 145 72 quod
1501 2323 163 72 verum
1610 2323 127 72 est
1683 2323 109 72 si
1737 2323 127 72 nec
1792 2323 145 72 virtu-

160 2375 111 69 te
216 2375 167 69 esset
327 2375 167 69 prius
438 2375 185 69 illud.
568 2375 148 69 Nunc
661 2375 167 69 autem
772 2375 130 69 est
846 2375 204 69 virtute
994 2375 167 69 prius
1105 2375 185 69 illud,
1235 2375 93 69 &
1272 2375 111 69 in
1328 2375 130 69 hoc
1402 2375 148 69 quia
1494 2375 167 69 ipsum
1606 2375 185 69 primum
1735 2375 185 69 mouens
1865 2375 111 69 in

160 2428 116 74 quo
227 2428 133 74 est,
310 2428 232 74 perfectius
492 2428 149 74 licet
592 2428 199 74 secundum
741 2428 149 74 aliam
840 2428 216 74 rationem,
1006 2428 149 74 habet
1106 2428 133 74 esse
1189 2428 133 74 ipse
1272 2428 199 74 effectus
1421 2428 133 74 quam
1504 2428 100 74 in
1554 2428 100 74 eo
1603 2428 100 74 in
1653 2428 116 74 quo
1719 2428 199 74 eaufatur
1852 2428 83 74 for

160 2486 209 71 maliter:
316 2486 261 71 quemadmodum
525 2486 261 71 vnumquodque
734 2486 244 71 perfectius
925 2486 157 71 habet
1030 2486 139 71 esse
1117 2486 104 71 in
1169 2486 122 71 sua
1239 2486 157 71 causa
1343 2486 174 71 prima:
1465 2486 157 71 licet
1569 2486 209 71 secundum
1726 2486 157 71 aliam
1813 2486 122 71 ratio

155 2547 123 55 nem
226 2547 141 55 quam
314 2547 105 55 in
366 2547 176 55 seipso
489 2547 211 55 secundum
648 2547 211 55 propriam
806 2547 229 55 rationem:
982 2547 141 55 quae
1070 2547 141 55 enim
1157 2547 105 55 in
1210 2547 193 55 seipsis
1351 2547 123 55 non
1421 2547 141 55 sunt
1509 2547 158 55 vita:
1615 2547 105 55 in
1667 2547 123 55 deo
1738 2547 141 55 sunt
1808 2547 123 55 vita:

158 2600 103 52 vt
209 2600 155 52 dicit
313 2600 241 52 Augustinus
502 2600 155 52 super
606 2600 155 52 illud
709 2600 190 52 lonnem.
847 2600 172 52 primo.
968 2600 138 52 Quod
1054 2600 172 52 factum
1175 2600 121 52 est
1244 2600 103 52 in
1295 2600 138 52 ipso
1381 2600 138 52 vita
1468 2600 155 52 erat.
1571 2600 86 52 &
1606 2600 121 52 quo
1674 2600 103 52 ad
1726 2600 121 52 hoc
1778 2600 155 52 faciens

159 2645 200 67 seipsum
304 2645 109 67 de
358 2645 218 67 potentia
522 2645 109 67 in
576 2645 181 67 actum:
703 2645 254 67 perfectius
903 2645 127 67 est
975 2645 218 67 secundum
1139 2645 163 67 alium
1248 2645 163 67 actum
1356 2645 145 67 quam
1447 2645 218 67 secundum
1610 2645 163 67 actum
1719 2645 145 67 quem
1792 2645 145 67 facit.

164 2697 214 76 pertinet
325 2697 161 76 tamen
432 2697 196 76 vterque
575 2697 161 76 actus
682 2697 107 76 ad
736 2697 286 76 integritatem
968 2697 143 76 suae
1057 2697 304 76 perfectionis.
1307 2697 107 76 AD
1361 2697 143 76 illa
1450 2697 179 76 quibus
1575 2697 161 76 illis
1682 2697 196 76 videtur
1807 2697 125 76 incon

165 2756 204 62 ueniens
314 2756 167 62 modus
425 2756 204 62 ponendi
573 2756 259 62 voluntatem
777 2756 185 62 mouere
907 2756 204 62 seipsam
1055 2756 111 62 in
1111 2756 167 62 actum
1222 2756 222 62 volendi:
1389 2756 167 62 Primo
1500 2756 130 62 quo
1574 2756 111 62 ad
1629 2756 130 62 hoc
1704 2756 148 62 quod
1796 2756 111 62 in
1833 2756 93 62 ips

162 2812 105 59 sa
214 2812 122 59 est
284 2812 244 59 potentiale
475 2812 87 59 &
510 2812 192 59 actuale
650 2812 105 59 vt
702 2812 105 59 in
754 2812 157 59 graui
859 2812 87 59 &
894 2812 157 59 leui:
998 2812 87 59 &
1033 2812 192 59 secundo
1173 2812 122 59 quo
1243 2812 105 59 ad
1295 2812 122 59 hoc
1365 2812 139 59 quod
1452 2812 174 59 aliter
1574 2812 192 59 periret
1713 2812 192 59 liberum
1853 2812 122 59 ara

166 2857 238 69 bitrium:
345 2857 298 69 Aduertendum
583 2857 139 69 est
662 2857 179 69 circa
782 2857 199 69 primum
921 2857 159 69 quod
1020 2857 139 69 non
1099 2857 218 69 ponitur
1258 2857 278 69 potentiale
1476 2857 99 69 &
1516 2857 218 69 actuale
1675 2857 119 69 in
1715 2857 218 69 voluntate

161 2912 170 60 circa
274 2912 227 60 diuersa:
444 2912 113 60 re
501 2912 170 60 sicut
614 2912 113 60 in
671 2912 170 60 graui
784 2912 94 60 &
822 2912 170 60 leui,
935 2912 132 60 vbi
1011 2912 170 60 totum
1124 2912 208 60 ponitur
1275 2912 264 60 potentiale
1483 2912 208 60 ratione
1634 2912 245 60 materiae:
1823 2912 94 60 &
1842 2912 94 60 to-

159 2964 133 71 tum
235 2964 209 71 actuale
387 2964 209 71 ratione
539 2964 209 71 formae:
692 2964 152 71 quae
787 2964 133 71 per
863 2964 247 71 essentiam
1053 2964 247 71 differunt
1243 2964 171 71 inter
1357 2964 133 71 se:
1433 2964 133 71 sed
1510 2964 247 71 solummodo
1700 2964 171 71 circa
1795 2964 152 71 diuer-

158 3033 118 51 sa
217 3033 235 51 ratione:
393 3033 215 51 ponendo
550 3033 176 51 totam
668 3033 274 51 voluntatem
883 3033 157 51 esse
981 3033 274 51 potentiale
1197 3033 215 51 ratione
1353 3033 137 51 qua
1432 3033 196 51 natura
1569 3033 137 51 est
1647 3033 313 51 simpliciter:
1882 3033 59 51 &

156 3077 186 83 actuale
292 3077 186 83 ratione
427 3077 119 83 qua
495 3077 119 83 est
563 3077 186 83 libera:
699 3077 136 83 quae
783 3077 203 83 scilicet
936 3077 170 83 natura
1054 3077 85 83 &
1088 3077 203 83 libertas
1241 3077 119 83 non
1309 3077 220 83 differunt
1478 3077 203 83 secundum
1631 3077 119 83 rem
1699 3077 102 83 in
1733 3077 203 83 voluntate:
