2396 3764
153 274 201 78 moueri:
299 274 91 78 &
335 274 201 78 ratione
481 274 164 78 cuius
591 274 201 78 aliquid
737 274 201 78 moueri.
883 274 164 78 Verum
992 274 146 78 enim
1083 274 146 78 est:
1174 274 146 78 quod
1266 274 109 78 in
1320 274 164 78 graui
1430 274 201 78 materia
1576 274 128 78 nec
1649 274 128 78 est
1722 274 164 78 motum
1831 274 128 78 nec
1886 274 73 78 mu

154 340 155 66 tatum
257 340 120 66 per
326 340 120 66 se:
395 340 120 66 sed
463 340 155 66 totum
566 340 258 66 compositum.
773 340 120 66 hoc
842 340 155 66 tamen
945 340 189 66 ratione
1082 340 224 66 materiae:
1254 340 138 66 quia
1340 340 120 66 non
1409 340 155 66 inest
1512 340 138 66 toti
1598 340 206 66 potentia
1753 340 103 66 ad
1804 340 155 66 motum
1890 340 69 66 ni

154 393 100 69 si
204 393 284 69 fundamenliter
438 393 184 69 ratione
572 393 217 69 materiae.
739 393 134 69 Quid
822 393 150 69 autem
923 393 217 69 assumitur
1090 393 134 69 quod
1173 393 117 69 est
1240 393 217 69 subiectum
1407 393 150 69 motus
1507 393 117 69 non
1574 393 234 69 principium
1758 393 134 69 eius
1841 393 150 69 neque

169 446 186 65 aliquid
304 446 135 65 eius
389 446 118 65 &c.
456 446 203 65 Dicendum
608 446 135 65 quod
692 446 152 65 verum
794 446 118 65 est
861 446 186 65 ratione
996 446 186 65 totius:
1131 446 169 65 potest
1249 446 152 65 tamen
1350 446 186 65 ratione
1485 446 186 65 partis:
1620 446 118 65 ita
1688 446 152 65 tamen
1789 446 135 65 quod
1857 446 101 65 pars

153 498 133 68 non
229 498 133 68 est
305 498 266 68 principium
514 498 171 68 motus
628 498 133 68 sed
704 498 190 68 totum:
837 498 114 68 vt
894 498 171 68 patet
1008 498 114 68 ex
1065 498 190 68 dictis
1198 498 152 68 iam:
1293 498 95 68 &
1331 498 133 68 sic
1407 498 171 68 totum
1521 498 171 68 graue
1635 498 133 68 est
1711 498 190 68 mouens
1844 498 95 68 &
1863 498 95 68 to-

154 550 132 57 tum
229 550 188 57 motum:
361 550 94 57 &
399 550 169 57 multo
511 550 188 57 verius
643 550 244 57 voluntas:
831 550 132 57 vbi
906 550 132 57 non
981 550 150 57 nisi
1075 550 207 57 ratione
1226 550 263 57 differunt:
1433 550 207 57 ratione
1583 550 169 57 cuius
1696 550 169 57 mouet
1809 550 94 57 &
1827 550 132 57 ratio

160 604 110 66 ne
215 604 165 66 cuius
325 604 220 66 mouetur,
490 604 110 66 vt
545 604 184 66 dictum
674 604 147 66 est.
766 604 110 66 AD
821 604 220 66 tertium:
986 604 147 66 quod
1078 604 110 66 si
1133 604 220 66 voluntas
1298 604 202 66 propter
1445 604 257 66 potentiale
1647 604 92 66 &
1684 604 202 66 actuale
1830 604 92 66 &
1849 604 110 66 simi

157 653 167 66 liter
269 653 167 66 graue
380 653 93 66 &
417 653 149 66 leue
510 653 223 66 mouerent
677 653 130 66 se:
752 653 167 66 eadem
863 653 204 66 ratione
1012 653 93 66 &
1049 653 149 66 omne
1142 653 260 66 compositum
1346 653 111 66 ex
1402 653 204 66 materia
1550 653 93 66 &
1588 653 186 66 forma:
1718 653 130 66 Hoc
1792 653 149 66 bene
1866 653 93 66 con

153 710 202 71 cedimus
300 710 147 71 motu
392 710 129 71 per
465 710 184 71 formam
594 710 313 71 substantialem
852 710 110 71 ad
907 710 294 71 proprietates
1146 710 92 71 &
1183 710 221 71 proprias
1349 710 276 71 operationes
1570 710 166 71 suas,
1680 710 110 71 vt
1735 710 202 71 habitum
1864 710 92 71 est

142 766 173 67 supra:
263 766 155 67 licet
366 766 121 67 non
435 766 173 67 semper
556 766 138 67 motu
642 766 190 67 locali.
780 766 104 67 AD
832 766 207 67 quartum:
987 766 138 67 quod
1073 766 155 67 nihil
1177 766 155 67 mouet
1280 766 104 67 se
1332 766 121 67 per
1401 766 121 67 se:
1470 766 138 67 quia
1556 766 173 67 realis
1677 766 155 67 debet
1781 766 138 67 esse
1850 766 104 67 dif-

153 817 223 65 ferentia
321 817 167 65 inter
432 817 186 65 mouens
562 817 93 65 &
599 817 186 65 motum:
729 817 223 65 dicendum
896 817 149 65 quod
989 817 130 65 non
1064 817 204 65 oportet
1212 817 149 65 nisi
1305 817 111 65 in
1361 817 186 65 aliquo
1491 817 149 65 modo
1584 817 186 65 motus:
1714 817 111 65 vt
1751 817 204 65 determina

159 876 164 70 uimus
268 876 109 70 in
323 876 274 70 praecedente
542 876 237 70 Quolibet.
724 876 109 70 AD
779 876 219 70 quintum:
943 876 109 70 si
998 876 201 70 aliquid
1144 876 128 70 per
1217 876 109 70 se
1272 876 164 70 mouet
1381 876 128 70 se:
1454 876 182 70 semper
1582 876 164 70 mouet
1692 876 128 70 se:
1765 876 219 70 dicendum

159 921 143 66 quod
249 921 161 66 verum
356 921 125 66 est
428 921 108 66 in
482 921 251 66 mouentibus
679 921 108 66 se
732 921 269 66 naturaliter
948 921 143 66 nisi
1037 921 125 66 sit
1109 921 287 66 impedimentum
1342 921 125 66 vel
1413 921 161 66 finis
1521 921 161 66 motus
1628 921 215 66 adeptus:
1790 921 108 66 vt
1826 921 125 66 patet

147 978 108 66 in
201 978 162 66 graui
309 978 90 66 &
345 978 162 66 leui:
453 978 126 66 non
525 978 162 66 autem
633 978 108 66 in
687 978 252 66 mouentibus
885 978 108 66 se
939 978 180 66 libero
1066 978 234 66 arbitrio:
1246 978 216 66 qualiter
1408 978 162 66 mouet
1516 978 108 66 se
1570 978 234 66 voluntas,
1750 978 108 66 vt
1804 978 126 66 iam
1876 978 108 66 di

146 1034 181 69 cetur.
272 1034 145 69 Quid
363 1034 163 69 autem
471 1034 217 69 inducunt
634 1034 181 69 contra
761 1034 217 69 secundum
923 1034 163 69 datum
1032 1034 127 69 pro
1104 1034 199 69 ratione
1249 1034 163 69 quare
1357 1034 217 69 voluntas
1520 1034 163 69 mouet
1629 1034 108 69 se
1683 1034 217 69 scilicet
1828 1034 108 69 quia

155 1091 186 58 aliter
285 1091 204 58 periret
434 1091 204 58 liberum
582 1091 260 58 arbitrium:
786 1091 223 58 dicendum
953 1091 223 58 secundum
1120 1091 148 58 quod
1213 1091 111 58 in
1269 1091 315 58 quaestionibus
1529 1091 260 58 ordinariis
1714 1091 223 58 declaraui-

160 1150 128 62 mus:
240 1150 128 62 quod
320 1150 208 62 differunt
479 1150 192 62 libertas
623 1150 80 62 &
655 1150 192 62 libertas
799 1150 208 62 arbitrii.
958 1150 192 62 Libertas
1102 1150 128 62 enim
1182 1150 112 62 est
1246 1150 208 62 vbicumque
1405 1150 144 62 nulla
1501 1150 192 62 occurrit
1645 1150 192 62 coactio:
1788 1150 144 62 licet
1868 1150 80 62 non

152 1201 124 66 sit
223 1201 177 66 libera
347 1201 195 66 electio
489 1201 177 66 valens
613 1201 106 66 ad
666 1201 230 66 opposita.
843 1201 195 66 liberum
984 1201 230 66 arbitrium
1161 1201 159 66 autem
1267 1201 124 66 non
1338 1201 124 66 est
1409 1201 142 66 nisi
1498 1201 124 66 vbi
1568 1201 124 66 est
1639 1201 283 66 contrariorum
1852 1201 89 66 li-

151 1250 139 65 bera
238 1250 209 65 electio.
394 1250 156 65 licet
498 1250 139 65 enim
585 1250 156 65 posse
689 1250 156 65 malum
794 1250 122 65 non
863 1250 122 65 sit
933 1250 209 65 libertas
1089 1250 209 65 arbitrii
1245 1250 122 65 nec
1315 1250 139 65 pars
1402 1250 156 65 eius:
1506 1250 156 65 tamen
1610 1250 122 65 non
1680 1250 122 65 est
1749 1250 139 65 fine
1836 1250 139 65 hac:
1906 1250 52 65 &

164 1307 193 62 vtrumuoe
309 1307 193 62 scilicet
454 1307 113 62 tam
518 1307 193 62 libertas
663 1307 129 62 quam
744 1307 177 62 liberum
873 1307 209 62 arbitrium
1034 1307 193 62 requirit
1179 1307 129 62 quod
1259 1307 145 62 motum
1356 1307 113 62 non
1420 1307 193 62 moueatur
1565 1307 97 62 ab
1614 1307 129 62 alio
1694 1307 113 62 per
1743 1307 209 62 coactionem.

155 1356 125 73 Per
227 1356 143 73 quod
316 1356 161 73 patet
423 1356 107 73 ad
477 1356 179 73 primum
602 1356 215 73 obiectum
763 1356 179 73 contra
888 1356 125 73 hoc
960 1356 125 73 cum
1031 1356 197 73 dicunt.
1174 1356 215 73 voluntas
1335 1356 143 73 vult
1425 1356 143 73 quod
1514 1356 125 73 non
1585 1356 179 73 potest
1711 1356 125 73 non
1782 1356 161 73 velle
1871 1356 72 73 vt

149 1414 197 64 summum
287 1414 177 64 bonum
405 1414 315 64 simpliciter:
661 1414 98 64 &
701 1414 177 64 bonum
819 1414 177 64 aliud
937 1414 118 64 ad
996 1414 177 64 horam
1114 1414 197 64 quando
1252 1414 177 64 vult:
1370 1414 98 64 &
1409 1414 177 64 tamen
1528 1414 138 64 non
1606 1414 158 64 nisi
1705 1414 197 64 libere
1823 1414 118 64 vult

143 1463 236 67 Dicendum
320 1463 157 67 quod
418 1463 177 67 verum
536 1463 138 67 est
615 1463 295 67 simpliciter
851 1463 138 67 quo
929 1463 118 67 ad
988 1463 196 67 summum
1126 1463 196 67 bonum:
1263 1463 98 67 &
1303 1463 177 67 etiam
1420 1463 138 67 pro
1499 1463 157 67 hora
1597 1463 138 67 quo
1676 1463 118 67 ad
1735 1463 196 67 aliud:
1853 1463 98 67 vo-

145 1516 157 75 lende
249 1516 210 75 scilicet
406 1516 122 75 cum
476 1516 192 75 effectu
616 1516 157 75 illud
721 1516 157 75 aliud
826 1516 157 75 bonum
930 1516 122 75 cum
1000 1516 157 75 isto:
1105 1516 140 75 quia
1192 1516 140 75 tunc
1279 1516 227 75 contraria
1454 1516 175 75 vellet
1576 1516 175 75 simul,
1699 1516 105 75 vt
1751 1516 122 75 iam
1803 1516 140 75 ampli-

155 1571 111 70 us
210 1571 315 70 declarabitur:
469 1571 111 70 si
525 1571 167 70 tamen
636 1571 130 70 non
710 1571 204 70 ponatur
858 1571 130 70 sic
932 1571 185 70 moueri
1061 1571 111 70 ab
1117 1571 148 70 alio
1209 1571 93 70 a
1246 1571 111 70 se
1302 1571 148 70 quin
1394 1571 185 70 possit
1524 1571 259 70 contraire.
1727 1571 148 70 Vnde
1801 1571 148 70 scien-

149 1627 133 70 dum
225 1627 152 70 est:
320 1627 152 70 quod
414 1627 265 70 voluntatem
623 1627 189 70 ponere
755 1627 189 70 moueri
888 1627 114 70 ab
945 1627 152 70 alio
1040 1627 133 70 non
1115 1627 246 70 reputatur
1305 1627 303 70 inconueniens
1551 1627 208 70 propter
1703 1627 114 70 ab
1760 1627 152 70 alio
1835 1627 114 70 moue

154 1685 108 75 ri
208 1685 287 75 simpliciter:
441 1685 126 75 sed
513 1685 233 75 solummodo
692 1685 197 75 propter
835 1685 179 75 moueri
961 1685 108 75 de
1015 1685 269 75 necessitate
1230 1685 108 75 ab
1284 1685 161 75 alio:
1391 1685 143 75 quae
1481 1685 90 75 &
1517 1685 251 75 libertatem
1714 1685 215 75 arbitrii
1857 1685 90 75 tol

157 1731 136 79 lit.
242 1731 255 79 Simpliciter
446 1731 153 79 autem
548 1731 255 79 necessitate
752 1731 323 79 immutabilitatis
1024 1731 136 79 bene
1108 1731 170 79 potest
1227 1731 170 79 moueri
1346 1731 85 79 a
1380 1731 102 79 se
1431 1731 153 79 circa
1533 1731 170 79 summum
1652 1731 170 79 bonum:
1771 1731 136 79 quia
1839 1731 102 79 cir-

161 1796 95 68 ca
209 1796 159 68 summum
320 1796 143 68 bonum
415 1796 222 68 necessitas
589 1796 301 68 immutabilitatis
843 1796 127 68 stat
923 1796 111 68 cum
986 1796 222 68 libertate:
1161 1796 143 68 licet
1256 1796 111 68 non
1319 1796 111 68 cum
1383 1796 159 68 libero
1494 1796 206 68 arbitrio:
1652 1796 127 68 quia
1732 1796 159 68 statim
1827 1796 111 68 prae-

149 1838 173 80 sente
264 1838 173 80 summo
379 1838 154 80 bono
475 1838 135 80 per
552 1838 211 80 apertam
706 1838 231 80 visionem
879 1838 135 80 non
956 1838 192 80 potest
1090 1838 231 80 voluntas
1263 1838 135 80 non
1340 1838 192 80 moueri
1475 1838 115 80 in
1532 1838 192 80 illud.
1667 1838 154 80 Vnde
1763 1838 173 80 licet
1859 1838 77 80 de

148 1906 280 65 necessitate
372 1906 242 65 poneretur
559 1906 187 65 moueri
689 1906 280 65 simpliciter
913 1906 168 65 circa
1025 1906 187 65 summum
1156 1906 187 65 bonum:
1286 1906 93 65 &
1323 1906 131 65 hoc
1398 1906 93 65 a
1435 1906 131 65 se:
1510 1906 168 65 tamen
1622 1906 131 65 est
1678 1906 261 65 inconveniens

152 1955 177 63 ponere
276 1955 159 63 ipsam
383 1955 106 63 de
436 1955 266 63 necessitate
648 1955 177 63 moueri
772 1955 106 63 ab
826 1955 142 63 alio
914 1955 124 63 vel
985 1955 89 63 a
1021 1955 106 63 se
1074 1955 159 63 circa
1180 1955 159 63 aliud
1286 1955 159 63 bonum
1393 1955 124 63 pro
1464 1955 159 63 hora:
1570 1955 142 63 quia
1658 1955 89 63 a
1694 1955 106 63 se
1747 1955 195 63 mouetur
1871 1955 71 63 de

152 2011 279 68 necessitate
376 2011 354 68 immutabilitatis
673 2011 167 68 circa
785 2011 186 68 summum
915 2011 186 68 bonum:
1046 2011 149 68 quae
1139 2011 130 68 non
1213 2011 223 68 excludit
1381 2011 279 68 libertatem.
1604 2011 112 68 Ab
1660 2011 149 68 alio
1753 2011 167 68 autem
1846 2011 93 68 mo-

158 2066 138 57 ueri
244 2066 121 57 vel
313 2066 86 57 a
347 2066 103 57 se
399 2066 155 57 circa
503 2066 155 57 aliud
606 2066 121 57 pro
675 2066 155 57 hora:
779 2066 103 57 de
830 2066 259 57 necessitate
1037 2066 207 57 excludit
1192 2066 172 57 omnino
1313 2066 190 57 liberum
1451 2066 241 57 arbitrium.
1641 2066 224 57 Intelligo
1813 2066 103 57 si
1848 2066 86 57 sic

145 2110 105 61 ab
197 2110 139 61 alio
284 2110 192 61 ponatur
423 2110 174 61 moueri
545 2110 122 61 vel
615 2110 87 61 a
650 2110 105 61 se
702 2110 139 61 quod
789 2110 105 61 in
841 2110 139 61 illa
929 2110 192 61 motione
1068 2110 157 61 nihil
1172 2110 174 61 coagat
1294 2110 87 61 &
1329 2110 122 61 non
1399 2110 174 61 possit
1521 2110 244 61 contraire.
1713 2110 105 61 Si
1765 2110 157 61 tamen
1852 2110 87 61 po-

149 2163 158 76 natur
255 2163 211 76 coagere,
413 2163 88 76 &
448 2163 140 76 quod
535 2163 175 76 possit
658 2163 228 76 contraire
834 2163 105 76 ne
886 2163 158 76 motio
992 2163 228 76 procedat:
1167 2163 123 76 nec
1237 2163 175 76 velit:
1360 2163 158 76 sicut
1465 2163 175 76 coagit
1588 2163 105 76 in
1641 2163 140 76 omni
1728 2163 140 76 motu
1816 2163 123 76 quo
1869 2163 70 76 mo

150 2221 170 60 uetur
264 2221 113 60 in
320 2221 170 60 bonum
434 2221 95 60 a
472 2221 208 60 gratia:
623 2221 132 60 non
699 2221 246 60 remouetur
888 2221 227 60 libertas
1058 2221 170 60 circa
1171 2221 189 60 summum
1304 2221 189 60 bonum:
1436 2221 170 60 neque
1550 2221 170 60 etiam
1663 2221 208 60 liberum
1796 2221 132 60 arbi-

144 2276 155 71 trium
247 2276 155 71 circa
350 2276 155 71 bonum
453 2276 172 71 aliud.
573 2276 103 71 Si
625 2276 137 71 ergo
711 2276 189 71 ponatur
848 2276 120 71 hoc
917 2276 137 71 modo
1003 2276 172 71 moueri
1123 2276 103 71 ab
1175 2276 189 71 obiecto
1312 2276 86 71 &
1347 2276 275 71 intellectum:
1570 2276 189 71 dicendo
1708 2276 137 71 quod
1794 2276 120 71 hoc
1845 2276 86 71 sit

152 2323 184 68 naturae
286 2323 235 68 voluntatis
471 2323 84 68 &
504 2323 268 68 intellectus:
722 2323 151 68 sicut
822 2323 151 68 illud
923 2323 117 68 est
990 2323 184 68 naturae
1124 2323 235 68 voluntatis
1308 2323 84 68 &
1342 2323 201 68 gratiae:
1492 2323 117 68 ita
1559 2323 134 68 quod
1643 2323 117 68 non
1710 2323 201 68 moueatur
1861 2323 101 68 ab

148 2378 144 72 alio
238 2378 144 72 nisi
328 2378 216 72 secundum
489 2378 162 72 modum
597 2378 269 72 congruentem
813 2378 198 72 naturae
956 2378 162 72 suae:
1064 2378 90 72 &
1100 2378 144 72 quod
1190 2378 126 72 sic
1262 2378 216 72 voluntas
1423 2378 198 72 ponatur
1567 2378 180 72 moueri
1693 2378 108 72 ab
1746 2378 162 72 alio:
1836 2378 90 72 non

146 2429 267 66 impugnamus:
360 2429 125 66 sed
431 2429 178 66 potius
556 2429 143 66 quod
645 2429 125 66 non
717 2429 178 66 possit
841 2429 107 66 se
895 2429 178 66 mouere
1020 2429 107 66 ex
1073 2429 125 66 se:
1145 2429 89 66 &
1180 2429 143 66 quod
1269 2429 232 66 solummodo
1448 2429 214 66 moueatur
1608 2429 107 66 ab
1662 2429 160 66 alio:
1769 2429 160 66 cuius
1858 2429 71 66 mo

141 2489 159 64 tioni
247 2489 124 64 non
318 2489 177 64 possit
441 2489 247 64 contraire:
636 2489 159 64 etiam
741 2489 124 64 pro
812 2489 159 64 hora:
918 2489 124 64 nec
989 2489 177 64 possit
1112 2489 177 64 mouere
1236 2489 106 64 ex
1289 2489 106 64 se
1342 2489 141 64 sola
1430 2489 177 64 contra
1553 2489 212 64 motionem
1712 2489 194 64 illius:
1836 2489 88 64 hoc

146 2540 272 76 impugnamus.
363 2540 145 76 Quid
454 2540 145 76 ergo
544 2540 181 76 dicunt
671 2540 145 76 quod
761 2540 217 76 voluntas
924 2540 272 76 simpliciter
1142 2540 199 76 passiua
1286 2540 127 76 est
1359 2540 109 76 ab
1413 2540 199 76 obiecto
1558 2540 91 76 &
1594 2540 91 76 a
1630 2540 199 76 ratione
1757 2540 163 76 determi

149 2600 152 58 nante
250 2600 169 58 actum:
368 2600 118 58 non
436 2600 169 58 potest
554 2600 152 58 stare
655 2600 101 58 si
706 2600 118 58 sic
773 2600 101 58 ab
824 2600 152 58 illis
925 2600 270 58 intelligatur
1144 2600 186 58 moueri:
1279 2600 101 58 vt
1330 2600 152 58 nihil
1431 2600 169 58 coagat
1549 2600 118 58 nec
1616 2600 169 58 possit
1718 2600 202 58 contraire:

143 2659 154 67 quia
239 2659 154 67 tunc
335 2659 307 67 necessitaret
585 2659 154 67 eam,
681 2659 211 67 liberum
835 2659 250 67 arbitrium
1027 2659 96 67 &
1065 2659 269 67 libertatem
1277 2659 250 67 tollendo:
1469 2659 288 67 quemadmodum
1699 2659 173 67 calor
1795 2659 135 67 ignis

145 2712 277 64 necessitat
363 2712 336 64 combustibilia
639 2712 119 64 vt
699 2712 316 64 comburantur.
956 2712 198 64 Aliter
1094 2712 178 64 autem
1212 2712 237 64 secundum
1390 2712 198 64 dictum
1529 2712 178 64 modum
1647 2712 138 64 non
1726 2712 138 64 est
1786 2712 138 64 nobis

135 2750 286 75 inconueniens
368 2750 161 75 ipsam
475 2750 179 75 moueri
600 2750 107 75 ab
654 2750 161 75 alio:
761 2750 125 75 sed
832 2750 107 75 in
886 2750 125 75 hoc
958 2750 268 75 simpliciter
1172 2750 179 75 actiua
1297 2750 143 75 est:
1387 2750 125 75 non
1458 2750 161 75 autem
1565 2750 197 75 passiua
1708 2750 143 75 nisi
1780 2750 143 75 secun-

135 2812 135 63 dum
212 2812 173 63 quid.
327 2812 154 63 Quod
424 2812 231 63 arguunt:
597 2812 154 63 quod
693 2812 231 63 obiectum
867 2812 135 63 non
944 2812 173 63 mouet
1059 2812 289 63 metaphysice
1290 2812 154 63 nisi
1387 2812 250 63 materiam:
1579 2812 231 63 dicendum
1753 2812 154 63 quod
1830 2812 96 63 ve-

138 2859 137 66 rum
217 2859 137 66 est
295 2859 156 66 quod
393 2859 235 66 materiam
569 2859 196 66 mounet
706 2859 313 66 metaphysice:
960 2859 156 66 quia
1058 2859 137 66 non
1136 2859 235 66 imprimit
1312 2859 117 66 in
1370 2859 254 66 materiam:
1566 2859 137 66 sed
1644 2859 235 66 secundum
1801 2859 117 66 eius

138 2919 274 64 exigentiam
353 2919 176 64 agens
471 2919 235 64 imprimit
647 2919 117 64 in
705 2919 156 64 eam:
803 2919 293 64 nihilominus
1038 2919 176 64 etiam
1155 2919 176 64 mouet
1272 2919 293 64 metaphysice
1507 2919 235 64 agentem:
1682 2919 137 64 tam
1761 2919 117 64 in
1800 2919 117 64 arti

138 2972 249 63 ficialibus
334 2972 142 63 quam
423 2972 107 63 in
476 2972 285 63 naturalibus:
707 2972 142 63 quia
796 2972 142 63 sine
885 2972 142 63 illo
974 2972 125 63 non
1045 2972 160 63 mouet
1152 2972 249 63 quodcunque
1348 2972 178 63 agens:
1472 2972 160 63 licet
1579 2972 125 63 non
1650 2972 160 63 motus
1757 2972 107 63 ab
1792 2972 125 63 illo:

139 3030 135 60 nec
216 3030 135 60 est
293 3030 154 60 vere
389 3030 192 60 mouens
523 3030 173 60 aliud
638 3030 154 60 quam
735 3030 154 60 ipse
831 3030 269 60 appetitus,
1042 3030 173 60 primo
1157 3030 211 60 seipsum
1311 3030 115 60 ad
1369 3030 250 60 volendum:
1561 3030 192 60 deinde
1695 3030 231 60 materiam
1849 3030 77 60 vo

138 3076 172 66 litam
253 3076 268 66 exequendo,
464 3076 153 66 nisi
559 3076 134 66 iam
636 3076 172 66 dicto
751 3076 172 66 modo.
866 3076 153 66 Quia
962 3076 192 66 dicunt
1096 3076 153 66 quod
1192 3076 172 66 nihil
1307 3076 134 66 est
1383 3076 172 66 dicta
1498 3076 172 66 causa
1613 3076 153 66 sine
1709 3076 134 66 qua
1786 3076 153 66 non.
1863 3076 57 66 i

145 3134 156 78 quia
242 3134 136 78 non
320 3134 136 78 est
397 3134 175 78 causa
514 3134 156 78 nisi
611 3134 156 78 agat
708 3134 136 78 per
786 3134 117 78 se
845 3134 136 78 aut
922 3134 136 78 per
1000 3134 253 78 accidens:
1195 3134 253 78 Dicendum:
1389 3134 156 78 quod
1486 3134 253 78 reducitur
1681 3134 117 78 ad
1739 3134 194 78 causam
1856 3134 58 78 i
