2426 3702
474 233 125 74 per
546 233 233 74 accidens:
725 233 125 74 non
796 233 161 74 sicut
904 233 125 74 per
975 233 215 74 accidens
1136 233 161 74 calor
1244 233 215 74 generat:
1405 233 143 74 quia
1494 233 143 74 agit
1584 233 107 74 in
1638 233 215 74 materiam
1799 233 161 74 ipsam
1906 233 268 74 praeparando
2121 233 107 74 ad
2157 233 107 74 gene

471 285 252 63 rationem:
664 285 136 63 non
742 285 136 63 sic
819 285 155 63 enim
916 285 155 63 agit
1013 285 232 63 obiectum
1187 285 116 63 in
1246 285 291 63 voluntatem:
1478 285 232 63 scilicet
1652 285 291 63 praeparando
1885 285 174 63 ipsam
2001 285 116 63 ad
2040 285 213 63 volendum:

473 336 136 65 nisi
558 336 119 65 iam
626 336 152 65 dicto
727 336 152 65 modo:
829 336 119 65 nec
897 336 152 65 sicut
998 336 186 65 musicum
1134 336 237 65 aedificat:
1320 336 136 65 quia
1405 336 119 65 non
1473 336 186 65 musicus
1608 336 169 65 posset
1727 336 254 65 aedificare:
1930 336 136 65 sine
2015 336 186 65 obiecto
2133 336 119 65 autem

475 395 192 70 cognito
614 395 209 70 voluntas
771 395 157 70 nihil
876 395 175 70 potest
998 395 175 70 velle:
1120 395 122 70 sed
1190 395 157 70 sicut
1295 395 209 70 remouens
1452 395 227 70 prohibens
1627 395 244 70 priuatiue:
1819 395 140 70 quia
1906 395 122 70 non
1976 395 175 70 potest
2098 395 192 70 aliquid

475 450 144 57 velle
571 450 128 57 nisi
651 450 96 57 in
699 450 176 57 notitia
827 450 240 57 intellectus
1018 450 192 57 praesens
1162 450 112 57 sit
1226 450 128 57 sibi
1306 450 208 57 obiectum:
1466 450 128 57 quid
1546 450 112 57 non
1610 450 192 57 cognitum
1754 450 128 57 erat
1833 450 176 57 absens.
1961 450 128 57 Quia
2041 450 160 57 dicunt
2153 450 128 57 quod

477 506 192 68 passiua
616 506 122 68 est
686 506 87 68 a
721 506 192 68 ratione
861 506 122 68 per
930 506 332 68 determinationem
1210 506 175 68 actus:
1332 506 87 68 &
1367 506 105 68 in
1419 506 227 68 libertate
1594 506 140 68 eius
1681 506 244 68 dimittitur
1873 506 157 68 actus
1978 506 262 68 exercitium:
2187 506 105 68 di

477 566 179 64 cendum
602 566 143 64 quod
692 566 125 64 non
763 566 286 64 determinatur
996 566 215 64 voluntas
1157 566 107 64 in
1210 566 125 64 suo
1282 566 143 64 actu
1371 566 215 64 volendi:
1532 566 125 64 sic
1603 566 107 64 vt
1657 566 197 64 necesse
1800 566 179 64 habeat
1925 566 161 64 ipsum
2033 566 197 64 exequi:
2176 566 125 64 sed

469 616 162 70 manet
577 616 108 70 in
631 616 126 70 suo
703 616 180 70 libero
828 616 216 70 arbitrio
990 616 108 70 de
1044 616 126 70 non
1116 616 198 70 volendo
1259 616 126 70 vel
1331 616 198 70 volendo
1475 616 305 70 determinatum:
1726 616 162 70 sicut
1834 616 108 70 in
1888 616 162 70 aliis
1978 616 269 70 quaestionibus

474 667 297 70 declarauimus.
718 667 105 70 Et
771 667 122 70 sic
841 667 157 70 ratio
945 667 122 70 sua
1015 667 315 70 determinatione
1277 667 122 70 non
1347 667 122 70 est
1417 667 210 70 respectu
1574 667 157 70 actus
1679 667 192 70 volendi
1819 667 140 70 nisi
1906 667 157 70 dicto
2011 667 157 70 modo:
2116 667 122 70 aut
2169 667 87 70 non

473 731 138 61 nisi
559 731 155 61 sicut
662 731 155 61 causa
766 731 138 61 siue
852 731 121 61 qua
921 731 138 61 non.
1007 731 138 61 nisi
1093 731 138 61 enim
1179 731 155 61 ratio
1282 731 241 61 ostenderet
1472 731 224 61 obiectum:
1644 731 207 61 voluntas
1799 731 121 61 non
1868 731 172 61 posset
1988 731 155 61 illud
2092 731 155 61 velle
2178 731 86 61 vel

474 779 193 74 eligere
615 779 193 74 propter
755 779 175 74 aliqua
878 779 140 74 quae
966 779 211 74 placent:
1124 779 123 74 aut
1194 779 211 74 refutare
1352 779 193 74 propter
1492 779 175 74 aliqua
1615 779 140 74 quae
1703 779 263 74 displicent.
1913 779 88 74 &
1948 779 123 74 sic
2018 779 193 74 electio
2159 779 88 74 &
2176 779 88 74 im-

472 836 183 66 perium
600 836 219 66 praecise
764 836 91 66 &
801 836 256 66 formaliter
1002 836 146 66 sunt
1094 836 110 66 in
1148 836 219 66 volutate
1313 836 91 66 &
1350 836 91 66 a
1386 836 256 66 voluntate:
1587 836 128 66 nec
1660 836 146 66 vllo
1752 836 146 66 modo
1843 836 110 66 in
1898 836 110 66 se
1953 836 256 66 concludunt
2136 836 128 66 actum

471 891 217 70 rationis:
638 891 117 70 sed
705 891 217 70 supponunt
871 891 183 70 tantum.
1005 891 83 70 &
1038 891 133 70 quid
1121 891 183 70 amplius
1255 891 133 70 est,
1338 891 100 70 si
1388 891 217 70 eligibile
1555 891 267 70 determinaret
1772 891 117 70 suo
1838 891 183 70 iudicio
1972 891 83 70 &
2005 891 183 70 diceret
2138 891 117 70 hoc
2188 891 67 70 es

473 946 111 63 se
529 946 241 63 eligendum
715 946 93 63 &
752 946 278 63 imperandum:
975 946 130 63 sic
1049 946 148 63 quod
1142 946 204 63 necesse
1290 946 204 63 haberet
1438 946 223 63 voluntas
1605 946 204 63 eligere
1754 946 93 63 &
1791 946 223 63 imperare
1958 946 223 63 secundum
2107 946 148 63 ratio-

481 1002 122 67 nis
550 1002 227 67 iudicium:
725 1002 174 67 nondum
847 1002 157 67 tamen
951 1002 105 67 ex
1004 1002 122 67 hoc
1073 1002 105 67 in
1126 1002 192 67 ratione
1265 1002 157 67 esset
1370 1002 192 67 aliquid
1509 1002 244 67 electionis
1701 1002 122 67 aut
1771 1002 209 67 imperii:
1928 1002 122 67 sed
1997 1002 157 67 solum
2085 1002 174 67 dictamen

489 1057 235 68 eorundem:
669 1057 90 68 &
706 1057 126 68 non
778 1057 217 68 eligeret
940 1057 126 68 aut
1012 1057 235 68 imperaret
1193 1057 162 68 ratio
1301 1057 144 68 nisi
1392 1057 144 68 quia
1482 1057 235 68 voluntati
1662 1057 162 68 actus
1771 1057 162 68 istos
1879 1057 271 68 imprimeret:
2077 1057 181 68 quemadmo

479 1110 129 63 dum
552 1110 129 63 lux
626 1110 295 63 determinando
866 1110 240 63 visibile:
1051 1110 166 63 actum
1162 1110 222 63 visionis
1328 1110 222 63 imprimit
1494 1110 185 63 visui.
1623 1110 129 63 non
1697 1110 166 63 tamen
1808 1110 185 63 videre
1937 1110 129 63 est
2011 1110 222 63 operatio
2159 1110 92 63 seu

481 1163 220 67 perfectio
650 1163 169 67 lucis.
768 1163 101 67 Et
819 1163 220 67 praeterea
988 1163 152 67 ratio
1090 1163 118 67 non
1157 1163 152 67 magis
1259 1163 169 67 dictat
1377 1163 152 67 actus
1478 1163 321 67 determinationem
1749 1163 135 67 quam
1833 1163 254 67 exercitium:
2036 1163 135 67 quia
2104 1163 135 67 volun-

482 1224 123 59 tas
553 1224 123 59 non
623 1224 141 59 vult
712 1224 141 59 nisi
800 1224 229 59 cognitum:
976 1224 106 59 si
1029 1224 141 59 ergo
1117 1224 123 59 non
1187 1224 123 59 est
1258 1224 176 59 libera
1381 1224 123 59 quo
1452 1224 106 59 ad
1505 1224 159 59 actus
1610 1224 353 59 determinationem:
1910 1224 123 59 nec
1981 1224 123 59 quo
2051 1224 106 59 ad
2086 1224 159 59 exerci-

473 1274 149 54 tium.
573 1274 99 54 Ad
622 1274 149 54 cuius
722 1274 248 54 intellectum
920 1274 199 54 sciendum
1069 1274 132 54 est:
1152 1274 132 54 quod
1235 1274 199 54 libertas
1384 1274 199 54 arbitrii
1532 1274 232 54 voluntatis
1714 1274 149 54 nihil
1814 1274 149 54 aliud
1913 1274 116 54 est
1979 1274 132 54 quam
2045 1274 199 54 indifferen

477 1329 113 72 tia
542 1329 178 72 quaedam
671 1329 146 72 circa
768 1329 146 72 actus
866 1329 243 72 voluntatis:
1060 1329 113 72 qui
1125 1329 130 72 sunt
1206 1329 146 72 velle
1303 1329 81 72 &
1336 1329 146 72 nolle
1433 1329 130 72 siue
1514 1329 113 72 non
1579 1329 162 72 velle.
1692 1329 81 72 &
1724 1329 113 72 est
1789 1329 162 72 duplex
1903 1329 194 72 secundum
2049 1329 130 72 quod
2113 1329 130 72 duplex

476 1387 125 63 est
548 1387 304 63 indifferentia
798 1387 161 63 circa
905 1387 161 63 actus
1012 1387 268 63 voluntatis.
1227 1387 179 63 Quarum
1352 1387 125 63 vna
1424 1387 232 63 consistit
1602 1387 161 63 inter
1710 1387 340 63 contradictorios
1996 1387 161 63 actus
2085 1387 161 63 volunta

469 1437 110 69 tis
532 1437 142 69 circa
627 1437 142 69 idenm
721 1437 189 69 scilicet
862 1437 94 69 in
910 1437 173 69 aliquod
1035 1437 142 69 bonum
1130 1437 252 69 determinatum
1334 1437 173 69 volendo
1460 1437 110 69 vel
1523 1437 173 69 nolendo
1649 1437 126 69 siue
1727 1437 110 69 non
1790 1437 189 69 volendo.
1932 1437 79 69 &
1963 1437 189 69 secundum
2104 1437 110 69 hoc
2167 1437 110 69 di-

472 1495 154 63 citur
574 1495 205 63 libertas
728 1495 119 63 quo
796 1495 102 63 ad
847 1495 239 63 exercitium
1035 1495 171 63 actus.
1154 1495 136 63 Alia
1240 1495 136 63 vero
1325 1495 222 63 consistit
1495 1495 154 63 inter
1598 1495 222 63 contraria
1768 1495 136 63 siue
1854 1495 222 63 disparata
2024 1495 171 63 volita
2127 1495 119 63 respe

476 1547 109 62 ctu
539 1547 218 62 diuersorum
710 1547 156 62 actuum
819 1547 171 62 volendi
944 1547 109 62 vel
1006 1547 171 62 nolendi
1131 1547 187 62 scilicet
1271 1547 93 62 in
1317 1547 171 62 volendo
1442 1547 109 62 hoc
1504 1547 109 62 vel
1567 1547 156 62 illud:
1676 1547 109 62 vel
1738 1547 93 62 in
1785 1547 171 62 nolendo
1909 1547 109 62 hoc
1972 1547 109 62 vel
2034 1547 156 62 illud.
2143 1547 78 62 &
2159 1547 93 62 haec

483 1602 173 68 dicitur
609 1602 126 68 esse
687 1602 188 68 libertas
829 1602 110 68 quo
891 1602 94 68 ad
938 1602 298 68 determinationem
1190 1602 126 68 siue
1268 1602 298 68 specificationem
1519 1602 157 68 actus.
1629 1602 141 68 Quare
1723 1602 110 68 cum
1786 1602 188 68 voluntas
1927 1602 141 68 nihil
2022 1602 126 68 pont
2100 1602 141 68 velle
2179 1602 78 68 vel

485 1654 150 73 nolle
585 1654 133 73 nisi
669 1654 200 73 cognitum
819 1654 117 73 per
885 1654 250 73 intellectum
1085 1654 83 73 &
1119 1654 217 73 rationis:
1285 1654 100 73 si
1335 1654 150 73 nihil
1435 1654 167 73 omnino
1552 1654 117 73 sit
1619 1654 217 73 cognitum:
1785 1654 150 73 nulla
1885 1654 167 73 omnino
2002 1654 167 73 potest
2119 1654 133 73 esse
2185 1654 67 73 li

486 1709 169 66 bertas
605 1709 203 66 arbitrii
757 1709 237 66 voluntatis
943 1709 102 66 in
994 1709 203 66 effectu:
1147 1709 152 66 neque
1248 1709 119 66 quo
1316 1709 102 66 ad
1367 1709 237 66 exercitium
1553 1709 169 66 actus:
1672 1709 152 66 neque
1774 1709 119 66 quo
1841 1709 102 66 ad
1892 1709 322 66 determinationem
2146 1709 102 66 eius

484 1765 106 72 Et
537 1765 124 72 sic
608 1765 106 72 si
661 1765 159 72 ratio
768 1765 159 72 nihil
874 1765 230 72 cognoscit
1051 1765 142 72 quia
1140 1765 213 72 voluntas
1299 1765 124 72 non
1370 1765 142 72 agit
1459 1765 195 72 volendo
1600 1765 124 72 vel
1671 1765 195 72 nolendo
1813 1765 142 72 nisi
1902 1765 230 72 cognitum:
2079 1765 142 72 ideo
2167 1765 124 72 non

486 1820 151 73 magis
587 1820 168 73 dictat
705 1820 151 73 actus
806 1820 320 73 determinationem
1075 1820 135 73 quam
1159 1820 252 73 exercitium:
1361 1820 101 73 eo
1412 1820 135 73 quod
1496 1820 185 73 neutrum
1630 1820 185 73 dictat.
1765 1820 101 73 Si
1816 1820 135 73 ergo
1900 1820 151 73 ratio
2001 1820 168 73 dictat
2102 1820 151 73 alterum

482 1873 206 68 illorum:
636 1873 120 68 hoc
705 1873 120 68 non
774 1873 120 68 est
842 1873 137 68 nisi
928 1873 257 68 cognoscendo
1134 1873 206 68 aliquid:
1288 1873 120 68 sed
1357 1873 120 68 hoc
1425 1873 120 68 vel
1494 1873 206 68 simplici
1649 1873 292 68 intelligentia
1889 1873 309 68 comprehendendo
2129 1873 120 68 incon

479 1937 181 70 plexum
606 1937 127 70 sub
678 1937 199 70 ratione
823 1937 272 70 incomplexi:
1041 1937 127 70 vel
1113 1937 308 70 intelligentia
1367 1937 236 70 collatiua
1548 1937 272 70 compositiua
1766 1937 127 70 aut
1838 1937 236 70 diuisiua,
2001 1937 254 70 comprehenden

480 1986 110 63 do
535 1986 239 63 complexum
719 1986 129 63 sub
793 1986 203 63 ratione
940 1986 239 63 complexi.
1124 1986 110 63 Si
1179 1986 166 63 primo
1290 1986 166 63 modo:
1400 1986 129 63 cum
1474 1986 110 63 in
1529 1986 147 63 tali
1621 1986 331 63 comprehensione
1897 1986 166 63 ratio
2008 1986 129 63 non
2081 1986 129 63 est
2137 1986 110 63 nisi

481 2037 212 73 passiua:
640 2037 141 73 ipsa
728 2037 123 73 sua
799 2037 194 73 actione
940 2037 159 73 nihil
1046 2037 176 73 omnino
1169 2037 176 73 dictat
1293 2037 123 73 aut
1363 2037 247 73 determinat
1557 2037 106 73 ex
1610 2037 159 73 parte
1716 2037 159 73 actus
1822 2037 247 73 voluntatis
2016 2037 123 73 aut
2086 2037 106 73 ex
2122 2037 123 73 parte

480 2091 201 65 voliti.
626 2091 128 65 Sed
699 2091 110 65 si
754 2091 256 65 determinat
955 2091 219 65 aliquid,
1120 2091 128 65 hoc
1193 2091 128 65 est
1266 2091 165 65 ipsum
1376 2091 219 65 obiectum
1540 2091 146 65 siue
1631 2091 165 65 bonum
1741 2091 238 65 cognitum:
1924 2091 146 65 quod
2015 2091 128 65 per
2088 2091 165 65 actum
2180 2091 73 65 co

473 2142 237 80 gnoscendi
655 2142 201 80 seipsum
802 2142 219 80 proponit
966 2142 256 80 voluntati.
1167 2142 128 80 Sed
1240 2142 146 80 tale
1331 2142 164 80 bonum
1441 2142 128 80 sic
1514 2142 219 80 cognitum
1678 2142 91 80 &
1715 2142 256 80 propositum
1916 2142 256 80 voluntati,
2117 2142 128 80 aut
2172 2142 91 80 est

472 2210 156 62 vnum
569 2210 175 62 solum
685 2210 136 62 per
763 2210 117 62 se
821 2210 233 62 cognitum
996 2210 97 62 &
1035 2210 253 62 voluntati
1230 2210 292 62 propositum,
1463 2210 136 62 aut
1541 2210 156 62 non:
1638 2210 136 62 sed
1716 2210 136 62 cum
1793 2210 175 62 alio:
1910 2210 156 62 quod
1988 2210 272 62 consimiliter

479 2256 225 70 cognitum
648 2256 131 70 est
723 2256 225 70 aratione
892 2256 94 70 &
929 2256 262 70 propositum
1135 2256 262 70 voluntati.
1341 2256 112 70 Si
1398 2256 206 70 secundo
1548 2256 169 70 modo:
1660 2256 131 70 cum
1735 2256 225 70 vtrunque
1904 2256 262 70 aequaliter
2091 2256 150 70 cogni-

482 2317 128 60 tum
555 2317 128 60 sit
628 2317 92 60 &
665 2317 257 60 propositum
867 2317 257 60 voluntati:
1068 2317 257 60 aequaliter
1270 2317 348 60 determinationem
1563 2317 220 60 faciunt:
1728 2317 128 60 vel
1801 2317 128 60 non
1874 2317 220 60 faciunt:
2039 2317 110 60 vt
2094 2317 128 60 non
2149 2317 92 60 ma-

479 2374 130 63 gis
554 2374 186 63 moueat
684 2374 205 63 liberum
833 2374 242 63 arbitrium
1020 2374 261 63 voluntatis
1225 2374 130 63 quo
1299 2374 112 63 ad
1355 2374 168 63 actus
1467 2374 261 63 exercitium
1672 2374 112 63 in
1728 2374 205 63 volendo
1877 2374 130 63 vel
1952 2374 205 63 nolendo
2101 2374 130 63 per
2175 2374 112 63 in

480 2419 277 73 differentiam
705 2419 121 73 hoc
774 2419 121 73 vel
843 2419 173 73 illud:
964 2419 138 73 quam
1051 2419 121 73 quo
1120 2419 104 73 ad
1172 2419 156 73 actus
1276 2419 329 73 determinationem
1553 2419 104 73 in
1605 2419 190 73 volendo
1743 2419 121 73 vel
1812 2419 190 73 nolendo
1951 2419 173 73 potius
2072 2419 121 73 hoc
2141 2419 138 73 quam

482 2478 169 67 illud.
600 2478 85 67 &
634 2478 118 67 sic
702 2478 152 67 ratio
803 2478 101 67 in
854 2478 135 67 isto
938 2478 135 67 casu
1023 2478 118 67 non
1091 2478 152 67 magis
1192 2478 169 67 dictat
1310 2478 321 67 determinationem
1581 2478 152 67 actus
1682 2478 135 67 quam
1767 2478 135 67 eius
1851 2478 254 67 exercitium.
2054 2478 135 67 immo
2122 2478 118 67 aequa

481 2531 157 58 liter
585 2531 122 58 est
655 2531 210 58 voluntas
812 2531 175 58 liberi
935 2531 210 58 arbitrii
1092 2531 87 58 &
1127 2531 122 58 non
1197 2531 175 58 liberi
1319 2531 210 58 arbitrii
1476 2531 122 58 quo
1546 2531 105 58 ad
1599 2531 157 58 actus
1703 2531 332 58 determinationem
1983 2531 87 58 &
2018 2531 122 58 quo
2088 2531 105 58 ad
2123 2531 122 58 actus

483 2581 280 69 exercitium,
707 2581 93 69 &
744 2581 261 69 econuerso.
949 2581 112 69 Si
1005 2581 149 69 vero
1098 2581 168 69 primo
1210 2581 149 69 modo
1303 2581 224 69 cognitum
1471 2581 130 69 est
1546 2581 149 69 vnum
1639 2581 168 69 solum
1751 2581 130 69 per
1825 2581 112 69 se
1881 2581 168 69 fsine
1993 2581 186 69 altero
2105 2581 149 69 cogni-

480 2637 128 73 to:
553 2637 92 73 &
590 2637 128 73 sic
663 2637 257 73 propositum
864 2637 257 73 voluntati:
1066 2637 147 73 tunc
1158 2637 128 73 cum
1231 2637 220 73 voluntas
1396 2637 128 73 non
1469 2637 183 73 potest
1597 2637 165 73 velle
1707 2637 128 73 vel
1781 2637 165 73 nolle
1891 2637 147 73 nisi
1982 2637 238 73 cognitum:
2147 2637 110 73 etsi

473 2700 164 62 istud
582 2700 218 62 cognitum
746 2700 182 62 possit
873 2700 200 62 liberum
1019 2700 237 62 arbitrium
1201 2700 164 62 velle
1310 2700 127 62 vel
1383 2700 164 62 nolle
1492 2700 328 62 indifferenter:
1765 2700 109 62 vt
1819 2700 127 62 sic
1892 2700 182 62 omnino
2019 2700 182 62 maneat
2129 2700 127 62 libe-

482 2754 128 57 rum
555 2754 238 57 arbitrium
738 2754 128 57 quo
811 2754 110 57 ad
865 2754 164 57 actus
975 2754 274 57 exercitium:
1194 2754 164 57 nullo
1304 2754 146 57 modo
1395 2754 164 57 tamen
1505 2754 183 57 potest
1633 2754 164 57 velle
1742 2754 128 57 aut
1816 2754 164 57 nolle
1925 2754 164 57 aliud
2035 2754 110 57 ab
2090 2754 146 57 hoc.
2163 2754 91 57 im-

473 2799 103 64 mo
524 2799 103 64 si
576 2799 190 64 aliquid
714 2799 155 64 velit
817 2799 121 64 aut
886 2799 172 64 nolit:
1007 2799 190 64 oportet
1145 2799 138 64 quod
1231 2799 121 64 sit
1300 2799 155 64 istud
1403 2799 86 64 &
1438 2799 121 64 non
1507 2799 172 64 aliud.
1628 2799 103 64 vt
1679 2799 121 64 sic
1748 2799 121 64 non
1817 2799 172 64 omnino
1938 2799 172 64 maneat
2058 2799 190 64 liberum
2179 2799 69 64 ar

484 2851 200 75 bitrium
630 2851 128 75 quo
702 2851 109 75 ad
757 2851 164 75 actus
866 2851 346 75 determinationem
1158 2851 146 75 siue
1249 2851 364 75 specificationem.
1559 2851 128 75 Sed
1632 2851 128 75 cum
1704 2851 146 75 illa
1796 2851 273 75 propositio,
2014 2851 219 75 cognitum
2160 2851 91 75 est

477 2904 146 75 vnum
568 2904 165 75 solum
678 2904 146 75 siue
769 2904 183 75 tantum
897 2904 165 75 vnum,
1007 2904 220 75 continet
1172 2904 146 75 hanc
1263 2904 311 75 affirmatiuam:
1519 2904 128 75 hoc
1593 2904 128 75 est
1666 2904 238 75 cognitum:
1849 2904 91 75 &
1885 2904 146 75 hanc
1977 2904 256 75 negatiuam,
2160 2904 91 75 nul

482 2961 118 68 lum
549 2961 151 68 aliud
650 2961 101 68 ab
701 2961 118 68 hoc
768 2961 118 68 est
835 2961 219 68 cognitum:
1003 2961 168 68 quaero
1121 2961 101 68 an
1171 2961 134 68 illa
1255 2961 269 68 determinatio
1474 2961 151 68 actus
1575 2961 151 68 circa
1676 2961 134 68 quam
1760 2961 202 68 voluntas
1911 2961 118 68 non
1978 2961 151 68 manet
2079 2961 168 68 liberi
2180 2961 67 68 at

480 3014 172 60 bitrii,
606 3014 141 60 sicut
700 3014 141 60 manet
794 3014 157 60 liberi
904 3014 188 60 arbitrii
1045 3014 141 60 circa
1139 3014 220 60 exercitium
1311 3014 157 60 actus,
1421 3014 188 60 procedat
1562 3014 94 60 ab
1609 3014 125 60 illo
1688 3014 125 60 quod
1766 3014 141 60 ratio
1860 3014 204 60 cognoscit
2017 3014 125 60 vnum
2095 3014 141 60 solum
2174 3014 78 60 pro

481 3071 162 66 positum
599 3071 103 66 per
658 3071 103 66 hoc
717 3071 206 66 voluntati,
879 3071 162 66 ratione
997 3071 236 66 affirmatiuae
1188 3071 177 66 scilicet
1320 3071 118 66 quia
1394 3071 191 66 cognoscit
1541 3071 133 66 illud
1630 3071 118 66 vnum
1703 3071 103 66 sic
1762 3071 206 66 propositum
1924 3071 206 66 voluntati:
2086 3071 74 66 a
2115 3071 162 66 ratione

472 3119 196 77 negatiuae
623 3119 181 77 scilicet
759 3119 121 77 quia
834 3119 136 77 ratio
925 3119 106 77 non
985 3119 196 77 cognoscit
1136 3119 151 77 aliud:
1242 3119 106 77 nec
1303 3119 136 77 aliud
1393 3119 106 77 est
1454 3119 211 77 propositum
1620 3119 211 77 voluntati.
1786 3119 91 77 Si
1831 3119 136 77 primo
1922 3119 136 77 modo:
2012 3119 91 77 vt
2058 3119 181 77 scilicet
2178 3119 76 77 ra
