2416 3741
150 341 169 77 liberi
268 341 202 77 arbitrii
420 341 101 77 in
471 341 101 77 eo
521 341 135 77 quod
606 341 118 77 non
673 341 169 77 potest
791 341 236 77 contraire.
977 341 118 77 Sed
1044 341 118 77 non
1112 341 118 77 sic
1179 341 169 77 posuit
1297 341 152 77 dicta
1398 341 169 77 opinio
1516 341 270 77 causalitatem
1736 341 101 77 in
1786 341 202 77 ratione:

146 412 111 77 sed
210 412 175 77 solummo
337 412 143 77 dixit
432 412 127 77 quod
512 412 95 77 si
560 412 111 77 ita
623 412 223 77 poneretur:
798 412 111 77 sic
862 412 239 77 sequeretur:
1053 412 80 77 &
1085 412 111 77 sic
1148 412 95 77 vt
1196 412 159 77 dictum
1308 412 127 77 est,
1387 412 175 77 deberet
1514 412 207 77 articulus
1674 412 175 77 exponi.
1801 412 95 77 Et
1849 412 127 77 quod

145 466 200 75 amplius
290 466 145 75 est,
381 466 109 75 si
435 466 254 75 causalitas
635 466 218 75 motionis
799 466 254 75 voluntatis
999 466 200 75 ponatur
1144 466 109 75 in
1198 466 200 75 ratione
1344 466 200 75 mouente
1489 466 127 75 cum
1562 466 254 75 voluntate:
1761 466 127 75 sic
1816 466 127 75 tamen

145 529 156 60 quod
242 529 136 60 non
320 529 195 60 moueat
456 529 156 60 nisi
554 529 234 60 secundum
729 529 175 60 modum
846 529 292 60 congruentem
1080 529 156 60 suae
1177 529 234 60 naturae:
1352 529 292 60 quemadmodum
1586 529 195 60 dictum
1723 529 136 60 est
1801 529 117 60 de
1840 529 97 60 mo-

146 578 154 56 tione
248 578 205 56 gratiae:
402 578 154 56 nullo
504 578 137 56 modo
590 578 324 56 necessitarentur
863 578 256 56 voluntatem,
1068 578 119 56 nec
1136 578 307 56 contrariaretur
1392 578 222 56 articulo.
1563 578 102 56 Ad
1614 578 154 56 illud
1716 578 119 56 quo
1767 578 171 56 arguitur

153 631 209 64 obiectum
309 631 244 64 voluntatis
501 631 105 64 in
553 631 105 64 eo
606 631 139 64 quod
693 631 209 64 voluntas
849 631 157 64 mouet
954 631 209 64 seipsam,
1111 631 122 64 non
1180 631 139 64 esse
1268 631 174 64 causam
1390 631 139 64 sine
1477 631 122 64 qua
1546 631 139 64 non:
1633 631 139 64 quia
1721 631 122 64 non
1790 631 122 64 est
1842 631 105 64 cau-

150 677 100 67 sa
200 677 117 67 per
267 677 217 67 accidens:
434 677 100 67 vt
484 677 167 67 albedo
601 677 100 67 in
652 677 267 67 aedificando:
869 677 134 67 Bene
952 677 150 67 verum
1053 677 134 67 est:
1136 677 134 67 quia
1220 677 134 67 illa
1303 677 150 67 nihil
1403 677 134 67 agit
1487 677 117 67 per
1554 677 100 67 se
1604 677 184 67 omnino:
1738 677 150 67 causa
1821 677 117 67 autem

143 741 126 60 quae
222 741 173 60 proprie
348 741 173 60 dicitur
474 741 126 60 sine
552 741 110 60 qua
615 741 126 60 non:
694 741 157 60 semper
804 741 173 60 aliquid
930 741 126 60 agit
1008 741 110 60 per
1071 741 94 60 se
1118 741 94 60 vt
1165 741 110 60 iam
1228 741 189 60 dicetur.
1370 741 204 60 Similiter
1527 741 126 60 quod
1606 741 142 60 neque
1700 741 110 60 est
1763 741 142 60 causa
1857 741 110 60 per

141 800 205 63 accidens
295 800 137 63 quae
380 800 154 63 agit,
483 800 120 63 quo
551 800 154 63 facto
654 800 154 63 aliud
756 800 137 63 exit
841 800 103 63 in
893 800 154 63 actum
995 800 154 63 suum:
1098 800 137 63 dico
1183 800 137 63 quod
1269 800 154 63 immo.
1371 800 103 63 ad
1422 800 154 63 modum
1525 800 137 63 enim
1610 800 120 63 quo
1679 800 205 63 postquam
1815 800 120 63 scamo

144 847 119 64 nea
212 847 188 64 expulit
349 847 205 64 choleram
502 847 137 64 quae
588 847 222 64 impediuit
758 847 205 64 virtutem
912 847 188 64 naturae
1049 847 102 64 ne
1100 847 171 64 posset
1219 847 273 64 infrigidare:
1441 847 171 64 statim
1561 847 171 64 virtus
1680 847 188 64 naturae
1799 847 137 64 infri-

142 899 180 61 gidat:
268 899 216 61 obiectum
430 899 216 61 postquam
592 899 126 61 per
664 899 108 61 se
718 899 198 61 mouerit
862 899 270 61 intellectum
1078 899 108 61 ad
1132 899 162 61 actum
1240 899 288 61 cognoscendi:
1474 899 90 61 &
1510 899 126 61 per
1582 899 126 61 hoc
1654 899 234 61 expulerit
1834 899 144 61 igno

136 957 202 54 rantiam
282 957 147 54 quae
374 957 238 54 impediuit
557 957 256 54 voluntatem
759 957 110 54 ne
814 957 183 54 posset
942 957 165 54 velle
1052 957 165 54 aliud
1162 957 238 54 obiectum:
1345 957 183 54 statim
1473 957 220 54 voluntas
1638 957 183 54 libere
1766 957 147 54 pont
1839 957 92 54 vel

145 1006 116 68 le.
212 1006 116 68 SED
278 1006 166 68 arguit
394 1006 166 68 contra
510 1006 116 68 hoc
576 1006 133 68 quod
659 1006 199 68 scilicet
808 1006 199 68 obiectum
957 1006 116 68 non
1024 1006 133 68 agit
1106 1006 149 68 sicut
1206 1006 215 68 scamonea:
1372 1006 133 68 quia
1454 1006 149 68 nihil
1554 1006 166 68 potest
1670 1006 166 68 facere
1786 1006 182 68 aliquid

148 1064 110 60 quo
211 1064 142 60 facto
306 1064 173 60 aliquid
432 1064 158 60 potest
542 1064 158 60 mouere
653 1064 189 60 seipsum:
795 1064 126 60 quia
874 1064 173 60 aliquid
1000 1064 110 60 per
1063 1064 95 60 se
1110 1064 158 60 mouere
1220 1064 189 60 seipsum,
1362 1064 110 60 est
1425 1064 110 60 per
1489 1064 95 60 se
1536 1064 252 60 impossibile:
1741 1064 79 60 &
1772 1064 142 60 nihil
1851 1064 79 60 po-

141 1113 134 57 test
225 1113 168 57 facere
342 1113 184 57 aliquid
477 1113 117 57 quo
544 1113 151 57 facto
644 1113 151 57 aliud
745 1113 134 57 agat
829 1113 184 57 aliquid
963 1113 134 57 quod
1047 1113 117 57 est
1114 1113 251 57 impossibile
1315 1113 168 57 agere:
1432 1113 117 57 sed
1499 1113 184 57 aliquid
1633 1113 134 57 bene
1717 1113 168 57 potest
1818 1113 117 57 face-

135 1171 102 62 re
186 1171 187 62 aliquid
322 1171 119 62 quo
390 1171 153 62 facto
493 1171 187 62 aliquid
629 1171 170 62 potest
748 1171 170 62 mouere
867 1171 187 62 aliquid
1003 1171 153 62 aliud
1106 1171 85 62 a
1140 1171 119 62 se:
1208 1171 136 62 quod
1293 1171 119 62 est
1361 1171 119 62 per
1429 1171 102 62 se
1480 1171 238 62 possibile:
1668 1171 153 62 sicut
1753 1171 187 62 contingit

140 1223 105 73 in
192 1223 245 73 proposito,
384 1223 175 73 quando
507 1223 175 73 virtus
629 1223 192 73 naturae
769 1223 245 73 infrigidat
962 1223 192 73 expulsa
1101 1223 192 73 cholera
1241 1223 122 73 per
1311 1223 245 73 scamoneam.
1504 1223 175 73 virtus
1626 1223 140 73 enim
1714 1223 192 73 naturae
1854 1223 122 73 non

146 1279 139 63 agit
232 1279 191 63 mouendo
371 1279 208 63 seipsam:
527 1279 156 63 neque
632 1279 174 63 partem
753 1279 104 63 in
805 1279 121 63 qua
874 1279 139 63 est:
961 1279 121 63 sed
1031 1279 208 63 existens
1187 1279 104 63 in
1239 1279 121 63 vna
1308 1279 156 63 parte
1412 1279 139 63 puta
1499 1279 104 63 in
1551 1279 174 63 corde,
1673 1279 156 63 mouet
1777 1279 104 63 ad
1812 1279 121 63 infri

143 1330 237 63 gidandum
321 1330 198 63 partem
460 1330 257 63 proximam.
657 1330 99 63 &
697 1330 138 63 sic
776 1330 237 63 scamonea
954 1330 138 63 non
1033 1330 178 63 facit
1151 1330 217 63 aliquid
1309 1330 138 63 quo
1389 1330 178 63 facto
1507 1330 198 63 virtus
1646 1330 217 63 naturae
1784 1330 158 63 moueat

140 1391 198 64 seipsam
284 1391 126 64 vel
356 1391 108 64 id
410 1391 108 64 in
464 1391 126 64 quo
536 1391 144 64 est.
625 1391 144 64 Vnde
715 1391 126 64 (ut
787 1391 180 64 dicit)
913 1391 216 64 exemplum
1075 1391 108 64 de
1129 1391 216 64 scamonea
1291 1391 198 64 directe
1435 1391 126 64 est
1506 1391 180 64 contra
1632 1391 162 64 illos
1740 1391 126 64 qui
1794 1391 144 64 ipsum.

145 1438 207 65 adducunt
300 1438 121 65 pro
369 1438 121 65 se.
438 1438 138 65 Dico
525 1438 104 65 ad
577 1438 155 65 haec:
680 1438 138 65 quod
767 1438 104 65 vt
818 1438 173 65 dictum
939 1438 138 65 est,
1026 1438 207 65 obiectum
1181 1438 173 65 omnino
1302 1438 138 65 agit
1388 1438 155 65 sicut
1492 1438 225 65 scamonea:
1665 1438 138 65 quia
1751 1438 155 65 sicut
1837 1438 104 65 sca-

134 1493 159 59 monea
240 1493 159 59 nihil
346 1493 141 59 agit
434 1493 141 59 nisi
522 1493 229 59 expellere
699 1493 212 59 choleram
857 1493 88 59 a
893 1493 194 59 membro:
1034 1493 123 59 sic
1104 1493 159 59 nihil
1210 1493 141 59 agit
1298 1493 212 59 obiectum
1457 1493 141 59 nisi
1545 1493 229 59 expellere
1704 1493 229 59 ignorantiam

138 1550 112 52 ab
194 1550 281 52 intellectu.
419 1550 169 52 sicut
532 1550 150 52 enim
625 1550 225 52 obiectum
794 1550 187 52 nullam
925 1550 131 52 vim
1000 1550 112 52 ad
1056 1550 225 52 mouendum
1224 1550 112 52 se
1281 1550 131 52 dat
1355 1550 243 52 voluntati
1543 1550 187 52 quando
1674 1550 112 52 ab
1711 1550 225 52 intellectu

135 1603 237 60 expellit
313 1603 316 60 ignorantiam:
570 1603 138 60 sic
649 1603 237 60 scamonea
826 1603 197 60 nullam
965 1603 138 60 vim
1044 1603 118 60 ad
1103 1603 237 60 mouendum
1280 1603 138 60 dat
1359 1603 217 60 virtuti
1517 1603 217 60 naturae
1675 1603 197 60 quando
1814 1603 99 60 a
1833 1603 99 60 mem

142 1652 120 58 bro
210 1652 206 58 expellit
365 1652 206 58 choleram
519 1652 86 58 &
554 1652 240 58 econuerso.
743 1652 120 58 Sed
811 1652 154 58 sicut
914 1652 206 58 scamonea
1069 1652 240 58 expellente
1258 1652 206 58 choleram
1412 1652 223 58 praecise,
1584 1652 206 58 exposita
1738 1652 120 58 est
1790 1652 137 58 virtus

139 1705 203 64 naturae
286 1705 240 64 potestati
471 1705 148 64 suae
563 1705 222 64 naturali
729 1705 111 64 ad
785 1705 222 64 mouendum
951 1705 203 64 aliquid
1098 1705 222 64 secundum
1265 1705 258 64 exigentiam
1468 1705 203 64 naturae
1615 1705 148 64 suae
1708 1705 185 64 absque
1818 1705 111 64 omni

138 1758 286 66 impedimento:
371 1758 125 66 sic
442 1758 197 66 obiecto
585 1758 250 66 expellente
782 1758 268 66 ignorantiam
997 1758 107 66 ab
1050 1758 250 66 intellectu
1247 1758 233 66 praecise,
1426 1758 215 66 exposita
1587 1758 125 66 est
1659 1758 125 66 vis
1712 1758 215 66 voluntatis

135 1820 266 57 potestati
339 1820 163 57 suae
441 1820 245 57 naturali
625 1820 204 57 absque
768 1820 163 57 omni
870 1820 306 57 impedimento
1115 1820 123 57 ad
1176 1820 245 57 mouendum
1360 1820 225 57 aliquid
1523 1820 245 57 secundum
1687 1820 245 57 exigentiam

144 1876 137 56 suae
230 1876 206 56 naturae,
384 1876 120 56 nec
452 1876 206 56 vlterius
606 1876 120 56 hic
675 1876 274 56 intelligitur
897 1876 188 56 aliquid
1034 1876 171 56 facere
1154 1876 206 56 obiectum
1308 1876 103 56 in
1360 1876 257 56 intellectu:
1565 1876 154 56 sicut
1668 1876 120 56 nec
1737 1876 120 56 ibi
1788 1876 137 56 scamo-

141 1917 128 65 nea.
221 1917 160 65 Aliter
333 1917 128 65 enim
413 1917 112 65 non
477 1917 160 65 essent
589 1917 160 65 causae
701 1917 128 65 sine
781 1917 128 65 quam
861 1917 128 65 non:
941 1917 112 65 sed
1005 1917 176 65 propter
1132 1917 128 65 quam
1212 1917 128 65 sic.
1292 1917 96 65 Et
1340 1917 128 65 ideo
1420 1917 144 65 sicut
1516 1917 112 65 ibi
1580 1917 176 65 expulsa
1708 1917 176 65 cholera
1836 1917 80 65 a
1852 1917 80 65 men

142 1974 128 65 bro
215 1974 183 65 potest
343 1974 183 65 virtus
472 1974 202 65 naturae
619 1974 202 65 membrum
765 1974 275 65 infrigidare
985 1974 165 65 aliud
1095 1974 92 65 a
1132 1974 128 65 se:
1205 1974 110 65 eo
1260 1974 147 65 quod
1352 1974 128 65 hoc
1425 1974 220 65 pertinet
1591 1974 110 65 ad
1646 1974 238 65 potentiam
1829 1974 147 65 natu

146 2034 150 58 ralem
247 2034 150 58 eius,
347 2034 134 58 quam
430 2034 234 58 nullatenus
614 2034 117 58 dat
681 2034 100 58 ei
731 2034 217 58 scamonea:
898 2034 100 58 ad
948 2034 134 58 quam
1032 2034 217 58 potentiam
1199 2034 200 58 virtutis
1349 2034 184 58 naturae
1483 2034 134 58 quia
1566 2034 234 58 corporalis
1750 2034 134 58 est:
1817 2034 117 58 nullo

143 2089 143 77 modo
232 2089 214 77 pertinet
393 2089 178 77 mouere
518 2089 196 77 seipsam
661 2089 125 77 vel
732 2089 107 77 id
786 2089 107 77 in
839 2089 125 77 quo
911 2089 143 77 est:
1000 2089 125 77 sed
1071 2089 232 77 solummodo
1250 2089 196 77 aliquid
1393 2089 178 77 aliud:
1517 2089 125 77 sic
1589 2089 125 77 hic
1660 2089 196 77 expulsa
1803 2089 161 77 igno-

141 2145 181 56 rantia
267 2145 108 56 ab
322 2145 289 56 intellectum,
557 2145 181 56 potest
683 2145 217 56 voluntas
846 2145 199 56 seipsam
991 2145 199 56 mouere:
1135 2145 108 56 eo
1190 2145 145 56 quod
1280 2145 127 56 hoc
1352 2145 217 56 pertinet
1515 2145 108 56 ad
1569 2145 235 56 potentiam
1732 2145 199 56 naturalem

140 2188 149 56 eius:
240 2188 133 56 quam
323 2188 266 56 consimiliter
539 2188 233 56 nullatenus
722 2188 116 56 dat
788 2188 100 56 ei
838 2188 216 56 obiectum.
1004 2188 100 56 Ad
1054 2188 133 56 quam
1137 2188 216 56 potentiam
1303 2188 233 56 voluntatis
1486 2188 133 56 quia
1569 2188 249 56 spiritualis
1768 2188 116 56 est
1834 2188 83 56 &
1851 2188 83 56 li-

141 2244 161 68 bera:
248 2244 161 68 nullo
356 2244 143 68 modo
445 2244 215 68 pertinet
606 2244 143 68 motu
695 2244 250 68 spirituali
892 2244 125 68 qui
964 2244 125 68 est
1035 2244 215 68 operatio
1196 2244 89 68 &
1232 2244 232 68 perfectio
1411 2244 161 68 entis
1518 2244 107 68 in
1571 2244 161 68 actum
1679 2244 215 68 secundum
1822 2244 107 68 quod

144 2306 116 65 est
211 2306 100 65 in
261 2306 149 65 actu,
360 2306 166 65 moueri
476 2306 100 65 ab
526 2306 133 65 alio
609 2306 83 65 a
642 2306 100 65 se
692 2306 266 65 necessitante
908 2306 166 65 ipsam:
1024 2306 83 65 &
1057 2306 133 65 quid
1140 2306 183 65 amplius
1273 2306 133 65 est:
1356 2306 116 65 non
1422 2306 166 65 potest
1538 2306 199 65 voluntas
1688 2306 166 65 mouere
1804 2306 149 65 aliud

140 2355 88 58 a
176 2355 105 58 se
228 2355 140 58 siue
316 2355 298 58 spiritualiter
561 2355 140 58 siue
648 2355 280 58 corporaliter
876 2355 228 58 priusquam
1051 2355 193 58 seipsam
1191 2355 175 58 moueat
1313 2355 158 58 primo
1418 2355 315 58 spiritualiter:
1681 2355 280 58 quemadmodum:

141 2411 120 59 lux
209 2411 154 59 nullo
312 2411 137 59 modo
398 2411 223 59 illuminat
569 2411 171 59 aliud:
690 2411 137 59 nisi
775 2411 154 59 primo
878 2411 103 59 in
930 2411 171 59 seipsa
1050 2411 189 59 luceat:
1187 2411 154 59 neque
1290 2411 240 59 quodcunque
1478 2411 154 59 agens
1581 2411 240 59 spirituale
1770 2411 137 59 agit
1838 2411 86 59 ali

144 2467 144 61 quid
234 2467 108 61 in
288 2467 144 61 alio
377 2467 233 61 priusquam
557 2467 144 61 agat
647 2467 144 61 suam
736 2467 215 61 propriam
898 2467 269 61 operationem
1113 2467 108 61 in
1167 2467 197 61 seipso.
1311 2467 197 61 dicente
1454 2467 197 61 Proclo.
1598 2467 179 61 cxxxi.
1706 2467 215 61 propositio

139 2520 134 68 ne.
215 2520 172 68 Omnis
330 2520 153 68 deus
425 2520 95 68 a
463 2520 191 68 seipso
597 2520 229 68 propriam
769 2520 286 68 operationem
998 2520 229 68 orditur.
1170 2520 210 68 Commen.
1322 2520 305 68 Proprietatem
1570 2520 153 68 enim
1666 2520 153 68 eius
1761 2520 153 68 quae
1857 2520 115 68 in

133 2573 213 65 secundo,
293 2573 107 65 in
347 2573 178 65 seipso
471 2573 160 65 primo
578 2573 231 65 intendit.
756 2573 125 65 Cum
827 2573 178 65 igitur
952 2573 196 65 assumit
1094 2573 142 65 quod
1183 2573 213 65 obiectum
1343 2573 125 65 non
1414 2573 142 65 agit
1503 2573 160 65 sicut
1610 2573 231 65 scamonea:
1788 2573 142 65 quia
1859 2573 71 65 ni

140 2626 124 57 hil
211 2626 177 57 potest
335 2626 177 57 facere
459 2626 194 57 aliquid
600 2626 124 57 quo
671 2626 159 57 facto
777 2626 194 57 aliquid
918 2626 177 57 potest
1042 2626 177 57 mouere
1166 2626 212 57 seipsum:
1325 2626 212 57 Dicendum
1484 2626 141 57 quod
1572 2626 159 57 verum
1678 2626 141 57 est,
1767 2626 106 57 si
1802 2626 124 57 illam

139 2682 247 61 potentiam
329 2682 209 61 mouendi
481 2682 209 61 seipsum
633 2682 133 61 non
709 2682 209 61 haberet
861 2682 285 61 naturaliter
1088 2682 95 61 a
1126 2682 133 61 se:
1202 2682 95 61 &
1240 2682 171 61 esset
1354 2682 190 61 omnino
1487 2682 285 61 impossibile
1696 2682 228 61 voluntatem

138 2737 177 64 habere
262 2737 177 64 illam:
386 2737 159 64 sicut
492 2737 212 64 supponit
650 2737 106 64 in
703 2737 247 64 argumento.
898 2737 106 64 Si
951 2737 159 64 tamen
1057 2737 159 64 illam
1163 2737 159 64 habet
1269 2737 88 64 a
1304 2737 106 64 se
1357 2737 283 64 naturaliter:
1586 2737 88 64 &
1622 2737 124 64 est
1692 2737 212 64 impedita
1851 2737 106 64 ab

140 2787 255 57 executione
340 2787 146 57 eius
432 2787 109 57 in
486 2787 164 57 opus,
596 2787 146 57 bene
687 2787 182 57 potest
815 2787 219 57 remouens
979 2787 237 57 prohibens
1162 2787 201 57 aliquid
1308 2787 182 57 facere
1435 2787 128 57 quo
1508 2787 164 57 facto
1618 2787 182 57 potest
1746 2787 182 57 mouere
1855 2787 73 57 se

147 2842 178 62 ipsum:
272 2842 142 62 quid
361 2842 160 62 prius
468 2842 125 62 non
539 2842 196 62 potuit:
681 2842 125 62 non
752 2842 142 62 quia
841 2842 160 62 illam
948 2842 231 62 potentiam
1126 2842 125 62 non
1197 2842 196 62 habuit:
1340 2842 125 62 sed
1411 2842 142 62 quia
1500 2842 214 62 impedita
1660 2842 160 62 fuit.
1749 2842 178 62 Consimi-

133 2898 165 56 liter
242 2898 183 56 omnino
370 2898 110 56 in
425 2898 201 56 exemplo
571 2898 110 56 de
626 2898 238 56 scamonea.
809 2898 165 56 sicut
919 2898 146 56 enim
1010 2898 219 56 obiectum
1175 2898 128 56 non
1248 2898 183 56 potest
1376 2898 201 56 facerem
1522 2898 201 56 aliquid
1668 2898 128 56 quo
1741 2898 165 56 facto
1833 2898 91 56 vo-

137 2952 177 60 luntas
261 2952 177 60 potest
385 2952 177 60 mouere
509 2952 212 60 seipsam:
668 2952 141 60 quia
756 2952 124 60 non
827 2952 177 60 potest
951 2952 106 60 ei
1004 2952 141 60 dare
1092 2952 141 60 hanc
1180 2952 248 60 potentiam:
1375 2952 106 60 eo
1428 2952 141 60 quod
1516 2952 159 60 solum
1622 2952 177 60 potest
1729 2952 194 60 expellere

136 3001 255 69 prohibens:
336 3001 127 69 sed
409 3001 164 69 illam
518 3001 218 69 virtutem
681 3001 273 69 naturaliter
900 3001 164 69 habet
1009 3001 109 69 ex
1063 3001 127 69 se:
1136 3001 91 69 &
1172 3001 145 69 ideo
1263 3001 200 69 expulso
1409 3001 255 69 prohibente
1609 3001 164 69 mouet
1718 3001 218 69 seipsam:
1863 3001 55 69 &

141 3061 124 67 sic
212 3061 159 67 facit
318 3061 213 67 obiectum
478 3061 195 67 aliquid
620 3061 124 67 quo
691 3061 159 67 facto
797 3061 213 67 voluntas
956 3061 177 67 potest
1080 3061 230 67 potestate
1258 3061 142 67 quam
1346 3061 159 67 prius
1453 3061 177 67 habuit
1577 3061 124 67 sed
1647 3061 248 67 impeditam:
1842 3061 89 67 &
1860 3061 71 67 mo

137 3112 97 64 do
185 3112 161 64 habet,
298 3112 113 64 sed
362 3112 193 64 solutam:
507 3112 161 64 mouere
620 3112 193 64 seipsam:
765 3112 113 64 sic
830 3112 113 64 nec
894 3112 193 64 scamonea
1039 3112 161 64 potest
1152 3112 161 64 facere
1265 3112 177 64 aliquid
1393 3112 113 64 quo
1458 3112 145 64 facto
1554 3112 161 64 virtus
1667 3112 193 64 naturam:
1796 3112 129 64 potest

143 3166 213 56 infrigidare
313 3166 142 56 partem
412 3166 113 56 sibi
483 3166 184 56 proximam:
625 3166 113 56 quia
696 3166 99 56 non
753 3166 142 56 potest
852 3166 85 56 ei
895 3166 113 56 dare
965 3166 113 56 hanc
1036 3166 199 56 potentiam:
1192 3166 85 56 eo
1235 3166 113 56 quod
1306 3166 128 56 solum
1391 3166 142 56 potest
1490 3166 184 56 expellere
1632 3166 199 56 prohibens.
1788 3166 99 56 sed
1831 3166 99 56 illam

139 3217 218 88 virtutem
303 3217 164 88 habet
412 3217 273 88 naturaliter
630 3217 109 88 ex
685 3217 127 88 se:
757 3217 91 88 &
794 3217 146 88 ideo
885 3217 200 88 expulso
1030 3217 255 88 prohibente
1230 3217 255 88 infrigidat
1431 3217 182 88 partem
1558 3217 146 88 sibi
1649 3217 237 88 proximam.
1831 3217 91 88 &
1849 3217 91 88 sic
