2385 3740
497 316 188 78 xisset
629 316 169 78 Dauid
742 316 245 78 propheta.
930 316 151 78 Fiat
1024 316 169 78 mensa
1137 316 169 78 eorum
1250 316 169 78 coram
1363 316 169 78 ipsis
1476 316 113 78 in
1533 316 226 78 laqueum,
1702 316 226 78 continuo
1872 316 226 78 adiecit.
2022 316 245 78 Obscurentur

498 382 147 67 oculi
596 382 147 67 eorum
694 382 98 67 ne
743 382 196 67 videant,
890 382 114 67 ita
956 382 147 67 clare
1054 382 147 67 sicut
1152 382 147 67 prius
1250 382 114 67 suo
1315 382 180 67 facto,.
1446 382 131 67 quia
1528 382 114 67 iam
1593 382 180 67 amplius
1724 382 82 67 &
1757 382 213 67 liberius:
1920 382 114 67 cum
1986 382 196 67 dixisset
2116 382 164 67 propheta

495 438 279 59 Obscurentur
719 438 167 59 oculi
830 438 167 59 eorum
942 438 112 59 ne
998 438 223 59 videant,
1165 438 223 59 continuo
1333 438 223 59 adiecit.
1500 438 112 59 Et
1556 438 186 59 dorsum
1686 438 167 59 eorum
1798 438 186 59 semper
1928 438 223 59 incurua.
2096 438 130 59 vbi
2152 438 130 59 dicit

502 502 280 53 Augustinus.
726 502 131 53 Hoc
801 502 261 53 consequens
1006 502 149 53 est,
1099 502 131 53 nam
1174 502 187 53 quorum
1305 502 205 53 fuerunt
1454 502 168 53 oculi
1566 502 243 53 obscurati
1753 502 112 53 ne
1809 502 224 53 videant:
1976 502 224 53 sequitur
2144 502 112 53 vt
2182 502 93 53 dor

496 545 141 63 sum
576 545 181 63 eorum
697 545 302 63 incuruetur:
939 545 141 63 cum
1019 545 181 63 autem
1140 545 201 63 dorsum
1281 545 282 63 voluntatis
1503 545 141 63 sic
1583 545 201 63 fuerit
1724 545 302 63 incuruatum:
1966 545 161 63 tunc
2067 545 181 63 demum
2167 545 101 63 am-

501 596 184 68 pliore
629 596 129 68 ira
703 596 147 68 dei,
794 596 184 68 oculus
923 596 220 68 rationis
1088 596 257 68 obscuratus
1290 596 184 68 omnino
1419 596 275 68 excaecatur.
1639 596 202 68 Propter
1786 596 147 68 quod
1878 596 220 68 sequitur
2043 596 220 68 continuo
2209 596 110 68 in

504 650 214 73 propheta.
668 650 181 73 Effunde
800 650 148 73 super
899 650 115 73 eos
965 650 132 73 iram
1048 650 148 73 tuam.
1146 650 115 73 vbi
1212 650 148 73 dicit
1311 650 247 73 Augustinus.
1509 650 115 73 Nam
1575 650 198 73 caecitas
1723 650 165 73 oculta
1839 650 181 73 vidicta
1971 650 132 73 est.
2053 650 99 73 Vt
2103 650 132 73 enim
2169 650 115 73 dicit

503 698 134 64 idem
587 698 151 64 super
688 698 151 64 psal.
788 698 319 64 decimumtertium:
1057 698 201 64 Corrupti
1208 698 134 64 sunt
1292 698 84 64 &
1325 698 201 64 abomine.
1477 698 201 64 scilicet
1628 698 134 64 sunt
1711 698 101 64 in
1762 698 285 64 affectionibus
1997 698 151 64 suis:
2097 698 151 64 ipsae
2181 698 101 64 sunt

501 751 275 70 affectiones
721 751 147 70 quae
812 751 257 70 corrumpunt
1014 751 202 70 animam:
1160 751 92 70 &
1197 751 128 70 sic
1270 751 257 70 excaecant,
1472 751 92 70 &
1508 751 275 70 corrumpunt,
1728 751 110 70 vt
1783 751 183 70 credat
1912 751 238 70 oppositum
2076 751 202 70 principii

503 811 151 62 esse
598 811 189 62 verum.
730 811 189 62 Cumque
862 811 170 62 anima
975 811 132 62 sic
1051 811 170 62 oculo
1164 811 283 62 intellectus
1391 811 189 62 fuerit
1523 811 264 62 excaecata:
1730 811 151 62 tunc
1825 811 113 62 in
1881 811 245 62 voluntate
2051 811 227 62 cumulantur

500 866 188 66 peccata
637 866 154 66 super
739 866 205 66 peccata.
893 866 137 66 Vnde
979 866 205 66 postquam
1132 866 154 66 dixit
1235 866 222 66 propheta.
1406 866 188 66 Effunde
1543 866 154 66 super
1645 866 120 66 eos
1714 866 154 66 iram.
1816 866 103 66 t.
1868 866 154 66 addit
1970 866 171 66 paucis
2073 866 205 66 interposi-

500 917 153 66 tis.
595 917 191 66 Appone
729 917 286 66 iniquitatem
958 917 172 66 super
1072 917 286 66 iniquitatem
1301 917 229 66 ipsorum.
1473 917 286 66 Augustinus.
1702 917 134 66 Non
1778 917 286 66 vulnerando,
2007 917 134 66 sed
2083 917 229 66 finendo.

507 969 83 59 &
541 969 132 59 tunc
623 969 149 59 demum
722 969 99 59 in
772 969 215 59 voluntate
937 969 149 59 fiunt
1036 969 215 59 obstinati
1201 969 99 59 ne
1250 969 248 59 reuertantur
1449 969 99 59 ad
1498 969 165 59 bonum.
1614 969 182 59 Propter
1746 969 132 59 quid
1828 969 198 59 sequitur
1977 969 215 59 continue.
2142 969 99 59 Et
2191 969 116 59 non

502 1028 184 65 intrent
636 1028 100 65 in
686 1028 151 65 iust.
787 1028 100 65 t.
837 1028 218 65 deleantur
1004 1028 100 65 de
1054 1028 151 65 libro
1155 1028 234 65 viuentium.
1339 1028 100 65 Et
1389 1028 117 65 per
1456 1028 134 65 hunc
1540 1028 151 65 modum
1640 1028 100 65 in
1690 1028 151 65 gvrum
1791 1028 201 65 malitiam
1941 1028 234 65 voluntatis
2109 1028 167 65 sequitur

502 1076 142 64 error
597 1076 190 64 rationis
740 1076 111 64 per
803 1076 285 64 obscurationem:
1040 1076 79 64 &
1072 1076 206 64 econuerso
1230 1076 174 64 errorem
1357 1076 190 64 rationis
1499 1076 142 64 maior
1594 1076 174 64 malitia
1721 1076 237 64 voluntatis,
1911 1076 79 64 &
1943 1076 142 64 illam
2038 1076 142 64 maior
2117 1076 158 64 obscura-

505 1130 136 59 tio:
590 1130 85 59 &
624 1130 119 59 sic
692 1130 204 59 gradatim
845 1130 204 59 quousque
999 1130 102 59 ad
1050 1130 170 59 plenam
1169 1130 204 59 rationis
1322 1130 306 59 excaecationem,
1577 1130 204 59 sequatur
1730 1130 238 59 voluntatis
1918 1130 204 59 perfecta
2054 1130 221 59 obstinatio.

510 1188 119 62 sic
578 1188 153 62 tamen
680 1188 136 62 quod
765 1188 170 62 semper
883 1188 238 62 causalitas
1070 1188 187 62 incipit
1206 1188 85 62 a
1240 1188 187 62 malitia
1376 1188 255 62 voluntatis:
1579 1188 170 62 contra
1698 1188 153 62 illud
1800 1188 136 62 quod
1885 1188 170 62 dicunt
2003 1188 187 62 quidam,
2139 1188 102 62 vt
2173 1188 102 62 habi

497 1237 127 59 tum
570 1237 127 59 est
642 1237 109 59 in
697 1237 145 59 fine
788 1237 291 59 praecedentis
1024 1237 291 59 quaestionis:
1261 1237 127 59 qui
1333 1237 255 59 prophetiam
1533 1237 236 59 sequuntur
1715 1237 200 59 Aristo.
1861 1237 109 59 in
1915 1237 127 59 hoc
1988 1237 109 59 in
2043 1237 200 59 septimo
2170 1237 109 59 ethi

505 1296 175 64 corum,
627 1296 263 64 dimittentes
837 1296 228 64 doctrinam
1012 1296 193 64 clausam
1152 1296 105 64 in
1205 1296 175 64 libris
1327 1296 193 64 sacris,
1467 1296 88 64 &
1502 1296 88 64 a
1537 1296 193 64 sanctis
1677 1296 245 64 expositam,
1870 1296 105 64 vt
1922 1296 158 64 patet
2027 1296 105 64 ex
2080 1296 193 64 dictis.
2202 1296 70 64 Ex

507 1346 178 67 quibus
632 1346 160 67 etiam
738 1346 284 67 aduertendum:
969 1346 142 67 quod
1058 1346 160 67 licet
1165 1346 160 67 error
1272 1346 213 67 rationis
1432 1346 89 67 &
1467 1346 196 67 malitia
1609 1346 249 67 voluntatis
1805 1346 178 67 semper
1929 1346 160 67 simul
2036 1346 142 67 sint
2107 1346 160 67 tempore

508 1398 135 68 siue
592 1398 236 68 duratione,
778 1398 101 68 vt
829 1398 152 68 dicit
930 1398 135 68 illa
1014 1398 236 68 propositio
1200 1398 84 68 a
1233 1398 219 68 magistris
1402 1398 219 68 concessa.
1571 1398 118 68 Non
1638 1398 118 68 est
1706 1398 186 68 malitia
1841 1398 101 68 in
1891 1398 219 68 voluntate
2060 1398 135 68 nisi
2144 1398 118 68 sit
2195 1398 84 68 er-

507 1452 118 63 ror
574 1452 101 63 in
625 1452 202 63 ratione:
776 1452 101 63 ex
827 1452 118 63 qua
894 1452 202 63 sequitur
1046 1452 151 63 illa:
1147 1452 101 63 Si
1197 1452 151 63 ratio
1298 1452 118 63 est
1365 1452 151 63 recta
1466 1452 84 63 &
1500 1452 202 63 voluntas
1651 1452 118 63 est
1719 1452 168 63 recta:
1837 1452 168 63 semper
1954 1452 151 63 tamen
2055 1452 168 63 natura
2173 1452 84 63 &
2190 1452 84 63 cau

492 1505 206 57 salitate
646 1505 223 57 praecedit
818 1505 189 57 malitia
956 1505 258 57 voluntatis,
1162 1505 137 57 puta
1248 1505 103 57 si
1299 1505 155 57 primo
1403 1505 137 57 fuit
1489 1505 189 57 malitia
1626 1505 241 57 voluntatis
1815 1505 103 57 in
1867 1505 103 57 a,
1918 1505 206 57 instanti
2073 1505 137 57 siue
2142 1505 137 57 venia-

511 1560 140 59 lis,
598 1560 140 59 siue
686 1560 228 59 mortalis,
861 1560 88 59 &
896 1560 140 59 toto
983 1560 193 59 tempore
1123 1560 263 59 praecedenti
1333 1560 175 59 potuit
1456 1560 280 59 praecessisse
1683 1560 228 59 rectitudo
1858 1560 88 59 &
1893 1560 158 59 plena
1998 1560 210 59 claritas
2138 1560 140 59 ratio-

501 1624 124 61 nis
572 1624 107 61 de
626 1624 231 61 contrario
803 1624 142 61 eius
892 1624 142 61 quod
981 1624 213 61 voluntas
1141 1624 195 61 elegit:
1283 1624 124 61 sed
1354 1624 160 61 simul
1461 1624 124 61 cum
1532 1624 213 61 generata
1692 1624 124 61 est
1763 1624 195 61 malitia
1905 1624 249 61 voluntatis
2100 1624 107 61 in
2154 1624 107 61 a,
2207 1624 107 61 in

501 1679 164 57 eodem
610 1679 219 57 instanti
774 1679 237 57 declinata
957 1679 128 57 est
1030 1679 164 57 ratio
1139 1679 91 57 a
1176 1679 128 57 sua
1249 1679 274 57 rectitudine
1467 1679 91 57 &
1504 1679 91 57 a
1540 1679 128 57 sua
1613 1679 237 57 claritate
1796 1679 255 57 obscurata:
1996 1679 255 57 veruntamen
2179 1679 91 57 na-

512 1720 130 59 tura
593 1720 146 59 prius
690 1720 113 59 est
755 1720 178 59 malitia
884 1720 97 59 in
933 1720 211 59 voluntate
1095 1720 194 59 generata
1241 1720 130 59 quam
1322 1720 146 59 ratio
1419 1720 113 59 sic
1484 1720 113 59 est
1549 1720 227 59 declinata:
1727 1720 97 59 vt
1776 1720 194 59 secundum
1922 1720 243 59 intellectum
2116 1720 146 59 illud
2213 1720 97 59 in

509 1775 175 65 stans
625 1775 156 65 quod
722 1775 175 65 esta,
839 1775 233 65 oporteat
1014 1775 233 65 diuidere
1189 1775 117 65 in
1247 1775 136 65 duo
1325 1775 175 65 signa
1442 1775 233 65 secundum
1617 1775 175 65 prius
1734 1775 97 65 &
1772 1775 253 65 posterius
1967 1775 233 65 secundum
2142 1775 175 65 natu-

501 1826 141 70 ram,
590 1826 88 70 &
625 1826 106 70 in
678 1826 176 70 priore
801 1826 159 70 signo
907 1826 194 70 malitia
1048 1826 247 70 voluntatis
1242 1826 123 70 est
1312 1826 212 70 generata
1471 1826 176 70 stante
1594 1826 159 70 adhuc
1700 1826 264 70 rectitudine
1912 1826 212 70 rationis
2070 1826 176 70 absque
2176 1826 106 70 omni

503 1880 285 75 obscuratione
734 1880 196 75 vitiosa
877 1880 178 75 tracta
1001 1880 89 75 a
1037 1880 249 75 voluntate.
1233 1880 107 75 In
1286 1880 249 75 posteriore
1482 1880 142 75 vero
1570 1880 160 75 ratio
1677 1880 231 75 declinata
1855 1880 125 75 est
1926 1880 125 75 per
1997 1880 231 75 aliqualem
2157 1880 125 75 obscu

511 1935 210 68 rationem
668 1935 227 68 vitiosam.
843 1935 105 68 Et
895 1935 122 68 est
965 1935 280 68 aduertendum:
1192 1935 140 68 quod
1280 1935 157 68 sicut
1385 1935 210 68 secundum
1542 1935 227 68 praedicta
1717 1935 210 68 voluntas
1874 1935 122 68 non
1944 1935 140 68 quam
2031 1935 140 68 cito
2119 1935 122 68 est
2189 1935 122 68 ma-

510 1988 152 66 litia
611 1988 185 66 infecta
746 1988 84 66 &
780 1988 168 66 omnino
898 1988 168 66 auersa
1016 1988 84 66 a
1049 1988 152 66 bono,
1150 1988 118 66 tam
1218 1988 135 66 cito
1302 1988 118 66 est
1369 1988 236 66 obstinata,
1555 1988 152 66 sicut
1656 1988 118 66 nec
1723 1988 135 66 quam
1807 1988 135 66 cito
1892 1988 152 66 ratio
1993 1988 84 66 a
2026 1988 118 66 sua
2077 1988 202 66 rectitudi-

513 2039 109 63 ne
567 2039 91 63 &
603 2039 235 63 claritate
784 2039 253 63 declinata,
984 2039 127 63 tam
1056 2039 145 63 cito
1147 2039 127 63 est
1219 2039 235 63 excaecata
1400 2039 91 63 &
1436 2039 181 63 omnino
1563 2039 235 63 corrupta,
1744 2039 127 63 aut
1816 2039 91 63 a
1853 2039 145 63 vero
1943 2039 199 63 auersa.
2088 2039 91 63 &
2124 2039 127 63 hoc
2178 2039 109 63 ideo

514 2092 140 65 quia
602 2092 210 65 voluntas
760 2092 158 65 magis
865 2092 210 65 immergit
1022 2092 105 65 se
1075 2092 88 65 &
1110 2092 140 65 vnit
1197 2092 193 65 volito,
1337 2092 140 65 quam
1425 2092 263 65 intellectus
1635 2092 263 65 intellecto,
1845 2092 105 65 vt
1898 2092 158 65 infra
2003 2092 210 65 dicetur.
2160 2092 123 65 SED
2213 2092 70 65 vt

505 2146 194 73 dictum
640 2146 155 73 est,
737 2146 232 73 paulatim
911 2146 174 73 primo
1027 2146 271 73 obscuratur
1240 2146 174 73 ratio
1356 2146 135 73 per
1434 2146 194 73 primam
1569 2146 232 73 malitiam
1743 2146 329 73 aliquantuium,
2014 2146 97 73 &
2053 2146 213 73 crescit
2188 2146 97 73 obs

506 2200 199 68 curatio
651 2200 145 68 plus
742 2200 91 68 &
778 2200 145 68 plus
869 2200 218 68 secundum
1032 2200 145 68 quod
1122 2200 199 68 crescit
1267 2200 91 68 &
1304 2200 272 68 augmentatur
1521 2200 199 68 malitia
1666 2200 272 68 voluntatis:
1884 2200 127 68 ita
1957 2200 145 68 quod
2047 2200 127 68 cum
2102 2200 181 68 rectitu-

514 2256 114 67 do
571 2256 228 67 rationis
742 2256 133 67 sit
818 2256 133 67 per
894 2256 190 67 claram
1028 2256 228 67 notitiam
1199 2256 190 67 firmum
1332 2256 190 67 habere
1465 2256 228 67 iudicium
1636 2256 114 67 de
1693 2256 247 67 veritate,
1884 2256 95 67 &
1922 2256 209 67 rectum,
2074 2256 133 67 qua
2131 2256 152 67 cogni-

509 2307 129 59 tis
582 2307 221 59 terminis
748 2307 294 59 cognoscuntur
986 2307 239 59 principia
1170 2307 110 59 in
1225 2307 239 59 moralibus
1409 2307 92 59 &
1446 2307 110 59 in
1501 2307 312 59 credibilibus:
1758 2307 110 59 vt
1813 2307 147 59 quod
1905 2307 184 59 furtum
2034 2307 129 59 sit
2107 2307 165 59 malum
2199 2307 92 59 co-

517 2359 156 73 gnito
620 2359 138 73 quid
707 2359 121 73 sit
776 2359 190 73 furtum,
914 2359 86 73 &
949 2359 138 73 quid
1035 2359 121 73 sit
1104 2359 173 73 malum,
1225 2359 86 73 &
1260 2359 138 73 quod
1346 2359 138 73 deus
1433 2359 138 73 sit,
1519 2359 190 73 cognito
1658 2359 138 73 quid
1744 2359 121 73 sit
1813 2359 156 73 deus:
1917 2359 86 73 &
1952 2359 138 73 quid
2038 2359 121 73 sit
2107 2359 156 73 esse,
2194 2359 86 73 obs

517 2416 171 65 curata
637 2416 137 65 ipsa
722 2416 188 65 ratione
859 2416 103 65 in
911 2416 120 65 sua
979 2416 188 65 notitia
1116 2416 86 65 &
1150 2416 240 65 deficiente
1339 2416 223 65 claritate
1510 2416 137 65 eius
1595 2416 188 65 incipit
1732 2416 205 65 iudicium
1886 2416 223 65 vacillare
2057 2416 86 65 &
2092 2416 205 65 deficere
2229 2416 51 65 a

518 2469 129 58 sua
591 2469 239 58 firmitate
775 2469 92 58 &
812 2469 294 58 rectitudine.
1051 2469 147 58 Quod
1143 2469 147 58 enim
1235 2469 147 58 quis
1327 2469 166 58 recte
1438 2469 221 58 iudicat,
1603 2469 110 58 ex
1658 2469 202 58 peccato
1806 2469 110 58 ei
1861 2469 110 58 in
1916 2469 184 58 dubium
2045 2469 184 58 venit.
2155 2469 129 58 sicut

514 2522 162 61 super
622 2522 162 61 illud
730 2522 180 61 Matth.
856 2522 198 61 tertio.
1000 2522 108 61 Vt
1054 2522 252 61 tentaretur
1252 2522 90 61 a
1288 2522 216 61 diabolo.
1450 2522 162 61 dicit
1558 2522 162 61 etiam
1666 2522 180 61 Glossa
1792 2522 144 61 illa
1882 2522 144 61 quae
1972 2522 126 61 sic
2044 2522 216 61 incipit.
2188 2522 90 61 No-

511 2575 131 64 uit
586 2575 188 64 filium
718 2575 150 64 dei.
811 2575 113 64 vt
868 2575 188 64 deinde
999 2575 263 64 augmentata
1206 2575 300 64 obscuratione
1450 2575 113 64 ad
1506 2575 338 64 augmentationem
1787 2575 244 64 malitiae,
1975 2575 188 64 tandem
2088 2575 206 64 dubitatio

514 2632 125 70 est
586 2632 107 70 de
639 2632 161 70 illis
747 2632 269 70 principiis,
962 2632 90 70 &
998 2632 179 70 tandem
1123 2632 197 70 ratione
1266 2632 233 70 excaecata
1445 2632 197 70 deficit
1589 2632 179 70 omnino
1714 2632 233 70 rectitudo
1893 2632 197 70 iudicii
2036 2632 161 70 circa
2126 2632 161 70 princi-

517 2682 167 64 pium:
629 2682 93 64 &
666 2682 205 64 notitia
815 2682 335 64 intellectualis
1094 2682 279 64 terminorum,
1317 2682 93 64 &
1355 2682 130 64 per
1429 2682 242 64 appetitum
1615 2682 242 64 sensualem
1801 2682 112 64 ex
1857 2682 205 64 notitia
2006 2682 223 64 sensuali
2173 2682 149 64 quam

515 2743 151 61 habet
616 2743 101 61 de
667 2743 219 61 terminis,
835 2743 185 61 iudicat
970 2743 219 61 oppositum
1138 2743 236 61 principii,
1323 2743 101 61 vt
1373 2743 135 61 quod
1457 2743 168 61 furtum
1575 2743 118 61 est
1643 2743 168 61 bonum,
1760 2743 84 61 &
1794 2743 135 61 quod
1878 2743 135 61 deus
1962 2743 118 61 non
2030 2743 135 61 sit.
2114 2743 151 61 luxta
2198 2743 84 61 il-

511 2792 143 61 lud.
601 2792 161 61 Dixit
708 2792 233 61 insipiens
887 2792 107 61 in
941 2792 161 61 corde
1048 2792 125 61 suo
1120 2792 125 61 non
1192 2792 125 61 est
1263 2792 161 61 deus.
1371 2792 90 61 &
1407 2792 143 61 quae
1496 2792 125 61 sit
1568 2792 161 61 ratio
1675 2792 215 61 continue
1836 2792 251 61 subiungit.
2033 2792 215 61 Corrupti
2177 2792 107 61 sunt

521 2842 119 72 &c.
589 2842 102 72 vt
640 2842 119 72 iam
708 2842 170 72 supra.
827 2842 102 72 Et
878 2842 136 72 tunc
963 2842 204 72 voluntas
1116 2842 119 72 sit
1184 2842 238 72 obstinata,
1371 2842 85 72 &
1405 2842 204 72 impletur
1557 2842 153 72 illud
1659 2842 289 72 prouerbiorum.
1897 2842 170 72 xviii.
2016 2842 204 72 Peccator
2169 2842 119 72 cum
2220 2842 68 72 ve

511 2896 160 56 nerit
618 2896 106 56 in
671 2896 231 56 profundum
848 2896 195 56 malorum
990 2896 248 56 contemnit.
1186 2896 142 56 Quod
1274 2896 213 56 exponens
1434 2896 248 56 Augustinus
1629 2896 160 56 super
1736 2896 160 56 illud
1842 2896 160 56 psal.
1949 2896 177 56 cxlii.
2073 2896 195 56 Similis
2197 2896 89 56 ero

517 2951 333 73 descendentibus
794 2951 111 73 in
849 2951 185 73 lacum,
978 2951 166 73 dicit
1089 2951 148 73 sic.
1182 2951 148 73 Quid
1274 2951 129 73 est
1348 2951 259 73 contemnit.
1551 2951 129 73 lam
1625 2951 129 73 nec
1699 2951 166 73 vllam
1810 2951 296 73 prouidentiam
2050 2951 222 73 deputat,
2198 2951 92 73 aut

512 3005 106 64 si
565 3005 211 64 deputat,
724 3005 106 64 ad
777 3005 158 64 illam
882 3005 106 64 se
935 3005 229 64 pertinere
1111 3005 123 64 non
1182 3005 176 64 putat,
1305 3005 211 64 proponit
1463 3005 141 64 sibi
1551 3005 229 64 licentiam
1727 3005 229 64 peccandi.
1904 3005 141 64 Vnde
1992 3005 106 64 si
2027 3005 264 64 excaecationem

515 3057 259 57 appellemus
718 3057 185 57 plenum
847 3057 222 57 defectum
1013 3057 203 57 iudicii
1161 3057 240 57 rationis:
1346 3057 129 57 non
1420 3057 185 57 statim
1549 3057 166 57 ratio
1660 3057 277 57 excaecatur:
1882 3057 129 57 sed
1955 3057 259 57 praecedunt
2140 3057 148 57 plures

514 3111 190 63 gradus
647 3111 343 63 obscurationis.
933 3111 114 63 Si
990 3111 152 63 vero
1085 3111 266 63 appellemus
1294 3111 324 63 excaecationem
1561 3111 171 63 totum
1675 3111 266 63 progressum
1884 3111 343 63 excaecationis,
2151 3111 133 63 secun

520 3172 118 77 dum
587 3172 134 77 quod
671 3172 134 77 vsus
756 3172 118 77 fui
823 3172 269 77 excaecatione
1041 3172 101 77 in
1092 3172 151 77 primo
1193 3172 219 77 Quolibet,
1361 3172 185 77 dicendo
1495 3172 134 77 quod
1579 3172 134 77 quam
1663 3172 134 77 cito
1747 3172 118 77 est
1814 3172 185 77 malitia
1949 3172 101 77 in
1999 3172 235 77 voluntate,
2167 3172 118 77 ratio
