2402 3691
98 357 279 68 obscuratur
317 357 100 68 &
357 357 299 68 excaecatur,
597 357 299 68 quemadmodum
836 357 160 68 homo
936 357 140 68 qui
1015 357 239 68 graditur
1195 357 239 68 continue
1374 357 120 68 ad
1434 357 199 68 mortem
1574 357 219 68 dicitur
1713 357 140 68 mori.

113 413 104 60 Ex
165 413 173 60 quibus
285 413 242 60 declaratur
475 413 190 60 veritas
613 413 173 60 illius
734 413 207 60 articuli
889 413 173 60 tertii
1010 413 173 60 positi
1131 413 104 60 in
1182 413 138 60 fine
1269 413 276 60 praecedentis
1493 413 276 60 quaestionis:
1700 413 155 60 manente

108 474 195 69 scientia
254 474 244 69 particulari
449 474 98 69 in
498 474 146 69 actum
596 474 81 69 &
628 474 212 69 similiter
791 474 195 69 passione
938 474 130 69 quod
1019 474 195 69 voluntas
1166 474 114 69 non
1231 474 163 69 possit
1345 474 146 69 velle
1442 474 228 69 oppositum,
1621 474 163 69 error:
1735 474 81 69 &
1751 474 98 69 velt

114 523 253 64 propositionis
323 523 224 64 magistralis
502 523 119 64 quae
576 523 149 64 dicit:
680 523 104 64 Non
740 523 104 64 est
800 523 164 64 malitia
919 523 89 64 in
964 523 194 64 voluntate
1113 523 119 64 nisi
1187 523 104 64 sit
1247 523 134 64 error
1336 523 89 64 in
1381 523 179 64 ratione:
1515 523 75 64 &
1545 523 164 64 quomodo
1664 523 134 64 simul
1739 523 104 64 stant

118 582 78 66 &
150 582 171 66 quomodo
274 582 124 66 non.
351 582 217 66 Verumtamen
522 582 93 66 ad
568 582 202 66 ampliorem
724 582 217 66 vtrorumque
894 582 233 66 intellectum
1080 582 109 66 est
1142 582 109 66 hic
1204 582 248 66 aduertendum,
1406 582 124 66 quod
1484 582 140 66 ista,
1577 582 155 66 sciens
1685 582 109 66 non
1732 582 124 66 potest

107 631 138 62 velle
199 631 200 62 oppositum
353 631 215 62 scientiae,
522 631 154 62 duplex
629 631 123 62 est,
706 631 138 62 sicut
799 631 138 62 illa,
891 631 154 62 sedens
998 631 108 62 non
1060 631 154 62 potest
1168 631 200 62 ambulare.
1321 631 123 62 Quia
1398 631 154 62 potest
1506 631 123 62 esse
1583 631 215 62 composita,
1752 631 92 62 vt
1783 631 62 62 ly

108 683 153 61 velle
210 683 238 61 determinet
397 683 102 61 ly
448 683 187 61 sciens:
584 683 85 61 &
618 683 119 61 sic
686 683 238 61 componatur
873 683 102 61 ei
924 683 119 61 sub
991 683 119 61 hoc
1059 683 170 61 sensu:
1178 683 204 61 scientem
1331 683 153 61 velle
1433 683 221 61 oppositum
1603 683 221 61 scientiae
1756 683 85 61 non

104 741 118 61 est
172 741 236 61 possibile.
357 741 101 61 in
408 741 118 61 quo
476 741 152 61 sensu
577 741 219 61 expositio
746 741 169 61 habita
864 741 101 61 in
914 741 253 61 praecedente
1117 741 236 61 quaestione
1303 741 186 61 diceret
1438 741 118 61 eam
1505 741 135 61 esse
1590 741 169 61 veram,
1708 741 135 61 quia
1775 741 68 61 se

104 795 169 61 cundum
222 795 152 61 ipsam
324 795 118 61 pro
391 795 135 61 hora
476 795 220 61 scientiae
645 795 118 61 non
713 795 169 61 potest
831 795 152 61 velle
932 795 237 61 oppositum.
1118 795 118 61 Vel
1186 795 169 61 potest
1304 795 135 61 esse
1389 795 186 61 diuisa:
1524 795 101 61 vt
1575 795 101 61 Iy
1625 795 152 61 velle
1727 795 118 61 non
1777 795 68 61 de

110 857 198 56 terminet
259 857 99 56 ly
309 857 182 56 sciens,
441 857 116 56 sed
507 857 215 56 separetur
673 857 99 56 ab
722 857 132 56 ipso
805 857 116 56 sub
871 857 116 56 hoc
937 857 165 56 sensu,
1053 857 198 56 scientem
1202 857 116 56 non
1268 857 116 56 est
1334 857 215 56 possibile
1500 857 149 56 velle
1599 857 232 56 oppositum:
1781 857 99 56 in

108 898 119 71 quo
176 898 154 71 sensu
279 898 171 71 procul
398 898 154 71 dubio
501 898 119 71 est
569 898 171 71 falsa,
688 898 137 71 quia
774 898 137 71 tunc
859 898 102 71 in
910 898 154 71 nullo
1013 898 188 71 tempore
1149 898 222 71 vlteriore
1320 898 154 71 etiam
1422 898 119 71 non
1491 898 188 71 manente
1627 898 205 71 scientia
1764 898 85 71 pos

111 950 116 69 set
178 950 149 69 velle
277 950 232 69 oppositum.
460 950 216 69 Similiter
626 950 149 69 illa,
726 950 166 69 sciens
842 950 116 69 dum
908 950 133 69 scit
992 950 116 69 non
1058 950 133 69 pont
1141 950 149 69 velle
1241 950 232 69 oppositum,
1423 950 149 69 sicut
1523 950 83 69 &
1556 950 149 69 illa,
1656 950 166 69 sedens
1772 950 116 69 dum

108 1007 154 58 sedet
211 1007 120 58 non
279 1007 171 58 potest
399 1007 223 58 ambulare,
571 1007 154 58 eodem
673 1007 137 58 modo
759 1007 120 58 est
828 1007 189 58 duplex,
965 1007 86 58 &
999 1007 154 58 eodem
1102 1007 137 58 modo
1188 1007 137 58 vera
1273 1007 86 58 &
1308 1007 171 58 falsa,
1428 1007 86 58 &
1462 1007 206 58 secundum
1616 1007 171 58 eosdem
1719 1007 137 58 sensus

104 1058 119 73 sed
172 1058 153 73 magis
274 1058 254 73 explicatos.
477 1058 119 73 Est
545 1058 136 73 enim
630 1058 136 73 iste
714 1058 170 73 sensus
833 1058 254 73 compositus:
1036 1058 203 73 scientem
1189 1058 153 73 velle
1291 1058 220 73 oppositum
1460 1058 220 73 scientiae
1630 1058 119 73 dum
1697 1058 119 73 est
1748 1058 102 73 sci-

113 1112 132 60 ens,
196 1112 116 60 non
262 1112 116 60 est
328 1112 232 60 possibile,
510 1112 83 60 &
543 1112 132 60 iste
626 1112 116 60 est
692 1112 165 60 sensus
808 1112 198 60 diuisus,
957 1112 198 60 scientem
1106 1112 116 60 dum
1172 1112 116 60 est
1238 1112 165 60 sciens
1354 1112 116 60 non
1420 1112 116 60 est
1486 1112 215 60 possibile
1652 1112 149 60 velle
1734 1112 116 60 oppo-

112 1169 174 58 situm:
233 1169 139 58 siue
320 1169 174 58 sciens
442 1169 122 58 dum
511 1169 122 58 est
581 1169 174 58 sciens
703 1169 122 58 non
772 1169 156 58 habet
877 1169 243 58 potestatem
1068 1169 191 58 volendi
1207 1169 104 58 de
1259 1169 191 58 caetero
1398 1169 243 58 oppositum.
1589 1169 226 58 Similiter
1746 1169 104 58 ista

112 1220 177 59 sciens
236 1220 177 59 manens
361 1220 177 59 sciens
485 1220 124 59 non
556 1220 177 59 potest
680 1220 160 59 velle
786 1220 248 59 oppositum,
981 1220 160 59 eodem
1088 1220 142 59 modo
1176 1220 177 59 duplex
1300 1220 142 59 est:
1389 1220 89 59 &
1424 1220 160 59 habet
1531 1220 248 59 consimiles
1708 1220 142 59 sensus

110 1276 151 61 sicut
211 1276 84 61 &
244 1276 151 61 illa,
345 1276 168 61 sedens
462 1276 168 61 manens
580 1276 168 61 sedens
697 1276 117 61 non
764 1276 168 61 potest
882 1276 218 61 ambulare.
1049 1276 101 61 Et
1099 1276 168 61 procul
1217 1276 151 61 dubio
1317 1276 101 61 si
1368 1276 101 61 in
1418 1276 151 61 illa,
1519 1276 117 61 Non
1586 1276 117 61 est
1653 1276 184 61 malitia
1787 1276 101 61 in

111 1334 213 58 voluntate
274 1334 131 58 nisi
356 1334 115 58 sit
422 1334 147 58 error
520 1334 98 58 in
569 1334 196 58 ratione:
716 1334 115 58 non
781 1334 115 58 est
847 1334 278 58 distinguendum
1076 1334 98 58 de
1125 1334 164 58 errore
1240 1334 98 58 in
1289 1334 196 58 ratione:
1436 1334 98 58 et
1485 1334 213 58 similiter
1649 1334 98 58 si
1698 1334 98 58 in
1730 1334 115 58 illa,

101 1383 178 65 sciens
226 1383 196 65 manente
369 1383 214 65 scientia
529 1383 125 65 non
600 1383 143 65 pont
689 1383 160 65 velle
796 1383 250 65 oppositum,
992 1383 125 65 non
1064 1383 125 65 est
1135 1383 303 65 distinguendum
1385 1383 107 65 de
1438 1383 214 65 scientia
1598 1383 214 65 manente.
1759 1383 125 65 Sed

103 1433 147 61 omnes
201 1433 163 61 sensus
315 1433 212 61 praedicti
478 1433 212 61 compositi
642 1433 131 61 sunt
723 1433 147 61 veri,
821 1433 98 61 si
870 1433 131 61 illa
952 1433 114 61 est
1017 1433 147 61 vera,
1115 1433 98 61 si
1164 1433 196 61 scientia
1311 1433 114 61 est
1376 1433 163 61 recta,
1491 1433 196 61 voluntas
1638 1433 114 61 est
1703 1433 163 61 recta,
1801 1433 49 61 &

106 1493 237 63 econuerso,
292 1493 85 63 &
326 1493 101 63 si
377 1493 203 63 scientia
529 1493 118 63 est
597 1493 203 63 obliqua,
749 1493 85 63 &
783 1493 203 63 voluntas
935 1493 118 63 est
1002 1493 203 63 obliqua,
1155 1493 85 63 &
1188 1493 237 63 econuerso,
1374 1493 101 63 vt
1425 1493 169 63 semper
1544 1493 220 63 rectitudo
1696 1493 152 63 propor-

109 1544 234 62 tionaliter
293 1544 234 62 respondeat
478 1544 251 62 rectitudini
679 1544 84 62 &
712 1544 234 62 obliquatio
896 1544 285 62 obliquationi,
1131 1544 100 62 vt
1181 1544 167 62 possit
1298 1544 134 62 esse
1382 1544 151 62 verum
1483 1544 134 62 quod
1566 1544 151 62 dicit
1667 1544 134 62 ille
1734 1544 117 62 arti-

106 1591 166 58 culus:
222 1591 133 58 quod
305 1591 166 58 sciens
421 1591 166 58 manens
537 1591 166 58 sciens
653 1591 133 58 siue
736 1591 182 58 manente
869 1591 199 58 scientia
1018 1591 116 58 non
1084 1591 166 58 potest
1201 1591 149 58 velle
1300 1591 232 58 oppositum,
1482 1591 166 58 error:
1598 1591 133 58 nisi
1681 1591 116 58 pro
1731 1591 116 58 sensu

106 1647 155 61 diuiso.
218 1647 127 61 sicut
303 1647 98 61 non
359 1647 141 61 potest
458 1647 113 61 esse
528 1647 127 61 verum
612 1647 113 61 quid
683 1647 127 61 dicit
767 1647 113 61 illa
837 1647 211 61 propositio:
1006 1647 84 61 Si
1048 1647 169 61 scientia
1175 1647 98 61 est
1231 1647 141 61 recta,
1330 1647 169 61 voluntas
1456 1647 98 61 est
1512 1647 141 61 recta,
1611 1647 141 61 error:
1709 1647 113 61 nisi
1766 1647 70 61 pro

103 1696 262 71 necessitate
312 1696 297 71 consequentis.
557 1696 157 71 Quare
661 1696 105 71 si
714 1696 245 71 econtrario
906 1696 210 71 secundum
1063 1696 157 71 verum
1168 1696 262 71 intellectum
1377 1696 210 71 articuli
1535 1696 210 71 ponantur
1692 1696 157 71 omnes
1779 1696 70 71 il

105 1751 103 62 li
156 1751 172 62 sensus
277 1751 224 62 compositi
450 1751 172 62 falsi,
570 1751 103 62 vt
622 1751 172 62 sciens
743 1751 172 62 posset
863 1751 155 62 velle
967 1751 224 62 oppositum
1139 1751 121 62 dum
1208 1751 121 62 est
1277 1751 190 62 sciens:
1415 1751 86 62 &
1449 1751 138 62 tunc
1536 1751 190 62 manente
1656 1751 190 62 scientia,

111 1807 108 56 aut
172 1807 138 56 etiam
264 1807 138 56 post,
356 1807 154 56 procul
464 1807 138 56 dubio
556 1807 123 56 illa
633 1807 230 56 propositio,
817 1807 108 56 non
879 1807 108 56 est
940 1807 169 56 malitia
1063 1807 92 56 in
1109 1807 200 56 voluntate
1262 1807 123 56 nisi
1339 1807 108 56 sit
1401 1807 138 56 error
1493 1807 92 56 in
1539 1807 184 56 ratione,
1677 1807 138 56 falsa
1754 1807 92 56 est.

101 1861 95 56 et
149 1861 206 56 similiter
307 1861 143 56 ista,
402 1861 95 56 si
450 1861 143 56 ratio
545 1861 111 56 est
608 1861 159 56 recta,
719 1861 190 56 voluntas
862 1861 111 56 est
926 1861 159 56 recta,
1036 1861 143 56 etiam
1132 1861 238 56 necessitate
1322 1861 285 56 consequentiae,
1560 1861 79 56 &
1591 1861 254 56 contrariatur
1782 1861 63 56 ar

105 1920 175 61 ticulo
227 1920 192 61 damnato
367 1920 140 61 nisi
454 1920 280 61 distinguatur
682 1920 157 61 error
786 1920 227 61 rationis:
961 1920 87 61 &
996 1920 227 61 similiter
1171 1920 210 61 scientia
1328 1920 192 61 manens.
1468 1920 122 61 Hoc
1538 1920 140 61 enim
1626 1920 157 61 facto
1713 1920 140 61 concor

107 1966 136 65 dari
192 1966 187 65 possunt
328 1966 238 65 articulus,
514 1966 85 65 &
548 1966 153 65 dicta
650 1966 238 65 propositio
837 1966 102 65 vt
888 1966 119 65 iam
956 1966 204 65 patebit.
1108 1966 238 65 Sustinendo
1295 1966 136 65 ergo
1380 1966 170 65 dictas
1499 1966 289 65 propositiones
1736 1966 102 65 de
1770 1966 85 65 sci

97 2019 112 56 re
153 2019 94 56 &
191 2019 169 56 velle
303 2019 187 56 falsas
434 2019 169 56 esse,
547 2019 94 56 &
584 2019 225 56 secundum
753 2019 187 56 sensum
884 2019 281 56 compositum,
1109 2019 225 56 secundum
1277 2019 206 56 aliquos
1427 2019 187 56 modos,
1558 2019 112 56 vt
1614 2019 131 56 iam
1671 2019 187 56 dicetur:

102 2072 101 54 et
153 2072 203 54 secundum
305 2072 203 54 diuisum:
457 2072 152 54 licet
558 2072 152 54 illae
659 2072 101 54 de
710 2072 169 54 sedere
828 2072 101 54 et
879 2072 203 54 ambulare
1031 2072 101 54 in
1081 2072 152 54 sensu
1183 2072 219 54 composito
1351 2072 135 54 sunt
1436 2072 169 54 verae:
1554 2072 101 54 et
1605 2072 152 54 tamen
1706 2072 152 54 posse
1790 2072 68 54 si

104 2123 125 60 mul
176 2123 161 60 stare
283 2123 179 60 quoquo
408 2123 143 60 modo
497 2123 179 60 dictam
622 2123 304 60 propositionem
872 2123 268 60 magistralem
1086 2123 107 60 in
1140 2123 125 60 sua
1211 2123 232 60 veritate:
1390 2123 143 60 Dico
1479 2123 143 60 quod
1568 2123 143 60 ista
1640 2123 214 60 propositio

101 2176 152 69 error
202 2176 118 69 est
270 2176 135 69 quod
354 2176 168 69 sciens
472 2176 185 69 manente
606 2176 202 69 scientia
758 2176 118 69 non
825 2176 168 69 potest
943 2176 152 69 velle
1044 2176 236 69 oppositum,
1230 2176 202 69 secundum
1381 2176 219 69 praedicta
1550 2176 168 69 duplex
1668 2176 135 69 est,
1752 2176 101 69 et
1786 2176 67 69 se

105 2230 184 64 cundum
233 2230 147 64 duos
325 2230 184 64 sensus
454 2230 147 64 duas
545 2230 184 64 causas
674 2230 165 64 habet
784 2230 257 64 veritatis.
986 2230 147 64 Vnam
1078 2230 147 64 quod
1170 2230 202 64 manente
1317 2230 220 64 scientia
1482 2230 165 64 prius
1592 2230 129 64 per
1665 2230 165 64 totum
1757 2230 92 64 tem

105 2282 119 70 pus
173 2282 238 70 praecedens
360 2282 153 70 actum
462 2282 204 70 volendi,
615 2282 204 70 voluntas
768 2282 119 70 non
836 2282 170 70 possit
955 2282 102 70 in
1005 2282 221 70 oppositum
1175 2282 170 70 finito
1294 2282 136 70 illo
1379 2282 204 70 tempore:
1532 2282 102 70 vt
1583 2282 102 70 si
1634 2282 102 70 in
1685 2282 102 70 a.
1719 2282 136 70 instan

109 2337 108 63 ti
163 2337 198 63 ponatur
307 2337 180 63 primus
433 2337 162 63 actus
541 2337 216 63 volendi,
703 2337 108 63 et
757 2337 216 63 scientia
919 2337 216 63 opposita
1081 2337 198 63 manente
1225 2337 126 63 per
1297 2337 162 63 totum
1405 2337 252 63 praecedens
1603 2337 198 63 tempus,
1729 2337 126 63 licet

104 2390 169 68 quoquo
223 2390 135 68 modo
307 2390 254 68 corrumpatur
510 2390 102 68 in
561 2390 135 68 illo
646 2390 135 68 actu
731 2390 203 68 volendi.
883 2390 119 68 Nec
951 2390 169 68 refert
1069 2390 102 68 ad
1120 2390 119 68 hoc
1188 2390 135 68 siue
1272 2390 152 68 error
1374 2390 203 68 rationis
1526 2390 186 68 ponatur
1662 2390 152 68 causa
1746 2390 102 68 erro

107 2450 113 61 ris
171 2450 242 61 voluntatis,
365 2450 129 61 siue
446 2450 226 61 econverso.
623 2450 97 61 In
671 2450 129 61 isto
752 2450 145 61 sensu
849 2450 194 61 secundum
994 2450 145 61 istam
1091 2450 161 61 causam
1204 2450 161 61 clarum
1317 2450 113 61 est
1381 2450 129 61 quod
1462 2450 161 61 dictum
1575 2450 97 61 in
1623 2450 129 61 illo
1688 2450 161 61 articulo

108 2496 122 60 est
177 2496 175 60 error.
300 2496 122 60 Est
369 2496 140 60 enim
457 2496 175 60 sensus
579 2496 192 60 diuisus
718 2496 105 60 et
771 2496 262 60 manifestior
980 2496 140 60 quem
1068 2496 175 60 potest
1190 2496 192 60 habere.
1329 2496 157 60 Aliam
1434 2496 140 60 vero
1521 2496 175 60 causam
1644 2496 157 60 habet
1731 2496 122 60 veri-

108 2547 145 67 tatis
205 2547 129 67 quod
285 2547 178 67 manente
415 2547 194 67 scientia
560 2547 145 67 simul
657 2547 113 67 cum
721 2547 129 67 ipso
802 2547 161 67 velle,
915 2547 113 67 aut
979 2547 145 67 etiam
1076 2547 129 67 post
1157 2547 145 67 ipsum
1254 2547 161 67 velle,
1367 2547 194 67 voluntas
1512 2547 113 67 non
1577 2547 161 67 potest
1690 2547 145 67 velle
1770 2547 81 67 op-

110 2604 215 66 positum,
271 2604 143 66 quia
361 2604 125 66 non
432 2604 197 66 necesse
575 2604 125 66 est
647 2604 251 66 voluntatem
844 2604 107 66 et
898 2604 233 66 scientiam
1076 2604 251 66 concordare
1273 2604 107 66 in
1327 2604 268 66 rectitudine
1542 2604 107 66 et
1595 2604 286 66 obliquatione

109 2655 108 71 qui
170 2655 108 71 est
232 2655 155 71 sensus
341 2655 186 71 diuisus.
480 2655 139 71 Vnde.
573 2655 93 71 si
620 2655 186 71 scientia
759 2655 108 71 est
821 2655 155 71 recta,
930 2655 93 71 et
976 2655 186 71 voluntas
1116 2655 108 71 est
1178 2655 155 71 recta:
1286 2655 93 71 et
1333 2655 93 71 si
1379 2655 186 71 scientia
1519 2655 108 71 est
1581 2655 170 71 obliqua
1705 2655 93 71 et
1736 2655 108 71 volum

110 2706 104 59 tas
170 2706 104 59 est
229 2706 178 59 obliqua,
363 2706 89 59 et
407 2706 208 59 econuerso:
571 2706 119 59 quia
645 2706 178 59 voluntas
779 2706 149 59 potest
883 2706 134 59 velle
972 2706 193 59 oppositum
1120 2706 119 59 eius
1194 2706 119 59 quod
1269 2706 178 59 scientia
1402 2706 149 59 manens
1506 2706 163 59 dictat,
1625 2706 89 59 et
1670 2706 104 59 sic
1714 2706 134 59 prasent

108 2764 237 64 discordare,
298 2764 95 64 vt
345 2764 126 64 quod
424 2764 111 64 non
487 2764 190 64 obstante
630 2764 126 64 quod
709 2764 190 64 scientia
851 2764 158 64 manens
961 2764 111 64 sit
1024 2764 158 64 recta,
1135 2764 190 64 voluntas
1277 2764 158 64 potest
1388 2764 126 64 esse
1467 2764 174 64 obliqua
1593 2764 158 64 simul,
1704 2764 111 64 aut
1751 2764 95 64 ecom

102 2808 105 71 tra
162 2808 105 71 non
222 2808 180 71 obstante
358 2808 120 71 quod
433 2808 180 71 scientia
568 2808 105 71 sit
628 2808 180 71 obliqua,
763 2808 180 71 voluntas
899 2808 150 71 potest
1004 2808 120 71 esse
1079 2808 150 71 recta.
1184 2808 105 71 Sed
1245 2808 90 71 in
1290 2808 105 71 hoc
1350 2808 135 71 sensu
1440 2808 241 71 distinguenda
1636 2808 105 71 est
1696 2808 120 71 illa
1771 2808 105 71 pro

103 2868 192 69 positio,
247 2868 112 69 non
311 2868 176 69 necesse
438 2868 112 69 est
502 2868 223 69 voluntatem
678 2868 96 69 et
726 2868 208 69 scientiam
885 2868 239 69 concordare,
1077 2868 128 69 sic:
1157 2868 128 69 quod
1236 2868 112 69 non
1300 2868 112 69 est
1364 2868 176 69 necesse
1492 2868 96 69 si
1540 2868 192 69 scientia
1683 2868 112 69 sit
1731 2868 112 69 recta

104 2911 200 78 voluntas
255 2911 117 78 est
321 2911 167 78 recta,
438 2911 100 78 et
488 2911 184 78 econtra
622 2911 100 78 si
672 2911 200 78 scientia
822 2911 117 78 est
889 2911 200 78 obliqua,
1040 2911 100 78 et
1090 2911 200 78 voluntas
1240 2911 117 78 est
1307 2911 200 78 obliqua:
1457 2911 134 78 quia
1541 2911 100 78 ly
1591 2911 184 78 necesse
1708 2911 150 78 negatum

101 2973 158 69 potest
212 2973 158 69 dicere
323 2973 253 69 necessitatem
528 2973 269 69 consequentis,
749 2973 111 69 vel
813 2973 285 69 consequentiae.
1050 2973 95 69 Si
1097 2973 269 69 consequentis,
1318 2973 111 69 sic
1382 2973 158 69 iterum
1492 2973 158 69 clarum
1603 2973 111 69 est
1666 2973 126 69 quod
1730 2973 126 69 dictum

107 3035 88 58 in
151 3035 117 58 illo
225 3035 176 58 articulo
356 3035 103 58 est
415 3035 146 58 error:
517 3035 117 58 quia
591 3035 88 58 si
635 3035 176 58 scientia
766 3035 103 58 est
825 3035 132 58 recta
913 3035 103 58 non
971 3035 103 58 est
1030 3035 161 58 necesse
1147 3035 117 58 quod
1220 3035 176 58 voluntas
1352 3035 103 58 sit
1411 3035 132 58 recta
1499 3035 88 58 vt
1542 3035 103 58 non
1601 3035 146 58 possit
1704 3035 132 58 velle
1777 3035 73 58 op-

99 3083 204 62 positum,
252 3083 102 62 vt
303 3083 170 62 dictum
422 3083 119 62 est
490 3083 102 62 in
541 3083 136 62 fine
626 3083 272 62 praecedentis
847 3083 272 62 quaestionis.
1069 3083 102 62 Si
1120 3083 136 62 vero
1205 3083 153 62 dicat
1307 3083 272 62 necessitatem
1528 3083 306 62 consequentiae,
1766 3083 85 62 sic

97 3134 145 58 ista,
193 3134 97 58 si
242 3134 193 58 scientia
387 3134 113 58 est
451 3134 161 58 recta,
564 3134 113 58 non
628 3134 113 58 est
692 3134 177 58 necesse
821 3134 129 58 quod
902 3134 193 58 voluntas
1046 3134 113 58 sit
1111 3134 145 58 recta
1207 3134 129 58 duas
1288 3134 145 58 habet
1384 3134 161 58 causas
1497 3134 225 58 veritatis.
1674 3134 145 58 Vnam:
1754 3134 97 58 quia

99 3186 210 86 scientia
257 3186 158 86 recta
362 3186 123 86 non
433 3186 123 86 est
503 3186 158 86 causa
608 3186 245 86 voluntatis
801 3186 193 86 rectae.
941 3186 175 86 Aliam:
1064 3186 140 86 quia
1152 3186 210 86 voluntas
1309 3186 193 86 obliqua
1450 3186 158 86 stare
1555 3186 175 86 potest
1678 3186 158 86 simul
1765 3186 88 86 cum
