2420 3708
523 329 194 97 scientia
668 329 161 97 recta,
781 329 113 97 aut
845 329 194 97 econtra.
991 329 97 97 In
1039 329 129 97 isto
1120 329 145 97 primo
1216 329 161 97 sensu,
1329 329 81 97 &
1362 329 194 97 secundum
1507 329 145 97 istam
1604 329 161 97 causam
1716 329 161 97 clarum
1829 329 113 97 est
1894 329 129 97 quod
1975 329 161 97 dictum
2087 329 97 97 ln
2136 329 129 97 illo
2216 329 97 97 am

518 415 169 55 ticulo
636 415 118 55 est
704 415 169 55 error.
822 415 135 55 Haec
906 415 152 55 enim,
1007 415 101 55 vt
1058 415 169 55 dictum
1176 415 118 55 est
1243 415 101 55 in
1294 415 135 55 fine
1378 415 270 55 praecedentis
1597 415 270 55 quaestionis,
1816 415 135 55 fuit
1900 415 152 55 causa
2001 415 320 55 principalisdam-

527 470 125 55 nandi
610 470 125 55 illum
694 470 194 55 articulum,
846 470 111 55 qua.
916 470 167 55 scilicet
1041 470 167 55 supponit
1166 470 111 55 quod
1235 470 125 55 ratio
1318 470 97 55 sic
1374 470 97 55 est
1429 470 139 55 motiua
1527 470 208 55 necessitate
1693 470 167 55 naturali
1818 470 139 55 ipsius
1915 470 194 55 voluntatis
2068 470 111 55 quod
2137 470 97 55 non
2179 470 111 55 possit

532 519 145 67 omnino
634 519 233 67 contrariari,
823 519 116 67 quid
896 519 145 67 falsum
998 519 116 67 est,
1070 519 116 67 quia
1143 519 160 67 liberum
1259 519 73 67 &
1288 519 218 67 voluntarium
1463 519 116 67 quod
1535 519 102 67 est
1593 519 145 67 liberi
1695 519 174 67 arbitrii
1826 519 102 67 non
1884 519 145 67 potest
1986 519 102 67 sic
2044 519 145 67 moueri
2146 519 87 67 de
2175 519 116 67 neces-

523 582 173 57 sitate
644 582 104 57 ab
695 582 138 57 alio
782 582 173 57 absque
903 582 242 57 coactione:
1093 582 138 57 quia
1179 582 173 57 moueri
1300 582 121 57 non
1369 582 155 57 habet
1473 582 138 57 nisi
1559 582 86 57 a
1594 582 104 57 se
1646 582 155 57 sola,
1749 582 121 57 aut
1818 582 155 57 etiam
1922 582 104 57 ab
1974 582 138 57 alio
2060 582 155 57 secum
2147 582 155 57 mouente

527 639 200 63 secundum
678 639 184 63 naturae
811 639 134 63 suae
895 639 267 63 congruentiam
1112 639 117 63 per
1178 639 234 63 libertatem
1362 639 150 63 circa
1462 639 167 63 summum
1579 639 150 63 bonum
1679 639 167 63 visum,
1796 639 117 63 vel
1863 639 117 63 per
1930 639 184 63 liberum
2063 639 217 63 arbitrium
2214 639 83 63 cir

534 689 95 55 ca
582 689 222 55 quodcumque
756 689 143 55 aliud
851 689 158 55 bonum,
962 689 95 55 vt
1009 689 158 55 dictum
1120 689 111 55 est
1183 689 111 55 iam
1247 689 158 55 supra,
1358 689 127 55 quae
1437 689 158 55 quidem
1548 689 174 55 coactio
1674 689 95 55 in
1722 689 127 55 tali
1801 689 143 55 nullo
1896 689 127 55 modo
1975 689 127 55 stat
2054 689 111 55 cum
2118 689 206 55 libertate

539 736 106 72 aut
600 736 152 72 libero
706 736 197 72 arbitrio,
857 736 121 72 immo
933 736 152 72 tollit
1040 736 121 72 ambo
1115 736 91 72 vt
1161 736 152 72 dictum
1267 736 106 72 est
1328 736 91 72 in
1373 736 228 72 praecedenti
1555 736 228 72 quaestione.
1738 736 91 72 Et
1783 736 106 72 hoc
1844 736 228 72 sufficiebat
2026 736 152 72 dicere
2132 736 197 72 aliquando

535 798 80 59 &
567 798 145 59 alias
664 798 177 59 solebat
792 798 193 59 concedi:
937 798 97 59 si
985 798 193 59 scientia
1130 798 113 59 est
1194 798 145 59 recta
1291 798 193 59 voluntas
1436 798 113 59 est
1500 798 161 59 recta,
1612 798 80 59 &
1645 798 225 59 econuerso:
1822 798 97 59 et
1870 798 97 59 si
1918 798 129 59 bene
1999 798 161 59 recolo
2111 798 97 59 in
2143 798 145 59 finibus

529 855 147 59 istis
627 855 147 59 steti
725 855 114 59 sub
790 855 163 59 quodam
905 855 196 59 inuoluto
1052 855 98 59 in
1101 855 147 59 primo
1199 855 196 59 Quolibet
1346 855 131 59 quod
1428 855 196 59 scripsi.
1575 855 114 59 Sed
1640 855 131 59 modo
1722 855 196 59 vlterius
1869 855 245 59 procedendum
2065 855 131 59 est,
2147 855 180 59 dicendo

537 908 125 65 quod
616 908 94 65 in
663 908 172 65 secundo
788 908 141 65 sensu
882 908 172 65 propter
1008 908 188 65 secundam
1149 908 172 65 causaem
1274 908 188 65 scilicet
1415 908 125 65 quia
1494 908 188 65 voluntas
1635 908 110 65 cum
1697 908 110 65 sua
1760 908 251 65 obliquatione
1964 908 219 65 comparitur
2121 908 172 65 scientiam

530 964 196 67 rectam,
672 964 107 67 vt
726 964 213 67 voluntas
886 964 124 67 non
957 964 178 67 possit
1081 964 160 67 velle
1188 964 231 67 oppositum
1366 964 196 67 manente
1508 964 213 67 scientia
1668 964 178 67 simul,
1792 964 124 67 aut
1863 964 249 67 posterius,
2059 964 160 67 adhuc
2148 964 142 67 duplex

531 1019 120 52 est.
606 1019 120 52 quia
681 1019 105 52 aut
741 1019 150 52 potest
846 1019 195 52 intelligi
995 1019 90 52 de
1040 1019 180 52 scientia
1175 1019 165 52 obliqua
1295 1019 75 52 &
1325 1019 195 52 voluntate
1475 1019 150 52 recta,
1580 1019 90 52 vt
1625 1019 90 52 si
1670 1019 105 52 sit
1730 1019 180 52 scientia
1864 1019 180 52 obliqua,
1999 1019 180 52 voluntas
2134 1019 105 52 non
2179 1019 120 52 potest

530 1072 134 68 esse
614 1072 151 68 recta
715 1072 184 68 volendo
849 1072 235 68 oppositum,
1033 1072 117 68 aut
1100 1072 101 68 de
1150 1072 201 68 scientia
1301 1072 151 68 recta
1401 1072 84 68 &
1435 1072 218 68 voluntate
1602 1072 201 68 obliqua,
1753 1072 101 68 vt
1803 1072 101 68 si
1854 1072 201 68 scientia
2004 1072 117 68 sit
2071 1072 168 68 recta,
2172 1072 117 68 volum

531 1127 121 59 tas
600 1127 121 59 non
669 1127 172 59 potest
789 1127 138 59 esse
876 1127 190 59 obliqua
1014 1127 190 59 volendo
1152 1127 241 59 oppositum.
1341 1127 103 59 Si
1393 1127 155 59 primo
1497 1127 155 59 modo,
1600 1127 172 59 clarum
1721 1127 121 59 est
1790 1127 138 59 quod
1876 1127 172 59 dictum
1997 1127 103 59 in
2049 1127 155 59 dicto
2135 1127 155 59 articu-

522 1177 98 66 lo
571 1177 114 66 est
636 1177 163 66 error.
749 1177 98 66 Ex
798 1177 114 66 quo
863 1177 130 66 enim
944 1177 98 66 vt
993 1177 163 66 dictum
1107 1177 114 66 est
1172 1177 195 66 scientia
1318 1177 179 66 obliqua
1448 1177 114 66 non
1513 1177 114 66 est
1578 1177 146 66 causa
1676 1177 260 66 obliquitatis
1887 1177 98 66 in
1936 1177 228 66 voluntate,
2114 1177 114 66 sed
2179 1177 146 66 ecomn

530 1236 161 55 uerso
637 1236 196 55 manente
780 1236 214 55 scientia
941 1236 196 55 obliqua
1083 1236 143 55 bene
1173 1236 178 55 potest
1298 1236 143 55 esse
1387 1236 214 55 voluntas
1547 1236 161 55 recta
1655 1236 196 55 volendo
1797 1236 250 55 oppositum.
1994 1236 107 55 Si
2047 1236 196 55 secundo
2190 1236 143 55 modo

528 1290 144 61 adhuc
624 1290 96 61 in
672 1290 128 61 illo
752 1290 160 61 sensu,
864 1290 80 61 &
896 1290 96 61 ex
944 1290 128 61 illa
1024 1290 144 61 causa
1120 1290 160 61 duplex
1232 1290 128 61 est,
1312 1290 128 61 quia
1392 1290 192 61 scientia
1535 1290 160 61 potest
1647 1290 208 61 intelligi
1807 1290 144 61 recta
1903 1290 112 61 aut
1967 1290 192 61 perfecta
2111 1290 80 61 &
2127 1290 160 61 completa

528 1347 236 59 rectitudine
717 1347 157 59 absque
827 1347 126 59 omni
905 1347 236 59 obscuritate
1094 1347 79 59 &
1125 1347 251 59 vacillatione
1330 1347 110 59 seu
1392 1347 251 59 dubitatione:
1597 1347 110 59 aut
1660 1347 220 59 imperfecta
1832 1347 79 59 &
1864 1347 220 59 incompleta
2037 1347 236 59 rectitudine
2209 1347 79 59 cum

531 1397 147 56 aliqua
634 1397 236 56 vacillatione
826 1397 103 56 seu
885 1397 236 56 dubitatione.
1077 1397 88 56 Si
1121 1397 133 56 primo
1210 1397 133 56 modo,
1298 1397 103 56 sic
1357 1397 88 56 an
1401 1397 118 56 illa
1475 1397 88 56 si
1519 1397 177 56 scientia
1652 1397 103 56 est
1711 1397 133 56 recta
1799 1397 118 56 nul.
1873 1397 177 56 scilicet
2006 1397 236 56 obscuratione
2183 1397 103 56 obli-

541 1452 155 62 quata,
649 1452 186 62 voluntas
789 1452 109 62 non
851 1452 217 62 necessario
1021 1452 109 62 est
1083 1452 155 62 recta,
1192 1452 109 62 sit
1254 1452 124 62 vera
1331 1452 233 62 necessitate
1517 1452 279 62 consequentiae,
1750 1452 93 62 vt
1796 1452 186 62 voluntas
1936 1452 155 62 possit
2044 1452 140 62 velle
2122 1452 171 62 oppositum

538 1508 159 60 manente
653 1508 115 60 tali
725 1508 187 60 scientia:
869 1508 72 60 &
898 1508 101 60 sit
956 1508 144 60 error,
1056 1508 115 60 quod
1129 1508 101 60 non
1186 1508 144 60 possit
1287 1508 130 60 velle
1374 1508 202 60 oppositum,
1532 1508 173 60 diligens
1662 1508 144 60 lector
1763 1508 173 60 iudicet,
1892 1508 72 60 &
1921 1508 86 60 an
1964 1508 115 60 illa
2037 1508 115 60 bene
2109 1508 144 60 potest
2195 1508 101 60 conce

534 1564 86 66 di
577 1564 72 66 a
606 1564 201 66 magistris,
764 1564 101 66 non
821 1564 101 66 est
879 1564 158 66 malitia
994 1564 86 66 in
1037 1564 187 66 voluntate
1181 1564 115 66 nisi
1253 1564 101 66 sit
1310 1564 129 66 error
1396 1564 86 66 in
1440 1564 158 66 ratione
1555 1564 173 66 scilicet
1684 1564 101 66 per
1742 1564 187 66 aliqualem
1885 1564 259 66 obscurationem.
2101 1564 158 66 Videtur
2202 1564 86 66 enim

534 1617 197 61 secundum
681 1617 213 61 praedicta
845 1617 131 61 quod
927 1617 197 61 voluntas
1074 1617 115 61 sua
1140 1617 246 61 obliquitate
1337 1617 213 61 quacunque
1500 1617 115 61 non
1566 1617 229 61 compatitur
1746 1617 213 61 scientiam
1910 1617 180 61 rectam,
2041 1617 115 61 sed
2107 1617 164 61 semper
2205 1617 82 61 vo-

538 1669 171 73 luntas
657 1669 119 73 sua
726 1669 273 73 obliquatione
947 1669 119 73 est
1016 1669 154 73 causa
1118 1669 222 73 aliqualis
1289 1669 290 73 obliquationis
1527 1669 239 73 scientiae,
1715 1669 102 73 vt
1766 1669 205 73 voluntas
1920 1669 154 73 nullo
2022 1669 136 73 modo
2107 1669 136 73 pont
2176 1669 119 73 velle

529 1735 227 59 oppositum
703 1735 192 59 manente
843 1735 210 59 scientia
1001 1735 122 59 sic
1071 1735 175 59 recta,
1193 1735 105 59 vt
1246 1735 210 59 secundum
1403 1735 122 59 hoc
1473 1735 122 59 sit
1543 1735 175 59 quoquo
1665 1735 140 59 modo
1753 1735 157 59 omnis
1858 1735 192 59 peccans
1998 1735 210 59 ignorans
2155 1735 140 59 quid
2225 1735 70 59 fa

534 1779 141 65 cit,
623 1779 177 65 maxime
746 1779 124 65 pro
817 1779 141 65 hora
905 1779 106 65 sm
958 1779 265 65 determinata
1170 1779 88 65 a
1206 1779 159 65 nobis
1312 1779 106 65 in
1365 1779 159 65 primo
1471 1779 230 65 Quolibet.
1647 1779 106 65 ex
1700 1779 124 65 qua
1771 1779 159 65 causa
1877 1779 212 65 concessa
2036 1779 124 65 est
2107 1779 159 65 illa,
2213 1779 124 65 non

532 1835 110 63 est
595 1835 173 63 malitia
721 1835 95 63 in
769 1835 205 63 voluntate
926 1835 126 63 nisi
1005 1835 110 63 sit
1068 1835 142 63 error
1163 1835 95 63 in
1210 1835 173 63 ratione
1336 1835 189 63 scilicet
1478 1835 173 63 sequens
1604 1835 236 63 naturaliter
1793 1835 95 63 vt
1840 1835 205 63 causatus,
1998 1835 142 63 licet
2092 1835 95 63 in
2139 1835 142 63 eodem
2234 1835 95 63 in

532 1889 173 63 stanti
653 1889 207 63 secundum
808 1889 207 63 rationem
963 1889 276 63 aliquantuium
1188 1889 224 63 obliquans
1360 1889 242 63 scientiam,
1550 1889 155 63 licet
1653 1889 242 63 praecedens
1843 1889 155 63 nullo
1947 1889 138 63 modo
2033 1889 173 63 possit
2154 1889 104 63 vt
2188 1889 104 63 cau-

534 1940 100 65 sa
584 1940 216 65 obliquare
750 1940 249 65 voluntatem,
949 1940 149 65 sicut
1049 1940 116 65 nec
1115 1940 216 65 scientiae
1281 1940 216 65 rectitudo
1447 1940 166 65 potest
1563 1940 133 65 esse
1646 1940 149 65 causa
1746 1940 265 65 rectitudinis
1961 1940 249 65 voluntatis.
2144 1940 149 65 Possunt

534 1997 131 58 enim
616 1997 230 58 voluntatem
797 1997 82 58 &
829 1997 164 58 rectam
944 1997 82 58 &
977 1997 197 58 obliquam
1125 1997 263 58 simpliciter,
1339 1997 82 58 &
1372 1997 164 58 absque
1487 1997 247 58 causalitate
1684 1997 99 58 ex
1733 1997 148 58 parte
1832 1997 214 58 scientiae
1996 1997 230 58 praecedere
2161 1997 131 58 scien-

541 2047 106 73 tia
601 2047 106 73 tam
662 2047 136 73 recta
753 2047 121 73 quam
828 2047 182 73 obliqua.
965 2047 91 73 Si
1010 2047 166 73 secundo
1131 2047 121 73 mode
1207 2047 182 73 scilicet
1343 2047 182 73 scientia
1479 2047 197 73 existente
1630 2047 91 73 in
1676 2047 227 73 rectitudine
1857 2047 227 73 incompleta,
2039 2047 106 73 sic
2099 2047 136 73 illa,
2190 2047 91 73 si
2220 2047 76 73 sci

535 2106 151 63 entia
636 2106 117 63 est
703 2106 151 63 recta
803 2106 201 63 voluntas
954 2106 117 63 est
1020 2106 167 63 recta,
1138 2106 151 63 nullo
1238 2106 134 63 modo
1322 2106 117 63 est
1389 2106 234 63 necessaria
1573 2106 251 63 necessitate
1773 2106 301 63 consequentiae.
2024 2106 134 63 immo
2108 2106 134 63 etsi
2175 2106 117 63 scien

533 2161 113 59 tia
597 2161 113 59 est
662 2161 145 59 recta
758 2161 113 59 non
822 2161 113 59 est
887 2161 177 59 necesse
1015 2161 129 59 quod
1096 2161 193 59 voluntas
1241 2161 113 59 sit
1305 2161 161 59 recta,
1417 2161 129 59 quia
1498 2161 193 59 scientia
1643 2161 113 59 sub
1707 2161 241 59 rectitudine
1900 2161 225 59 imperfecta
2077 2161 129 59 bene
2157 2161 129 59 stat
2222 2161 80 59 cum

536 2219 235 66 voluntate
717 2219 253 66 obliquata,
916 2219 163 66 licet
1025 2219 127 66 non
1097 2219 127 66 cum
1170 2219 181 66 omnino
1296 2219 253 66 obstinata.
1495 2219 109 66 Et
1550 2219 145 66 ideo
1640 2219 109 66 in
1695 2219 145 66 isto
1785 2219 163 66 sensu
1894 2219 181 66 dictum
2020 2219 109 66 in
2075 2219 163 66 dicto
2165 2219 127 66 arti-

536 2268 138 59 culo
622 2268 224 59 errorest.
794 2268 224 59 Similiter
966 2268 103 59 in
1018 2268 138 59 isto
1104 2268 155 59 sensu
1208 2268 103 59 in
1259 2268 138 59 alio
1345 2268 207 59 articulo
1501 2268 155 59 error
1604 2268 138 59 est,
1690 2268 138 59 quia
1776 2268 172 59 sciens
1897 2268 172 59 potest
2017 2268 155 59 velle
2103 2268 190 59 oppositum

526 2321 234 64 scientiae
706 2321 216 64 manentis
868 2321 108 64 in
922 2321 270 64 rectitudine
1139 2321 270 64 incompleta:
1355 2321 144 64 quae
1445 2321 162 64 tamen
1553 2321 180 64 potest
1679 2321 144 64 dici
1769 2321 234 64 rectitudo
1950 2321 270 64 simpliciter
2148 2321 144 64 respe-

531 2376 131 63 ctu
606 2376 188 63 illius
738 2376 338 63 obliquationis:
1020 2376 131 63 qua
1095 2376 169 63 ratio
1207 2376 188 63 omnino
1339 2376 282 63 corrumpitur
1564 2376 225 63 opinando
1733 2376 244 63 oppositum
1921 2376 244 63 principii
2090 2376 207 63 agibilium

537 2429 133 70 vel
613 2429 305 70 credibilium,
861 2429 133 70 cum
937 2429 172 70 tamen
1052 2429 172 70 omnis
1166 2429 267 70 obliquatio
1376 2429 267 70 voluntatis
1586 2429 133 70 per
1662 2429 248 70 consensum
1852 2429 114 70 in
1910 2429 324 70 malummortalis
2158 2429 133 70 pecca

535 2483 118 65 ti,
603 2483 186 65 dicatur
738 2483 236 65 obliquatio
923 2483 270 65 simpliciter,
1143 2483 84 65 &
1176 2483 152 65 nullo
1278 2483 135 65 modo
1362 2483 236 65 rectitudo,
1548 2483 152 65 licet
1649 2483 135 65 illa
1733 2483 236 65 obliquatio
1919 2483 118 65 non
1986 2483 118 65 sit
2054 2483 152 65 tanta
2155 2483 169 65 quanta

533 2546 124 57 est
604 2546 177 57 quando
728 2546 213 57 voluntas
888 2546 177 57 omnino
1012 2546 124 57 est
1082 2546 248 57 obstinata.
1277 2546 106 57 vt
1330 2546 213 57 secundum
1490 2546 124 57 hoc
1561 2546 142 57 illa
1649 2546 177 57 potest
1773 2546 213 57 concedi,
1933 2546 106 57 si
1986 2546 213 57 scientia
2145 2546 124 57 est
2198 2546 89 57 re-

525 2590 122 70 cta
594 2590 210 70 voluntas
752 2590 122 70 est
822 2590 175 70 recta,
944 2590 87 70 &
979 2590 105 70 si
1031 2590 192 70 obliqua
1171 2590 122 70 est
1241 2590 210 70 scientia
1398 2590 192 70 obliqua
1538 2590 122 70 est
1608 2590 227 70 voluntas:
1782 2590 87 70 &
1817 2590 227 70 econuerso
1975 2590 314 70 proportionaliter

531 2647 228 65 hincinde.
707 2647 123 65 Ita
777 2647 158 65 tamen
883 2647 140 65 quod
970 2647 123 65 cum
1041 2647 211 65 scientia
1199 2647 228 65 obliquata
1374 2647 263 65 rectitudine
1585 2647 246 65 incompleta
1778 2647 193 65 ratione
1918 2647 316 65 obliquationis:
2182 2647 140 65 quae

531 2704 165 65 tamen
641 2704 128 65 est
714 2704 220 65 completa
879 2704 201 65 ratione
1025 2704 165 65 recti
1135 2704 220 65 iudicii,
1300 2704 147 65 etsi
1392 2704 128 65 non
1465 2704 183 65 omnino
1593 2704 183 65 firmi,
1721 2704 147 65 bene
1813 2704 147 65 stat
1904 2704 220 65 voluntas
2051 2704 238 65 simpliciter

528 2761 253 64 obliquata,
727 2761 163 64 licet
835 2761 127 64 non
907 2761 217 64 vltimata
1070 2761 307 64 obstinatione.
1323 2761 127 64 Sed
1395 2761 127 64 cum
1468 2761 217 64 scientia
1630 2761 235 64 obliquata
1811 2761 217 64 perfecta
1974 2761 289 64 obliquatione
2209 2761 127 64 qua

528 2811 210 57 corrupta
686 2811 123 57 est
756 2811 158 57 ratio
861 2811 88 57 &
896 2811 210 57 perfecte
1054 2811 245 57 excaecata,
1246 2811 123 57 non
1316 2811 140 57 stat
1404 2811 245 57 obliquatio
1597 2811 245 57 voluntatis
1789 2811 140 57 nisi
1877 2811 245 57 obstinata,
2069 2811 123 57 nec
2122 2811 175 57 econuer-

531 2863 123 72 so,
602 2863 106 72 vt
655 2863 212 72 secundum
814 2863 123 72 hoc
884 2863 282 72 intelligatur
1113 2863 247 72 articulus,
1307 2863 194 72 manente
1448 2863 212 72 scientia
1607 2863 176 72 simul,
1731 2863 123 72 vel
1801 2863 141 72 post
1889 2863 106 72 in
1942 2863 265 72 rectitudine
2136 2863 159 72 simpli-

537 2909 151 74 citer,
643 2909 136 74 licet
734 2909 212 74 aliquantum
900 2909 197 74 obscurata
1052 2909 121 74 quod
1128 2909 106 74 non
1188 2909 151 74 possit
1294 2909 182 74 voluntas
1431 2909 91 74 in
1476 2909 227 74 contrarium,
1658 2909 151 74 error,
1764 2909 121 74 quod
1840 2909 91 74 in
1885 2909 106 74 rei
1946 2909 182 74 veritate
2082 2909 182 74 errorem.
2218 2909 106 74 Sed

532 2971 103 56 an
583 2971 188 56 ratione
720 2971 188 56 manente
857 2971 103 56 in
909 2971 154 56 apice
1011 2971 274 56 rectitudinis
1234 2971 171 56 absque
1354 2971 137 56 omni
1440 2971 274 56 obscuratione
1662 2971 137 56 quod
1748 2971 206 56 voluntas
1902 2971 120 56 non
1971 2971 171 56 possit
2090 2971 154 56 velle
2176 2971 120 56 oppo-

531 3022 189 72 situm,
664 3022 170 72 error
777 3022 151 72 sit,
872 3022 189 72 videat
1004 3022 208 72 lector,
1156 3022 133 72 cum
1232 3022 114 72 vt
1288 3022 189 72 dictum
1421 3022 133 72 est
1497 3022 170 72 omnem
1610 3022 322 72 obliquationem
1875 3022 265 72 voluntatis
2065 3022 227 72 necessario

527 3075 227 55 sequitur
697 3075 170 55 simul
811 3075 189 55 aliqua
943 3075 265 55 obscuratio
1151 3075 246 55 rationis:
1340 3075 95 55 &
1378 3075 170 55 etiam
1492 3075 227 55 secundum
1662 3075 132 55 hoc
1738 3075 303 55 intelligatur
1983 3075 265 55 propositio
2191 3075 132 55 ma-

539 3136 173 58 gistrorum
672 3136 120 58 simel
751 3136 120 58 stare
831 3136 93 58 cum
884 3136 173 58 articulo:
1017 3136 106 58 quod
1084 3136 80 58 si
1124 3136 146 58 malitia
1230 3136 93 58 est
1283 3136 80 58 in
1323 3136 173 58 voluntate
1456 3136 120 58 error
1536 3136 93 58 est
1589 3136 80 58 in
1629 3136 146 58 ratione
1735 3136 160 58 scilicet
1855 3136 239 58 proportionalis
2055 3136 93 58 vel
2095 3136 199 58 obscurationis

535 3187 142 60 tantum
634 3187 85 60 si
676 3187 99 60 non
733 3187 99 60 sit
790 3187 170 60 completa
917 3187 170 60 malitia,
1044 3187 99 60 vel
1101 3187 241 60 excaecationis
1299 3187 85 60 si
1342 3187 99 60 sit
1398 3187 156 60 malitia
1512 3187 184 60 obstiata.
1653 3187 85 60 In
1696 3187 156 60 quinque
1809 3187 113 60 ergo
1880 3187 127 60 modis
1964 3187 142 60 clarum
2064 3187 99 60 est
2120 3187 113 60 quod
2191 3187 99 60 sit
2233 3187 57 60 er

536 3239 100 82 ror
593 3239 143 82 dictum
693 3239 86 82 in
736 3239 114 82 illo
807 3239 186 82 articulo,
950 3239 143 82 sciens
1050 3239 100 82 non
1107 3239 114 82 pont
1178 3239 129 82 velle
1264 3239 186 82 oppositum
1407 3239 157 82 manente
1521 3239 171 82 scientia
1649 3239 86 82 in
1692 3239 214 82 particulari
1864 3239 71 82 &
1892 3239 186 82 passione.
2035 3239 86 82 In
2078 3239 129 82 vnico
2163 3239 129 82 autem
2235 3239 57 82 ex
