2404 3744
465 335 181 83 quinto
592 335 254 83 ethicorum.
791 335 163 83 Neque
900 335 236 83 Hesperus,
1081 335 163 83 neque
1190 335 199 83 Lucifer
1335 335 127 83 ita
1408 335 290 83 admirabilis.
1643 335 145 83 Vnde
1734 335 163 83 inter
1843 335 163 83 omnes
1952 335 218 83 virtutes
2097 335 163 83 morales

456 402 194 65 maxime
592 402 253 65 charitati
786 402 214 65 infusae
941 402 253 65 conformis
1136 402 155 65 est,
1233 402 97 65 &
1272 402 136 65 est
1350 402 194 65 omnium
1486 402 233 65 moralium
1661 402 233 65 virtutum
1835 402 214 65 corona,
1991 402 97 65 &
2030 402 175 65 tanto
2127 402 136 65 perfe

456 462 173 61 ctior
571 462 192 61 quanto
705 462 173 61 super
820 462 192 61 plures
955 462 96 61 &
993 462 307 61 perfectiores
1242 462 230 61 virtutes
1415 462 211 61 morales
1568 462 249 61 fundatur.
1760 462 115 61 de
1818 462 192 61 quarum
1952 462 192 61 numero
2067 462 192 61 amicitia

459 512 126 64 est
531 512 144 64 vna.
621 512 198 64 dicente
765 512 216 64 Comment.
928 512 162 64 super
1036 512 270 64 principium.
1252 512 162 64 viii.
1360 512 252 64 ethicorum.
1558 512 144 64 Vnam
1648 512 216 64 virtutum
1810 512 126 64 est
1883 512 180 64 dicere
2009 512 234 64 amicitiam
2171 512 90 64 sic

455 564 119 59 vt
515 564 316 59 fortitudinem
772 564 99 59 &
811 564 316 59 temperantiam
1068 564 99 59 &
1108 564 237 59 moralium
1286 564 316 59 vnamquamque.
1543 564 158 59 Haec
1641 564 158 59 enim
1740 564 178 59 circa
1859 564 257 59 passiones
2057 564 99 59 &
2076 564 198 59 actiones

458 618 122 60 est
527 618 104 60 vt
579 618 226 60 reliquae.
753 618 139 60 Sunt
840 618 139 60 enim
927 618 208 60 actiones
1083 618 104 60 vt
1135 618 174 60 amare:
1257 618 226 60 passiones
1430 618 104 60 vt
1482 618 243 60 amationes.
1673 618 104 60 Et
1726 618 122 60 est
1795 618 261 60 aduertendum
2003 618 139 60 quod
2090 618 122 60 est
2142 618 122 60 alius

462 671 92 65 &
498 671 166 65 alius
609 671 203 65 habitus
756 671 239 65 inquantum
940 671 129 65 est
1014 671 166 65 circa
1124 671 239 65 actiones,
1309 671 92 65 &
1345 671 239 65 inquantum
1530 671 129 65 est
1603 671 166 65 circa
1714 671 258 65 passiones.
1916 671 239 65 Inquantum
2100 671 147 65 enim
2174 671 92 65 est

462 723 158 64 circa
568 723 245 64 passiones,
760 723 193 64 proprie
900 723 193 64 dicitur
1040 723 123 64 non
1110 723 228 64 amicitia,
1285 723 123 64 sed
1355 723 298 64 amicabilitas:
1601 723 88 64 &
1636 723 123 64 est
1706 723 140 64 pars
1793 723 298 64 temperantiae.
2038 723 123 64 Sic
2108 723 140 64 enim
2178 723 88 64 se-

468 781 169 65 cundum
587 781 203 65 Conment.
739 781 119 65 vbi
807 781 169 65 supra,
926 781 119 65 est
993 781 203 65 medietas
1146 781 271 65 adulationis,
1366 781 85 65 &
1400 781 322 65 syluestritatis.
1671 781 237 65 Syluestris
1857 781 136 65 enim
1942 781 186 65 deficit
2078 781 85 65 a
2112 781 169 65 medio,
2213 781 51 65 &

460 843 122 56 non
529 843 122 56 est
599 843 156 56 aptus
703 843 104 56 ad
755 843 191 56 copulam
894 843 243 56 amicitiae:
1085 843 208 56 adulator
1241 843 156 56 autem
1345 843 208 56 abundat,
1501 843 243 56 vehementer
1692 843 278 56 delectabilis
1918 843 139 56 esse
2005 843 191 56 volens:
2126 843 139 56 amicus

453 885 160 73 autem
560 885 160 73 medio
667 885 196 73 vtitur:
809 885 178 73 quando
934 885 196 73 oportet
1077 885 285 73 delectabilis
1308 885 196 73 factus:
1451 885 178 73 quando
1575 885 160 73 autem
1682 885 125 73 non
1753 885 214 73 oportet,
1914 885 125 73 non
1985 885 196 73 factus.
2128 885 142 73 Vnde
2199 885 71 73 de

458 941 217 67 medietate
625 941 217 67 amicitiae
792 941 200 67 secundum
942 941 134 67 hunc
1026 941 150 67 modum
1126 941 150 67 dicit
1226 941 267 67 philosophus.
1443 941 150 67 iiii.
1543 941 150 67 ethi.
1643 941 134 67 cap.
1727 941 150 67 xxxi.
1827 941 100 67 In
1877 941 234 67 colloquiis
2061 941 150 67 autem
2161 941 83 67 &
2178 941 83 67 con

461 995 203 61 uiuere,
608 995 92 61 &
645 995 258 61 sermonibus
848 995 92 61 &
885 995 166 61 rebus
996 995 166 61 aliis
1106 995 295 61 communicare:
1346 995 111 61 hi
1402 995 185 61 quidem
1531 995 203 61 placidi
1678 995 148 61 esse
1771 995 240 61 videntur,
1955 995 166 61 omnia
2066 995 111 61 ad
2103 995 166 61 delecta

466 1049 167 66 tionem
583 1049 234 66 laudantes,
767 1049 83 66 &
800 1049 150 66 nihil
900 1049 317 66 contradicentes,
1167 1049 117 66 sed
1234 1049 250 66 aestimantes
1434 1049 200 66 oportere
1585 1049 134 66 sine
1668 1049 217 66 tristitia
1835 1049 267 66 quibuscumque
2052 1049 150 66 esse.
2152 1049 117 66 Qui
2202 1049 67 66 au

464 1104 114 69 tem
529 1104 212 69 contratio
692 1104 131 69 his,
774 1104 98 69 ad
823 1104 147 69 omnia
921 1104 278 69 contrariantes
1150 1104 261 69 contristare,
1362 1104 147 69 neque
1460 1104 229 69 quemcumque
1640 1104 212 69 curantes,
1803 1104 196 69 discholi
1951 1104 82 69 &
1983 1104 212 69 litigiosi
2130 1104 131 69 vocan-

468 1156 132 63 tur.
550 1156 165 63 Medius
666 1156 149 63 autem
765 1156 149 63 horum
864 1156 248 63 laudabilis:
1062 1156 116 63 qui
1128 1156 198 63 recipiet
1276 1156 132 63 quae
1359 1156 198 63 oportet,
1507 1156 83 63 &
1540 1156 99 63 vt
1590 1156 198 63 oportet,
1738 1156 215 63 similiter
1903 1156 149 63 autem
2002 1156 83 63 &
2035 1156 198 63 spernet.
2167 1156 99 63 Vide

470 1211 117 62 tur
537 1211 151 62 autem
638 1211 201 62 amicitia
789 1211 134 62 esse
873 1211 168 62 maxime
990 1211 201 62 secundum
1142 1211 168 62 medium
1259 1211 201 62 habitum.
1410 1211 117 62 Sed
1477 1211 101 62 de
1528 1211 117 62 hac
1595 1211 201 62 amicitia
1746 1211 151 62 nihil
1846 1211 101 62 ad
1897 1211 252 62 propositum.
2098 1211 134 62 lpsa
2165 1211 101 62 enim

470 1273 117 58 non
537 1273 134 58 plus
621 1273 201 58 dependet
772 1273 84 58 a
806 1273 235 58 fundamento
990 1273 184 58 aliarum
1124 1273 201 58 virtutum
1275 1273 134 58 quam
1359 1273 235 58 econuerso.
1543 1273 201 58 Amicitia
1694 1273 134 58 vero
1778 1273 218 58 inquantum
1945 1273 117 58 est
2013 1273 151 58 circa
2096 1273 168 58 actiones

462 1319 113 62 est
526 1319 129 62 pars
607 1319 226 62 iustitiae,
785 1319 81 62 &
817 1319 178 62 proprie
946 1319 194 62 amicitia
1092 1319 194 62 dicitur,
1237 1319 97 62 de
1286 1319 113 62 qua
1350 1319 113 62 est
1415 1319 162 62 sermo.
1528 1319 97 62 Et
1577 1319 129 62 tunc
1657 1319 162 62 aliter
1770 1319 113 62 est
1835 1319 242 62 intelligere
2029 1319 242 62 abundantiam
2207 1319 48 62 &

470 1373 182 67 defectum
606 1373 76 67 &
636 1373 151 67 medium
742 1373 91 67 in
788 1373 197 67 amicitia.
939 1373 91 67 Vt
985 1373 121 67 enim
1061 1373 136 67 dicit
1151 1373 182 67 Comment.
1288 1373 136 67 super
1379 1373 227 67 principium.
1560 1373 136 67 viii.
1651 1373 151 67 ethir.
1757 1373 151 67 aliqui
1863 1373 91 67 sm
1909 1373 227 67 abundantiam
2090 1373 76 67 &
2121 1373 91 67 in
2166 1373 121 67 ama-

456 1428 103 68 re
507 1428 188 68 vtuntur
644 1428 137 68 actu
729 1428 188 68 amandi:
866 1428 205 68 qualiter
1020 1428 188 68 dicitur
1157 1428 205 68 Sycherus
1311 1428 103 68 ad
1362 1428 171 68 patrem
1482 1428 188 68 fuisse,
1618 1428 120 68 qui
1687 1428 154 68 neque
1789 1428 171 68 viuere
1909 1428 188 68 volebat
2046 1428 171 68 mortuo
2148 1428 120 68 patre

467 1487 141 63 Alii
555 1487 141 63 vero
644 1487 229 63 deficiunt
820 1487 123 63 non
890 1487 211 63 valentes
1049 1487 176 63 amare:
1172 1487 176 63 amicus
1295 1487 159 63 autem
1401 1487 159 63 medio
1507 1487 141 63 modo
1595 1487 176 63 vtitur
1718 1487 141 63 actu
1806 1487 194 63 amandi.
1947 1487 123 63 Est
2017 1487 159 63 autem
2123 1487 88 63 &
2141 1487 123 63 istam

463 1537 215 73 amicitiam
629 1537 232 73 attribuere
811 1537 232 73 iustitiae.
993 1537 199 73 lustitia
1142 1537 132 73 enim
1225 1537 116 73 est
1291 1537 265 73 aequalitatis
1506 1537 281 73 distributiua,
1738 1537 83 73 &
1771 1537 199 73 amicitia
1920 1537 166 73 amicis
2036 1537 265 73 aequalitatem

469 1592 190 62 tribuit.
612 1592 190 62 Secundum
755 1592 127 62 haec
834 1592 127 62 ergo
913 1592 222 62 concedenda
1088 1592 111 62 est
1151 1592 175 62 secunda
1278 1592 143 62 ratio
1373 1592 95 62 AD
1421 1592 159 62 primam
1532 1592 143 62 autem
1627 1592 95 62 in
1675 1592 222 62 oppositum:
1849 1592 127 62 quod
1929 1592 190 62 amicitia
2072 1592 111 62 non
2135 1592 111 62 est
2183 1592 79 62 vir

469 1649 120 67 tus,
544 1649 120 67 quia
619 1649 180 67 tollitur
754 1649 135 67 vitio
844 1649 195 67 alterius:
994 1649 180 67 Dicendum
1129 1649 120 67 quod
1204 1649 180 67 amicitia
1339 1649 75 67 &
1369 1649 180 67 secundum
1503 1649 120 67 quod
1578 1649 105 67 est
1638 1649 120 67 pars
1713 1649 255 67 temperantiae,
1923 1649 75 67 &
1953 1649 90 67 sm
1998 1649 120 67 quod
2073 1649 105 67 est
2133 1649 120 67 pars
2193 1649 75 67 iu-

466 1703 178 56 stitiae,
600 1703 89 56 sm
644 1703 193 56 perfectam
793 1703 178 56 rationem
927 1703 193 56 amicitiae
1075 1703 104 56 non
1135 1703 193 56 consistit
1283 1703 134 56 sicut
1373 1703 134 56 aliae
1462 1703 178 56 virtutes
1595 1703 89 56 in
1640 1703 149 56 habitu
1744 1703 149 56 omnino
1848 1703 178 56 absoluto
1982 1703 89 56 in
2026 1703 208 56 vnoquoque:
2190 1703 104 56 sed

473 1758 91 60 in
518 1758 152 60 habitu
624 1758 106 60 qui
685 1758 91 60 sm
730 1758 106 60 rem
791 1758 106 60 est
852 1758 167 60 aliquid
973 1758 197 60 absolutum
1124 1758 106 60 sub
1185 1758 167 60 ratione
1306 1758 197 60 respectus
1458 1758 91 60 ad
1503 1758 136 60 alium
1594 1758 167 60 habitum
1715 1758 167 60 numero,
1837 1758 106 60 qui
1897 1758 91 60 in
1943 1758 167 60 coamico
2064 1758 76 60 &
2094 1758 136 60 amato
2185 1758 106 60 pro

465 1813 134 62 pter
549 1813 201 62 virtutem
700 1813 134 62 quae
784 1813 101 62 in
834 1813 134 62 illo
918 1813 134 62 est,
1002 1813 201 62 fundatum
1153 1813 101 62 in
1203 1813 201 62 essentia
1354 1813 168 62 illius
1471 1813 184 62 habitus
1605 1813 218 62 hincinde.
1773 1813 101 62 Et
1823 1813 201 62 amicitia
1974 1813 218 62 inquantum
2125 1813 134 62 nomine

475 1861 117 74 suo
542 1861 184 74 nominat
676 1861 151 74 illum
777 1861 218 74 respectum
945 1861 117 74 qui
1012 1861 218 74 consistit
1179 1861 101 74 in
1230 1861 218 74 concordia
1397 1861 84 74 &
1431 1861 201 74 consensu
1582 1861 218 74 amicorum,
1749 1861 117 74 sic
1816 1861 184 74 relatio
1950 1861 184 74 quaedam
2085 1861 134 74 est,
2168 1861 84 74 &
2185 1861 84 74 est

475 1919 122 58 vna
544 1919 157 58 inter
649 1919 139 58 duos
735 1919 174 58 amicos
857 1919 191 58 fundata
996 1919 157 58 super
1101 1919 139 58 duos
1188 1919 191 58 habitus
1327 1919 226 58 absolutos
1501 1919 104 58 in
1553 1919 139 58 eis,
1640 1919 157 58 sicut
1744 1919 243 58 similitudo
1936 1919 122 58 est
2005 1919 122 58 vna
2075 1919 157 58 inter
2179 1919 122 58 du-

478 1967 101 73 os
529 1967 185 73 similes
663 1967 185 73 fundata
797 1967 101 73 in
847 1967 117 73 eis
915 1967 151 73 super
1015 1967 134 73 duas
1099 1967 218 73 albedies.
1267 1967 101 73 Vt
1317 1967 134 73 vero
1401 1967 185 73 nominat
1536 1967 168 73 nomine
1653 1967 117 73 suo
1720 1967 151 73 illos
1821 1967 185 73 habitus
1955 1967 235 73 absolutos:
2140 1967 117 73 sic
2190 1967 84 73 est

474 2025 122 61 duo
543 2025 192 61 habitus
683 2025 87 61 &
717 2025 139 61 duae
805 2025 226 61 amicitiae
979 2025 192 61 diuersi
1118 2025 192 61 numero,
1258 2025 105 61 vt
1310 2025 139 61 duae
1397 2025 244 61 albedines.
1589 2025 122 61 Sed
1658 2025 226 61 inquantum
1832 2025 192 61 nominat
1972 2025 226 61 vtrumque,
2146 2025 157 61 solum

469 2075 147 61 habet
567 2075 212 61 perfectam
730 2075 196 61 rationem
876 2075 196 61 virtutis
1023 2075 228 61 amicitiae.
1202 2075 130 61 Dico
1284 2075 130 61 ergo
1365 2075 130 61 quod
1447 2075 147 61 licet
1545 2075 179 61 habitus
1675 2075 212 61 amicitiae
1838 2075 196 61 tollitur
1985 2075 98 61 in
2034 2075 130 61 illo
2115 2075 114 61 qui
2164 2075 98 61 per-

469 2130 196 71 seuerat
612 2130 160 71 bonus
719 2130 107 71 ex
772 2130 160 71 vitio
879 2130 214 71 alterius
1039 2130 125 71 quo
1110 2130 107 71 ad
1164 2130 214 71 rationem
1324 2130 249 71 respectus,
1520 2130 160 71 sicut
1627 2130 249 71 similitudo
1823 2130 214 71 tollitur
1983 2130 107 71 in
2036 2130 125 71 vno
2090 2130 178 71 similium

470 2195 180 62 quando
596 2195 198 62 fundata
740 2195 126 62 est
811 2195 108 62 in
865 2195 234 62 albedine,
1045 2195 108 62 ex
1099 2195 288 62 commutatione
1333 2195 216 62 alterius
1494 2195 108 62 de
1548 2195 144 62 albo
1638 2195 108 62 in
1692 2195 198 62 nigrum:
1836 2195 126 62 non
1908 2195 162 62 tamen
2015 2195 216 62 tollitur
2177 2195 126 62 quo

468 2242 110 58 ad
523 2242 221 58 rationem
688 2242 202 58 habitus
835 2242 221 58 absoluti
1001 2242 165 58 super
1111 2242 147 58 quem
1203 2242 257 58 fundabatur
1405 2242 147 58 ille
1497 2242 257 58 respectus.
1699 2242 129 58 Per
1773 2242 147 58 quem
1865 2242 184 58 quidem
1993 2242 202 58 habitum
2140 2242 129 58 non
2195 2242 74 58 de

470 2293 161 60 sinit
578 2293 179 60 amare,
703 2293 90 60 &
739 2293 215 60 actiones
900 2293 305 60 beneficentiae
1151 2293 215 60 exhibere
1313 2293 143 60 erga
1402 2293 161 60 illum
1510 2293 233 60 vitiosum,
1689 2293 126 60 non
1761 2293 108 60 vt
1815 2293 126 60 iam
1886 2293 161 60 entem
1994 2293 197 60 amicum,
2137 2293 126 60 sed
2191 2293 72 60 vt

468 2348 242 65 possibilem
658 2348 190 65 reuerti
796 2348 104 65 ad
848 2348 242 65 amicitiam:
1038 2348 207 65 quousque
1194 2348 311 65 incorrigibilis
1453 2348 173 65 factus
1574 2348 190 65 fuerit:
1713 2348 86 65 &
1747 2348 138 65 tunc
1834 2348 207 65 retrahit
1989 2348 104 65 se
2041 2348 173 65 amicus
2145 2348 121 65 etiam

471 2412 91 59 a
507 2412 311 59 conuersatione
763 2412 201 59 illius,
910 2412 91 59 &
946 2412 110 59 ab
1001 2412 274 59 exhibitione
1221 2412 183 59 actuum
1349 2412 329 59 beniuolentiae,
1624 2412 91 59 &
1660 2412 128 59 est
1733 2412 110 59 ei
1788 2412 165 59 sicut
1898 2412 220 59 ethnicus
2063 2412 91 59 &
2081 2412 183 59 publica-

478 2458 128 55 nus
551 2458 91 55 &
587 2458 219 55 inimicus
751 2458 200 55 ratione
897 2458 182 55 vitii.
1025 2458 146 55 quem
1116 2458 164 55 tamen
1225 2458 128 55 non
1298 2458 200 55 desinit
1444 2458 164 55 amare
1553 2458 109 55 ex
1608 2458 182 55 habitu
1735 2458 255 55 amicitiae,
1936 2458 164 55 sicut
2045 2458 164 55 alium
2136 2458 128 55 extra

479 2508 158 73 neum.
585 2508 105 73 Et
638 2508 123 73 sic
708 2508 193 73 habitus
848 2508 228 73 amicitiae
1024 2508 123 73 quo
1095 2508 105 73 ad
1147 2508 105 73 id
1200 2508 141 73 quid
1288 2508 228 73 absolutum
1464 2508 123 73 est
1534 2508 88 73 &
1569 2508 158 73 reale
1674 2508 105 73 in
1727 2508 123 73 eo,
1797 2508 123 73 ita
1868 2508 264 73 permansurus
2079 2508 123 73 est
2131 2508 141 73 simpli

474 2565 168 65 citer
586 2565 168 65 sicut
698 2565 93 65 &
735 2565 205 65 habitus
885 2565 205 65 aliarum
1034 2565 242 65 virtutum:
1220 2565 168 65 licet
1332 2565 131 65 non
1407 2565 187 65 habeat
1538 2565 242 65 perfectam
1724 2565 224 65 rationem
1892 2565 242 65 amicitiae
2078 2565 149 65 nisi
2172 2565 131 65 ha-

477 2616 179 58 bendo
597 2616 259 58 coamicum,
796 2616 120 58 vt
856 2616 199 58 dictum
975 2616 120 58 est.

808 2673 245 66 Equuntur
991 2673 306 66 pertinentia
1236 2673 122 66 ad
1297 2673 306 66 intellectum
1542 2673 102 66 &
1583 2673 306 66 voluntatem.
1828 2673 122 66 Et
1889 2673 184 66 erant
2012 2673 184 66 tria.
2114 2673 163 66 Quorum

818 2730 176 62 primum
942 2730 211 62 pertinet
1100 2730 106 62 ad
1153 2730 264 62 substantiam
1364 2730 211 62 ipsorum:
1522 2730 158 62 vtrum
1627 2730 211 62 scilicet
1786 2730 193 62 ratione
1926 2730 211 62 dictante
2085 2730 193 62 aliquid
2208 2730 70 62 fa

815 2790 208 58 ciendum
967 2790 133 58 pro
1042 2790 189 58 aliqua
1175 2790 170 58 hora,
1288 2790 227 58 voluntas
1459 2790 189 58 possit
1591 2790 170 58 illud
1705 2790 133 58 non
1781 2790 189 58 velle.
1913 2790 227 58 Secundum
2084 2790 151 58 vero
2159 2790 114 58 per-

819 2836 161 68 tinet
927 2836 107 68 ad
980 2836 197 68 ordinem
1124 2836 197 68 illorum
1267 2836 179 68 actuum
1392 2836 161 68 inter
1500 2836 125 68 se,
1571 2836 161 68 vtrum
1679 2836 215 68 scilicet
1840 2836 215 68 operatio
2001 2836 251 68 voluntatis
2180 2836 90 68 sit

806 2891 244 68 finaliter
994 2891 206 68 propter
1144 2891 281 68 operationem
1369 2891 300 68 intellectus,
1613 2891 131 68 vel
1688 2891 263 68 econuerso.
1894 2891 206 68 Tertium
2044 2891 150 68 vero
2119 2891 150 68 perti-

809 2943 132 65 net
884 2943 113 65 ad
941 2943 263 65 efficaciam
1148 2943 207 65 illorum
1298 2943 188 65 actuum
1430 2943 169 65 circa
1543 2943 132 65 sua
1618 2943 226 65 obiecta,
1788 2943 169 65 vtrum
1901 2943 226 65 scilicet
2070 2943 169 65 magis
2164 2943 113 65 iuua

479 2998 128 70 tur
552 2998 220 70 voluntas
717 2998 202 70 volito,
863 2998 110 70 an
918 2998 275 70 intellectus
1138 2998 275 70 intellecto.
1358 2998 165 70 ClRca
1468 2998 183 70 primum
1596 2998 238 70 arguitur,
1779 2998 147 70 quod
1871 2998 202 70 ratione
2018 2998 220 70 dictante
2164 2998 110 70 ali-

472 3051 144 67 quid
562 3051 252 67 faciendum,
760 3051 216 67 voluntas
922 3051 126 67 pro
993 3051 144 67 hora
1083 3051 162 67 illud
1191 3051 126 67 non
1263 3051 180 67 potest
1389 3051 126 67 non
1461 3051 180 67 velle.
1587 3051 144 67 quia
1677 3051 216 67 voluntas
1838 3051 270 67 naturaliter
2054 3051 216 67 sequitur
2198 3051 72 67 co

485 3103 220 51 gnitionem.
658 3103 79 51 &
690 3103 94 51 in
737 3103 110 51 eis
800 3103 126 51 quae
878 3103 126 51 sese
957 3103 204 51 sequuntur
1114 3103 157 51 ordine
1224 3103 204 51 naturali,
1382 3103 157 51 semper
1492 3103 157 51 primum
1602 3103 110 51 est
1665 3103 142 51 causa
1759 3103 252 51 posterioris.
1963 3103 126 51 ergo
2042 3103 110 51 &c.
2105 3103 126 51 ITEM
2168 3103 110 51 prae-

483 3153 136 65 sente
573 3153 166 65 obiecto
694 3153 166 65 habente
815 3153 181 65 rationem
950 3153 136 65 omnis
1041 3153 121 65 boni
1116 3153 241 65 simpliciter,
1312 3153 106 65 non
1372 3153 151 65 potest
1478 3153 136 65 illud
1568 3153 106 65 non
1629 3153 151 65 velle.
1734 3153 121 65 ergo
1810 3153 106 65 nec
1870 3153 151 65 habens
1975 3153 181 65 rationem
2111 3153 121 65 boni
2171 3153 106 65 parti

471 3220 174 78 cularis
598 3220 111 78 pro
661 3220 143 78 hora.
756 3220 174 78 CONtra.
883 3220 127 78 tunc
962 3220 190 78 voluntas
1105 3220 95 78 in
1152 3220 174 78 actione
1279 3220 127 78 illa
1358 3220 174 78 volendi
1485 3220 111 78 non
1548 3220 143 78 esset
1643 3220 143 78 magis
1738 3220 158 78 libera
1849 3220 127 78 quam
1929 3220 206 78 appetitus
2071 3220 206 78 sensitiuus.
