2425 3741
117 324 254 69 honestum.
313 324 156 69 Quia
411 324 137 69 vno
489 324 156 69 modo
587 324 215 69 dicitur
743 324 274 69 inhonestum
958 324 137 69 vel
1036 324 235 69 indecens
1212 324 235 69 secundum
1388 324 215 69 ordinem
1545 324 215 69 aliquem
1681 324 235 69 particula-

119 382 128 67 rem
192 382 110 67 ad
247 382 201 67 aliquam
393 382 183 67 causam
521 382 311 67 particularem,
776 382 91 67 &
813 382 110 67 ad
868 382 164 67 facta
977 382 183 67 aliqua
1105 382 311 67 particularia.
1361 382 146 67 Alio
1452 382 146 67 modo
1543 382 219 67 secundum
1708 382 201 67 ordinem
1836 382 91 67 vni

118 435 223 66 uersalem
286 435 112 66 ad
342 435 205 66 aliquam
490 435 186 66 causam
621 435 298 66 vniuersalem:
863 435 93 66 &
900 435 316 66 vniuersaliter
1160 435 112 66 ad
1216 435 167 66 omnia
1328 435 167 66 alia.
1439 435 167 66 Primo
1551 435 149 66 modo
1644 435 260 66 inhonestum
1830 435 93 66 est

118 486 185 62 aliquod
253 486 151 62 malum
353 486 185 62 poenae,
488 486 134 62 puta
572 486 134 62 quod
656 486 185 62 aliquis
790 486 118 62 sit
857 486 185 62 caecus:
991 486 101 62 vt
1042 486 134 62 erat
1126 486 134 62 ille
1210 486 101 62 de
1260 486 118 62 quo
1327 486 118 62 est
1394 486 151 62 sermo
1495 486 151 62 loan.
1596 486 118 62 ix.
1663 486 202 62 indecens
1814 486 118 62 est
1865 486 50 62 &

124 540 256 65 inhonestum
325 540 110 65 in
380 540 183 65 ordine
508 540 110 65 ad
563 540 183 65 merita
691 540 165 65 eius:
801 540 146 65 quia
892 540 110 65 vt
947 540 183 65 ibidem
1075 540 220 65 dicitur,
1240 540 128 65 nec
1313 540 146 65 ipse
1405 540 128 65 nec
1478 540 220 65 parentes
1643 540 146 65 eius
1716 540 201 65 meruerunt

128 593 104 65 vt
180 593 173 65 caecus
300 593 259 65 nasceretur.
507 593 224 65 Similiter
680 593 207 65 indecens
835 593 121 65 est
904 593 104 65 in
956 593 173 65 ordine
1077 593 104 65 ad
1128 593 276 65 persectionem
1353 593 190 65 aliorum
1491 593 190 65 sensuum
1629 593 104 65 in
1680 593 155 65 illo:
1767 593 155 65 quemad-

116 660 162 56 modum
224 660 216 56 indecens
386 660 162 56 esset
493 660 144 56 quod
583 660 234 56 patibulum
763 660 216 56 latronum
925 660 270 56 statueretur
1140 660 108 56 in
1194 660 162 56 medio
1302 660 144 56 foro
1392 660 252 56 ciuitatis,
1590 660 126 56 vbi
1661 660 162 56 nihil
1769 660 144 56 mali
1841 660 72 56 de

122 711 238 59 meruerunt
305 711 183 59 ciues,
433 711 128 59 aut
506 711 201 59 maiores
652 711 183 59 eorum.
780 711 183 59 Decens
909 711 165 59 autem
1018 711 128 59 est
1092 711 146 59 quod
1183 711 146 59 stet
1275 711 165 59 extra
1384 711 238 59 ciuitatem
1567 711 110 59 ad
1622 711 293 59 suspendendum
1842 711 73 59 la

122 756 188 64 trones.
259 756 103 64 Et
310 756 273 64 consimiliter
532 756 171 64 decens
652 756 120 64 est
720 756 137 64 quod
805 756 222 64 quandoque
976 756 120 64 per
1045 756 205 64 publicam
1198 756 222 64 iustitiam
1369 756 239 64 excaecetur
1557 756 103 64 id
1608 756 205 64 meritus.
1762 756 188 64 Secundo

120 809 153 64 modo
216 809 172 64 nihil
330 809 134 64 est
407 809 268 64 inhonestum
617 809 153 64 nisi
713 809 172 64 malum
828 809 210 64 culpae.
981 809 191 64 Nullum
1115 809 153 64 enim
1210 809 172 64 malum
1325 809 191 64 poenae
1459 809 249 64 contingit
1650 809 115 64 in
1688 809 230 64 particula-

116 862 107 68 ri
170 862 142 68 quod
258 862 124 68 non
329 862 213 68 congruit
489 862 231 68 vniuerso,
667 862 89 68 &
703 862 124 68 est
774 862 142 68 eius
863 862 160 68 causa
969 862 284 68 rationabilis
1200 862 89 68 &
1236 862 178 68 certa,
1360 862 195 68 quamuis
1502 862 160 68 nobis
1609 862 231 68 incognita
1769 862 142 68 multo-

129 916 170 65 tiens.
248 916 85 65 &
282 916 119 65 sic
350 916 170 65 decens
469 916 85 65 &
503 916 204 65 honestum
656 916 136 65 fuit
741 916 136 65 quod
826 916 136 65 ille
911 916 170 65 caecus
1030 916 238 65 nasceretur
1217 916 153 65 loan.
1319 916 119 65 ix.
1387 916 136 65 quia
1472 916 102 65 ex
1523 916 119 65 hoc
1591 916 119 65 est
1659 916 187 65 quiddam
1778 916 136 65 decens

120 970 85 68 &
154 970 203 68 honestum
306 970 152 68 ortum
408 970 203 68 scilicet
560 970 118 68 dei
628 970 288 68 glorificatio,
865 970 102 68 vt
915 970 169 68 ibidem
1034 970 203 68 dicitur.
1186 970 102 68 De
1237 970 135 68 illo
1322 970 135 68 ergo
1406 970 135 68 quod
1491 970 118 68 est
1559 970 203 68 indecens
1711 970 135 68 isto
1779 970 135 68 secun-

116 1024 109 63 do
170 1024 164 63 modo:
280 1024 146 63 dico
371 1024 146 63 quod
462 1024 146 63 deus
553 1024 127 63 non
626 1024 182 63 potest
753 1024 182 63 facere
880 1024 146 63 quod
971 1024 127 63 non
1044 1024 164 63 decet
1153 1024 164 63 ipsum
1263 1024 200 63 facere,
1408 1024 164 63 sicut
1518 1024 164 63 nullo
1627 1024 146 63 modo
1718 1024 182 63 potest
1827 1024 91 63 pec

117 1079 167 75 care.
229 1079 111 75 Et
284 1079 204 75 positio
433 1079 204 75 illorum
581 1079 241 75 implicare
766 1079 204 75 videtur
915 1079 148 75 quod
1007 1079 130 75 hoc
1082 1079 148 75 quod
1174 1079 130 75 est
1249 1079 185 75 facere
1378 1079 204 75 angelum
1527 1079 278 75 imperfectum
1749 1079 130 75 sit
1805 1079 111 75 tale

116 1134 249 59 indecens.
307 1134 115 59 De
365 1134 153 59 illo
460 1134 172 59 autem
575 1134 153 59 quod
671 1134 134 59 est
747 1134 230 59 indecens
920 1134 172 59 primo
1035 1134 153 59 modo
1130 1134 153 59 quod
1226 1134 172 59 tamen
1341 1134 191 59 decens
1475 1134 134 59 est
1551 1134 96 59 &
1590 1134 230 59 honestum
1762 1134 134 59 per
1819 1134 96 59 op-

127 1195 252 62 positionem
325 1195 108 62 ad
379 1195 216 62 indecens
541 1195 198 62 secundo
686 1195 162 62 modo:
794 1195 144 62 Dico
884 1195 144 62 quod
974 1195 144 62 deus
1064 1195 180 62 potest
1190 1195 180 62 facere
1316 1195 144 62 quod
1406 1195 126 62 est
1479 1195 234 62 indecens:
1659 1195 126 62 non
1731 1195 162 62 tamen
1821 1195 90 62 sub

123 1245 197 60 ratione
266 1245 143 60 illa
356 1245 125 60 qua
427 1245 125 60 est
499 1245 232 60 indecens,
677 1245 250 60 aspiciendo
874 1245 107 60 ad
928 1245 197 60 ordinem
1071 1245 89 60 &
1106 1245 179 60 causam
1232 1245 304 60 particularim:
1482 1245 125 60 sed
1553 1245 125 60 sub
1625 1245 197 60 ratione
1768 1245 125 60 qua
1822 1245 89 60 est

116 1289 201 65 decens
257 1289 282 65 aspiciendo
478 1289 121 65 ad
538 1289 221 65 ordinem
699 1289 302 65 vniuersalem
941 1289 101 65 &
981 1289 201 65 causam
1122 1289 282 65 superiorem
1343 1289 101 65 &
1383 1289 302 65 vniuersalm:
1624 1289 241 65 secundum
1785 1289 121 65 quem

122 1351 158 69 modum
228 1351 158 69 alias
333 1351 280 69 declarauimus
560 1351 193 69 quomodo
700 1351 140 69 deus
788 1351 140 69 erat
875 1351 158 69 causa
980 1351 245 69 caecitatis
1173 1351 88 69 &
1208 1351 140 69 mali
1295 1351 175 69 poenae
1418 1351 105 69 in
1470 1351 140 69 illo
1558 1351 158 69 caeco
1663 1351 158 69 nato:
1768 1351 88 69 &
1803 1351 140 69 quid

122 1402 127 71 sic
195 1402 146 71 erat
286 1402 200 71 decens,
431 1402 164 71 licet
540 1402 218 71 secundum
704 1402 164 71 alium
813 1402 200 71 ordinem
959 1402 237 71 indecens,
1141 1402 146 71 bene
1232 1402 146 71 deum
1323 1402 182 71 decuit
1450 1402 182 71 facere
1577 1402 127 71 non
1650 1402 218 71 secundum
1796 1402 109 71 quod

127 1457 136 61 erat
212 1457 204 61 indecens
365 1457 119 61 sed
433 1457 153 61 solum
535 1457 204 61 secundum
687 1457 136 61 quod
772 1457 136 61 erat
857 1457 187 61 decens.
993 1457 102 61 Et
1044 1457 119 61 sic
1112 1457 204 61 absolute
1265 1457 153 61 dico:
1367 1457 136 61 quod
1452 1457 136 61 deus
1536 1457 153 61 nullo
1638 1457 136 61 modo
1723 1457 170 61 potest
1825 1457 85 61 fa-

119 1508 151 65 cere
213 1508 208 65 aliquid
364 1508 151 65 quod
459 1508 170 65 nullo
572 1508 151 65 modo
666 1508 94 65 &
704 1508 226 65 secundum
874 1508 189 65 nuilum
1006 1508 208 65 ordinem
1157 1508 208 65 deceret
1308 1508 132 65 eum
1384 1508 208 65 facere:
1535 1508 151 65 immo
1629 1508 226 65 quicqnid
1780 1508 132 65 facit

124 1566 158 54 decet
230 1566 123 54 eum
300 1566 193 54 facere:
440 1566 88 54 &
475 1566 210 54 quicquid
633 1566 175 54 facere
755 1566 193 54 potest,
896 1566 105 54 si
948 1566 210 54 faceret,
1106 1566 193 54 deceret
1246 1566 123 54 eum
1316 1566 193 54 facere,
1456 1566 88 54 &
1491 1566 123 54 non
1562 1566 140 54 nisi
1649 1566 210 54 secundum
1789 1566 123 54 ordi-

123 1615 132 68 nem
198 1615 226 68 decentem
368 1615 226 68 faceret.
537 1615 150 68 Vnde
631 1615 113 68 si
687 1615 188 68 potest
819 1615 150 68 deus
913 1615 188 68 Petrum
1045 1615 207 68 damnare
1195 1615 94 68 &
1233 1615 169 68 ludam
1346 1615 207 68 saluare
1496 1615 113 68 de
1553 1615 226 68 potentia
1703 1615 207 68 absoluta,

120 1675 116 53 hoc
187 1675 116 53 non
253 1675 116 53 est
319 1675 132 53 nisi
401 1675 132 53 quia
484 1675 182 53 deceret
616 1675 116 53 eum
682 1675 165 53 facere
798 1675 116 53 hoc
864 1675 198 53 secundum
1013 1675 182 53 ordinem
1145 1675 182 53 aliquem
1277 1675 215 53 iustitiae
1442 1675 99 53 si
1492 1675 198 53 faceret,
1641 1675 116 53 nec
1707 1675 165 53 aliter
1806 1675 99 53 pos-

127 1726 117 59 set
194 1726 150 59 illud
294 1726 183 59 facere.
428 1726 100 59 Et
478 1726 117 59 sic
544 1726 150 59 nihil
644 1726 167 59 potest
761 1726 133 59 deus
845 1726 167 59 facere
961 1726 100 59 de
1011 1726 200 59 potentia
1161 1726 217 59 absoluta,
1328 1726 133 59 quin
1412 1726 150 59 illud
1512 1726 167 59 potest
1628 1726 167 59 facere
1745 1726 100 59 de
1779 1726 133 59 poten-

120 1782 121 66 tia
189 1782 225 66 ordinata:
362 1782 156 66 licet
466 1782 208 66 secundum
622 1782 156 66 alium
726 1782 191 66 ordinem
865 1782 139 66 quam
952 1782 121 66 sit
1021 1782 139 66 ille
1108 1782 191 66 propter
1246 1782 139 66 quem
1333 1782 208 66 dimittit
1489 1782 156 66 illud
1593 1782 191 66 facere:
1732 1782 121 66 ita
1784 1782 121 66 tamen

124 1832 148 68 quod
216 1832 185 68 semper
345 1832 166 68 facit
456 1832 148 68 quod
548 1832 185 68 melius
677 1832 92 68 &
714 1832 314 68 rationabilius
973 1832 129 68 est
1046 1832 258 68 aspiciendo
1250 1832 111 68 ad
1305 1832 166 68 totum
1416 1832 203 68 ordinem
1563 1832 240 68 vniuersi,
1729 1832 185 68 secundum

128 1886 139 71 quem
214 1886 156 71 multa
319 1886 121 71 non
388 1886 156 71 facit
492 1886 139 71 quae
579 1886 174 71 posset
700 1886 191 71 facere.
839 1886 104 71 Ex
891 1886 121 71 quo
961 1886 156 71 patet
1065 1886 139 71 quod
1151 1886 156 71 valde
1256 1886 278 71 inconueniens
1481 1886 121 71 est
1551 1886 174 71 dicere
1672 1886 139 71 quod
1759 1886 139 71 deus
1828 1886 87 71 pos

117 1944 129 58 set
190 1944 184 58 plures
319 1944 203 58 angelos
466 1944 184 58 facere
595 1944 129 58 sub
669 1944 166 58 eadem
779 1944 184 58 specie
908 1944 221 58 secundum
1074 1944 184 58 dictum
1203 1944 184 58 modum,
1332 1944 147 58 quos
1424 1944 166 58 tamen
1534 1944 129 58 non
1608 1944 184 58 facit,
1737 1944 147 58 quia
1829 1944 129 58 non

124 1993 155 65 decet
227 1993 121 65 eum
296 1993 155 65 illos
400 1993 190 65 facere.
538 1993 104 65 Si
590 1993 155 65 autem
694 1993 276 65 intelligatur
918 1993 138 65 quod
1005 1993 173 65 potest
1125 1993 155 65 illos
1229 1993 190 65 facere:
1367 1993 86 65 &
1402 1993 207 65 absolute
1557 1993 138 65 quod
1644 1993 207 65 secundum
1782 1993 138 65 nuilum

125 2057 195 65 ordinem
267 2057 177 65 omnino
391 2057 159 65 decet
497 2057 124 65 eum
568 2057 159 65 illos
674 2057 195 65 facere,
816 2057 266 65 simpliciter
1029 2057 177 65 falsum
1152 2057 124 65 est
1223 2057 89 65 &
1259 2057 230 65 erroneum.
1436 2057 106 65 Si
1489 2057 142 65 vero
1578 2057 283 65 intelligatur
1808 2057 142 65 quod

124 2106 157 66 potest
234 2106 141 66 illos
328 2106 157 66 facere
437 2106 125 66 quod
516 2106 141 66 tamen
610 2106 172 66 deceret
735 2106 110 66 eum
798 2106 157 66 facere
907 2106 110 66 eos
970 2106 188 66 secundum
1111 2106 172 66 aliquem
1236 2106 172 66 ordinem
1361 2106 94 66 si
1408 2106 141 66 illos
1502 2106 157 66 facit:
1612 2106 110 66 sed
1674 2106 125 66 quod
1752 2106 110 66 non
1799 2106 110 66 facit

123 2156 132 60 hoc
199 2156 132 60 est
274 2156 151 60 quia
368 2156 226 60 secundum
538 2156 170 60 alium
651 2156 207 60 ordinem
802 2156 358 60 conuenientiorem
1103 2156 132 60 non
1179 2156 170 60 decet
1292 2156 132 60 eum
1367 2156 170 60 illos
1480 2156 207 60 facere,
1631 2156 132 60 nec
1707 2156 189 60 decuit
1820 2156 94 60 eum

127 2211 153 67 illos
229 2211 204 67 fecisse,
381 2211 136 67 bene
466 2211 153 67 debet
568 2211 204 67 concedi.
721 2211 119 67 Sed
789 2211 153 67 vtrum
890 2211 119 67 iam
958 2211 187 67 fecerit
1094 2211 170 67 plures
1213 2211 119 67 sub
1280 2211 153 67 eadem
1382 2211 187 67 specie,
1518 2211 102 67 an
1569 2211 170 67 tantum
1688 2211 204 67 singulos
1823 2211 85 67 sub

119 2262 208 71 singulis
275 2262 243 71 speciebus,
465 2262 104 71 vt
517 2262 139 71 sint
604 2262 121 71 tot
673 2262 191 71 species
812 2262 225 71 angelorum
985 2262 139 71 quot
1072 2262 139 71 sunt
1159 2262 191 71 angeli:
1297 2262 104 71 an
1349 2262 139 71 sint
1436 2262 173 71 plures
1557 2262 121 71 sub
1627 2262 121 71 vna
1696 2262 191 71 specie,
1835 2262 104 71 an

129 2316 153 67 omnes
231 2316 187 67 eiusdem
367 2316 204 67 speciei:
520 2316 102 67 de
571 2316 119 67 hoc
638 2316 153 67 nihil
740 2316 102 67 ad
791 2316 221 67 praesens:
961 2316 119 67 sed
1029 2316 102 67 an
1080 2316 221 67 possibile
1250 2316 119 67 sit
1318 2316 170 67 plures
1437 2316 153 67 fieri
1538 2316 119 67 sub
1606 2316 153 67 eadem
1708 2316 170 67 specie
1810 2316 102 67 sem-

123 2372 126 72 per
195 2372 163 72 tamen
304 2372 217 72 secundum
466 2372 144 72 esse
556 2372 253 72 perfectius
755 2372 90 72 &
791 2372 289 72 imperfectius
1026 2372 163 72 iuxta
1134 2372 253 72 praedictum
1333 2372 163 72 modum
1441 2372 108 72 in
1496 2372 253 72 quaestione
1676 2372 235 72 praecedenti

120 2425 105 64 an
172 2425 209 64 secundum
329 2425 209 64 aequalem
485 2425 279 64 perfectionem
712 2425 174 64 ipsius
834 2425 157 64 esse:
938 2425 105 64 de
991 2425 122 64 hoc
1060 2425 226 64 similiter
1235 2425 157 64 nihil
1339 2425 105 64 ad
1391 2425 209 64 praesens
1548 2425 139 64 plus
1635 2425 139 64 quam
1722 2425 122 64 iam
1775 2425 139 64 dictum

128 2479 143 61 est.
217 2479 250 61 Concedenda
414 2479 125 61 est
485 2479 143 61 ergo
574 2479 161 61 ratio
681 2479 178 61 vltima
806 2479 196 61 probans
949 2479 143 61 quod
1038 2479 143 61 deus
1127 2479 161 61 nihil
1234 2479 178 61 potest
1359 2479 178 61 facere
1484 2479 143 61 quod
1573 2479 161 61 nullo
1680 2479 143 61 modo
1751 2479 161 61 deceret

127 2532 164 60 ipsum
236 2532 201 60 facere.
382 2532 109 60 Ad
437 2532 182 60 primum
565 2532 109 60 in
619 2532 255 60 oppositum:
820 2532 146 60 quod
911 2532 219 60 repugnat
1076 2532 274 60 perfectioni
1295 2532 237 60 angelorum
1477 2532 182 60 facere
1605 2532 182 60 plures
1733 2532 128 60 sub
1787 2532 128 60 eadem

128 2590 188 62 specie:
265 2590 205 62 dicendum
419 2590 205 62 secundum
573 2590 223 62 praedicta
744 2590 103 62 in
795 2590 257 62 praecedente
1001 2590 240 62 quaestione
1189 2590 137 62 quod
1275 2590 171 62 falsum
1395 2590 120 62 est
1463 2590 137 62 quid
1549 2590 205 62 assumit:
1703 2590 86 62 &
1737 2590 103 62 ad
1771 2590 137 62 illius

127 2635 282 76 probationemi
356 2635 141 76 quod
444 2635 282 76 plurificatio
673 2635 282 76 indiuiduorum
902 2635 123 76 sub
973 2635 158 76 eadem
1078 2635 176 76 specie
1202 2635 123 76 non
1272 2635 123 76 est
1342 2635 141 76 nisi
1431 2635 194 76 propter
1571 2635 176 76 ipsius
1695 2635 194 76 speciei
1818 2635 88 76 im-

127 2695 286 69 perfectionem:
363 2695 202 69 dicendum
514 2695 135 69 quod
598 2695 269 69 plurificatio
817 2695 269 69 indiuiduorum
1035 2695 118 69 sub
1103 2695 151 69 eadem
1204 2695 235 69 specieiduo
1389 2695 202 69 respicit
1540 2695 202 69 scilicet
1691 2695 84 69 &
1708 2695 202 69 pluralita-

118 2755 128 65 tem
191 2755 293 65 multitudinis
429 2755 110 65 ex
484 2755 165 65 parte
594 2755 220 65 speciei,
759 2755 92 65 &
796 2755 165 65 modum
905 2755 311 65 multiplicandi
1162 2755 110 65 ex
1217 2755 165 65 parte
1327 2755 183 65 actus,
1455 2755 128 65 quo
1528 2755 348 65 multiplicantur.
1821 2755 128 65 Quo

126 2798 101 63 ad
177 2798 168 63 primum
295 2798 135 63 dico
379 2798 135 63 quod
463 2798 118 63 non
530 2798 118 63 est
598 2798 135 63 nisi
682 2798 185 63 propter
817 2798 270 63 perfectionem
1036 2798 168 63 formae
1154 2798 202 63 speciei.
1305 2798 118 63 Quo
1373 2798 101 63 ad
1423 2798 202 63 secundum
1575 2798 135 63 dico
1659 2798 135 63 quod
1727 2798 185 63 plurifica

127 2863 125 54 tio
199 2863 125 54 per
270 2863 214 54 actionem
431 2863 232 54 alterius:
609 2863 107 54 vt
663 2863 125 54 per
734 2863 268 54 creationem,
949 2863 161 54 nullo
1056 2863 143 54 modo
1145 2863 214 54 repugnat
1306 2863 268 54 perfectioni
1520 2863 214 54 speciei:
1681 2863 143 54 immo
1770 2863 125 54 hoc
1824 2863 89 54 est

127 2910 109 64 de
181 2910 146 64 eius
273 2910 292 64 perfectione:
510 2910 292 64 plurificatio
746 2910 164 64 autem
856 2910 146 64 eius
947 2910 128 64 per
1020 2910 219 64 actionem
1184 2910 219 64 propriam
1348 2910 219 64 scilicet
1512 2910 128 64 per
1585 2910 292 64 generationem
1822 2910 128 64 non

128 2966 126 66 est
200 2966 144 66 sine
290 2966 180 66 aliqua
416 2966 270 66 perfectione
632 2966 216 66 speciei,
794 2966 126 66 qua
866 2966 216 66 scilicet
1028 2966 216 66 nopotest
1189 2966 270 66 plurificari
1405 2966 108 66 in
1459 2966 126 66 vno
1531 2966 216 66 secundum
1693 2966 216 66 numerum.
1837 2966 72 66 vt

123 3019 202 68 procedit
275 3019 219 68 obiectio:
443 3019 118 68 non
511 3019 152 68 tamen
612 3019 118 68 est
679 3019 135 68 ipsa
764 3019 270 68 plurificatio
983 3019 219 68 effectiue
1151 3019 185 68 propter
1286 3019 152 68 illam
1387 3019 320 68 imperfectionem,
1657 3019 152 68 sicut
1758 3019 118 68 nec
1809 3019 101 68 ipsa

120 3079 232 65 generatio
298 3079 285 65 simpliciter,
530 3079 125 65 sed
601 3079 178 65 potius
726 3079 196 65 propter
868 3079 303 65 perfectionem:
1118 3079 285 65 perfectionis
1349 3079 142 65 enim
1438 3079 125 65 est
1509 3079 214 65 generare
1670 3079 89 65 &
1687 3079 232 65 perfectorum

123 3135 173 58 tantum
244 3135 156 58 licet
347 3135 207 58 generare
503 3135 104 58 in
555 3135 173 58 aliena
676 3135 190 58 materia
814 3135 121 58 sit
884 3135 329 58 imperfectionis:
1160 3135 121 58 sed
1229 3135 121 58 hoc
1299 3135 121 58 non
1368 3135 190 58 propter
1506 3135 156 58 ipsum
1610 3135 225 58 generare,
1783 3135 121 58 sed
1835 3135 86 58 pro

124 3179 153 91 pter
219 3179 172 91 ipsum
334 3179 172 91 aliud
449 3179 248 91 generatum
640 3179 96 91 &
678 3179 210 91 alienam
831 3179 248 91 materiam:
1022 3179 229 91 secundum
1194 3179 153 91 quod
1289 3179 210 91 amplius
1442 3179 306 91 declarauimus
1691 3179 134 91 hoc
1748 3179 172 91 loquen
