2430 3734
457 301 104 79 non
517 301 208 79 differrent
680 301 89 79 re
724 301 178 79 essentia
858 301 74 79 &
887 301 134 79 esse,
976 301 119 79 quod
1051 301 193 79 essentiae
1199 301 104 79 sua
1258 301 223 79 proprietate
1436 301 208 79 conueniret
1599 301 134 79 esse:
1688 301 119 79 nunc
1763 301 134 79 autem
1852 301 104 79 hoc
1911 301 104 79 non
1970 301 104 79 est
2030 301 148 79 verum,
2133 301 104 79 cum
2178 301 89 79 esse

464 375 197 60 conueniat
615 375 91 60 ei
661 375 136 60 solum
751 375 121 60 modo
827 375 151 60 quodam
933 375 182 60 exterius
1069 375 272 60 participatiue,
1296 375 212 60 acquirende
1463 375 182 60 scilicet
1599 375 121 60 sibi
1675 375 166 60 quendam
1796 375 136 60 nouum
1887 375 212 60 respectum.
2053 375 197 60 Similiter
2189 375 76 60 cum

470 422 187 68 probatur
611 422 156 68 contra
720 422 109 68 eos
783 422 125 68 sic,
861 422 94 68 si
907 422 156 68 aliqua
1017 422 109 68 duo
1079 422 156 68 dicunt
1188 422 125 68 vnam
1266 422 78 68 &
1297 422 156 68 eandem
1407 422 125 68 rem,
1485 422 140 68 licet
1578 422 125 68 vnum
1656 422 156 68 posset
1766 422 203 68 intelligi
1922 422 109 68 non
1984 422 218 68 intellecto
2140 422 125 68 altero

472 472 233 73 impossibile
659 472 109 73 est
721 472 124 73 quod
799 472 124 73 vnum
877 472 249 73 intelligatur
1079 472 109 73 cum
1141 472 187 73 opposito
1281 472 202 73 alterius,
1436 472 93 73 vt
1483 472 140 73 patet
1576 472 93 73 de
1623 472 124 73 ente
1701 472 78 73 &
1732 472 124 73 vno,
1810 472 124 73 quod
1887 472 171 73 aliquid
2012 472 155 73 potest
2105 472 171 73 intelligi

468 529 123 62 esse
545 529 108 62 ens
606 529 108 62 non
668 529 246 62 intelligendo
868 529 123 62 quod
945 529 108 62 sit
1006 529 139 62 vnum,
1099 529 108 62 non
1160 529 139 62 tamen
1253 529 246 62 intelligendo
1453 529 123 62 quod
1530 529 108 62 non
1592 529 108 62 sit
1653 529 139 62 vnum.
1746 529 92 62 Et
1792 529 139 62 (quod
1884 529 169 62 fortius
2007 529 123 62 est)
2084 529 108 62 res
2146 529 154 62 aliqua

465 585 111 57 non
529 585 159 57 potest
640 585 207 57 intelligi
799 585 111 57 cum
862 585 191 57 opposito
1005 585 127 57 eius
1085 585 127 57 quod
1164 585 111 57 per
1228 585 95 57 se
1275 585 143 57 habet
1371 585 238 57 habitudinem
1561 585 95 57 ad
1609 585 159 57 illam,
1720 585 143 57 licet
1815 585 159 57 possit
1927 585 207 57 intelligi
2085 585 127 57 fine
2165 585 127 57 illo
2228 585 48 57 &

475 640 108 67 cum
536 640 186 67 opposito
676 640 124 67 eius
753 640 124 67 quod
831 640 108 67 non
892 640 139 67 habet
985 640 108 67 per
1047 640 93 67 se
1094 640 232 67 habitudinem
1279 640 93 67 ad
1326 640 155 67 illam.
1434 640 139 67 Verbi
1527 640 170 67 gratia,
1651 640 124 67 homo
1728 640 155 67 potest
1837 640 201 67 intelligi
1991 640 108 67 non
2053 640 217 67 intellecto
2208 640 62 67 ri

465 689 167 60 sibili:
586 689 76 60 &
617 689 182 60 aethiops
753 689 152 60 nitens
859 689 167 60 colore:
981 689 121 60 homo
1056 689 137 60 tamen
1148 689 106 60 non
1208 689 152 60 potest
1314 689 197 60 intelligi
1466 689 243 60 intelligendo
1663 689 137 60 simul
1754 689 121 60 quod
1830 689 106 60 sit
1891 689 228 60 hinnibilis.
2073 689 137 60 Quare
2164 689 121 60 quia

475 746 154 51 essentia
591 746 167 51 intelligi
719 746 128 51 potest
809 746 90 51 cum
860 746 154 51 opposito
976 746 103 51 eius
1040 746 103 51 quod
1104 746 90 51 est
1155 746 64 51 e
1181 746 154 51 scilicet
1297 746 90 51 cum
1348 746 90 51 non
1399 746 116 51 esse:
1476 746 154 51 essentia
1592 746 64 51 &
1617 746 103 51 esse
1682 746 90 51 non
1733 746 128 51 eandem
1823 746 90 51 rem
1874 746 141 51 dicunt:
1977 746 103 51 quid
2041 746 116 51 verum
2118 746 90 51 est
2169 746 128 51 quando

476 801 115 66 quae
548 801 115 66 sunt
620 801 115 66 idem
692 801 86 66 re
735 801 187 66 differunt
879 801 158 66 ratione
994 801 158 66 tantum,
1109 801 86 66 vt
1152 801 187 66 contingit
1296 801 86 66 de
1340 801 115 66 ente
1411 801 72 66 &
1440 801 101 66 vno
1498 801 115 66 quod
1570 801 216 66 convertitur
1743 801 101 66 cum
1800 801 130 66 ipso:
1887 801 101 66 non
1944 801 130 66 autem
2031 801 144 66 quando
2131 801 101 66 cum
2189 801 101 66 hoc

468 850 209 67 differunt
629 850 226 67 intentione
806 850 145 67 sola,
903 850 97 67 vt
951 850 209 67 contingit
1112 850 97 67 in
1161 850 226 67 proposito.
1338 850 161 67 Dicunt
1450 850 129 67 ergo
1531 850 145 67 primo
1628 850 129 67 quod
1708 850 209 67 possibile
1869 850 145 67 aliud
1966 850 113 67 est
2030 850 226 67 subiectiue
2191 850 81 67 ali

472 901 92 71 ud
518 901 246 71 terminatiue:
718 901 123 71 quid
795 901 77 71 &
825 901 108 71 nos
887 901 231 71 concedimus:
1071 901 108 71 sed
1133 901 108 71 non
1194 901 108 71 est
1256 901 123 71 vnum
1333 901 169 71 illorum
1456 901 123 71 sine
1533 901 169 71 altero:
1656 901 123 71 quia
1733 901 138 71 agens
1825 901 108 71 non
1887 901 138 71 facit
1979 901 123 71 nisi
2056 901 215 71 compositum
2209 901 62 71 ex

478 960 185 67 potentia
616 960 77 67 &
647 960 154 67 actum:
755 960 170 67 facere,
879 960 77 67 n
910 960 185 67 materiam
1049 960 108 67 non
1110 960 108 67 est
1172 960 154 67 facere
1280 960 123 67 quod
1357 960 170 67 materia
1481 960 108 67 sit
1543 960 185 67 materia,
1681 960 123 67 quia
1759 960 108 67 cum
1820 960 170 67 materia
1944 960 154 67 semper
2052 960 108 67 sit
2114 960 185 67 materia,

477 1016 96 64 ad
525 1016 112 64 hoc
589 1016 112 64 non
652 1016 175 64 indiget
780 1016 207 64 factione:
939 1016 112 64 sed
1003 1016 159 64 facere
1114 1016 191 64 materiam
1258 1016 112 64 est
1321 1016 159 64 facere
1433 1016 127 64 quod
1512 1016 112 64 sit
1576 1016 112 64 sub
1640 1016 159 64 forma:
1751 1016 80 64 &
1783 1016 143 64 velte
1879 1016 159 64 facere
1990 1016 207 64 potentiam
2150 1016 112 64 vel
2197 1016 80 64 pos

475 1065 169 60 sibile,
598 1065 108 60 est
659 1065 154 60 facere
767 1065 123 60 quod
843 1065 108 60 sit
905 1065 108 60 sub
966 1065 154 60 actum.
1074 1065 200 60 Similiter
1227 1065 154 60 facere
1335 1065 154 60 formam
1442 1065 215 60 materialem
1611 1065 108 60 non
1673 1065 108 60 est
1734 1065 154 60 facere
1842 1065 123 60 quod
1919 1065 108 60 sit
1980 1065 154 60 forma:
2088 1065 123 60 quia
2164 1065 92 60 ad
2195 1065 77 60 hoc

471 1124 116 62 non
537 1124 182 62 indiget
669 1124 215 62 factione:
834 1124 116 62 sed
900 1124 165 62 facere
1015 1124 165 62 formam
1131 1124 116 62 est
1197 1124 165 62 facere
1312 1124 132 62 quod
1395 1124 132 62 illa
1477 1124 116 62 sit
1543 1124 99 62 in
1593 1124 198 62 materia.
1741 1124 215 62 Similiter
1906 1124 165 62 facere
2005 1124 264 62 intelligentiam

470 1177 132 57 quae
553 1177 99 57 in
603 1177 116 57 sua
669 1177 198 57 essentia
818 1177 116 57 est
884 1177 149 57 forma
983 1177 132 57 fine
1066 1177 198 57 materia,
1215 1177 116 57 non
1281 1177 116 57 est
1347 1177 165 57 facere
1463 1177 132 57 quod
1545 1177 116 57 sit
1612 1177 165 57 forma,
1727 1177 116 57 nec
1793 1177 132 57 quod
1876 1177 116 57 sit
1942 1177 298 57 intelligentia:
2174 1177 99 57 quia

480 1229 96 68 ad
528 1229 112 68 hoc
592 1229 191 68 factione
735 1229 112 68 non
799 1229 191 68 indiget:
942 1229 112 68 sed
1006 1229 159 68 facere
1118 1229 112 68 eam
1181 1229 112 68 est
1245 1229 159 68 facere
1357 1229 223 68 quodhabeat
1532 1229 127 68 esse
1612 1229 255 68 existentiae.
1819 1229 271 68 Vniuersaliter
2042 1229 112 68 en.
2106 1229 112 68 tam
2153 1229 112 68 actus

482 1279 125 67 quam
561 1279 188 67 potentia
701 1279 94 67 in
748 1279 203 67 creaturis
905 1279 188 67 indigent
1045 1279 172 67 factore
1170 1279 78 67 &
1202 1279 266 67 conseruatore,
1421 1279 125 67 quid
1499 1279 156 67 quidem
1608 1279 109 67 est
1671 1279 203 67 potentia,
1827 1279 172 67 indiget
1952 1279 94 67 vt
1999 1279 188 67 factione
2140 1279 109 67 sua
2187 1279 78 67 sit

470 1329 113 62 sub
534 1329 145 62 actum
631 1329 80 62 &
663 1329 97 62 vt
711 1329 241 62 conseruetur
904 1329 113 62 sub
969 1329 145 62 ipso:
1065 1329 129 62 quid
1146 1329 129 62 vero
1226 1329 113 62 est
1291 1329 161 62 actus,
1403 1329 177 62 indiget
1532 1329 97 62 vt
1580 1329 193 62 factione
1725 1329 113 62 sit
1789 1329 97 62 in
1838 1329 193 62 potentia
1982 1329 80 62 &
2015 1329 241 62 conseruetur
2208 1329 97 62 in

481 1390 102 69 ea.
540 1390 102 69 SED
598 1390 102 69 ego
656 1390 116 69 dico
728 1390 116 69 quod
801 1390 131 69 illud
888 1390 145 69 falsum
990 1390 116 69 est,
1062 1390 116 69 quod
1135 1390 174 69 scilicet
1266 1390 102 69 non
1324 1390 102 69 est
1382 1390 189 69 possibile
1527 1390 203 69 termiatiue
1687 1390 116 69 fine
1759 1390 189 69 possibili
1904 1390 218 69 subiectiue:
2079 1390 87 69 si
2108 1390 174 69 intelligum

478 1440 106 58 tur
538 1440 196 58 subiectum
689 1440 75 58 &
719 1440 136 58 illud
810 1440 106 58 cui
870 1440 211 58 subiicitur
1036 1440 226 58 differentia
1217 1440 181 58 secundum
1353 1440 121 58 rem:
1428 1440 121 58 quid
1504 1440 166 58 proprie
1624 1440 136 58 facit
1715 1440 196 58 possibile
1866 1440 226 58 subiectiue.
2047 1440 121 58 Bene
2122 1440 136 58 tamen
2198 1440 75 58 ve-

470 1494 106 75 rum
530 1494 106 75 est
591 1494 91 75 si
636 1494 256 75 intelliguntur
847 1494 226 75 differentia
1028 1494 181 75 secundum
1164 1494 241 75 intentionem:
1360 1494 106 75 nec
1420 1494 151 75 vnquam
1526 1494 106 75 hoc
1586 1494 211 75 negauimus.
1752 1494 106 75 Non
1812 1494 121 75 enim
1888 1494 151 75 semper
1993 1494 166 75 oportet
2114 1494 121 75 quod
2174 1494 106 75 actus

475 1550 202 67 differat
627 1550 84 67 a
661 1550 202 67 potentia
812 1550 202 67 secundum
964 1550 118 67 rem
1032 1550 84 67 &
1066 1550 118 67 sit
1133 1550 152 67 actus
1234 1550 135 67 quid
1319 1550 236 67 absolutum:
1504 1550 118 67 sed
1572 1550 202 67 sufficit
1723 1550 135 67 quod
1808 1550 219 67 differant
1976 1550 202 67 secundum
2111 1550 169 67 intentio

470 1606 106 69 nem
530 1606 152 69 solum:
637 1606 76 69 &
667 1606 106 69 sit
727 1606 121 69 quid
803 1606 242 69 respectiuum.
1000 1606 91 69 Et
1046 1606 197 69 contingit
1197 1606 106 69 hoc
1258 1606 152 69 semper
1364 1606 136 69 circa
1455 1606 136 69 actum
1546 1606 106 69 qui
1606 1606 106 69 est
1667 1606 121 69 esse
1743 1606 242 69 existentiae,
1940 1606 106 69 sub
2000 1606 106 69 quo
2061 1606 136 69 primo
2152 1606 76 69 &
2167 1606 106 69 prin-

475 1657 199 62 cipaliter
628 1657 107 62 per
689 1657 122 62 vera
766 1657 214 62 creationem
934 1657 168 62 creatur
1056 1657 92 62 in
1102 1657 122 62 esse
1179 1657 230 62 existentiae
1363 1657 138 62 ipsum
1454 1657 122 62 esse
1531 1657 199 62 essentiae
1684 1657 199 62 cuiusque,
1837 1657 77 62 &
1868 1657 153 62 deinde
1975 1657 168 62 caetera
2097 1657 138 62 omnia
2189 1657 122 62 quae

472 1708 104 59 sub
531 1708 118 59 esse
605 1708 192 59 essentiae
753 1708 163 59 proprie
872 1708 133 59 fiunt
960 1708 89 59 in
1005 1708 118 59 esse
1079 1708 222 59 existentiae
1256 1708 104 59 per
1315 1708 163 59 quandam
1434 1708 251 59 informationem
1641 1708 178 59 secundum
1774 1708 207 59 praedicta.
1937 1708 118 59 Vnde
2011 1708 89 59 de
2055 1708 192 59 possibili
2188 1708 89 59 sub-

470 1764 195 67 iectiue,
616 1764 179 67 proprie
746 1764 195 67 loquendo
892 1764 97 67 de
941 1764 211 67 subiecto,
1103 1764 146 67 quale
1200 1764 97 67 in
1249 1764 244 67 naturalibus
1444 1764 114 67 est
1509 1764 195 67 materia,
1655 1764 130 67 quae
1736 1764 114 67 est
1801 1764 195 67 subiecta
1947 1764 179 67 formae,
2077 1764 146 67 Dico,
2158 1764 114 67 sicut

475 1816 75 68 &
505 1816 135 68 alias
595 1816 135 68 dixi,
685 1816 120 68 quod
760 1816 165 68 nunquam
880 1816 105 68 sit
940 1816 135 68 actum
1030 1816 120 68 nisi
1105 1816 105 68 per
1165 1816 165 68 aliquid
1285 1816 165 68 additum
1406 1816 195 68 differens
1556 1816 90 68 re
1601 1816 90 68 ab
1646 1816 135 68 illo.
1736 1816 90 68 De
1781 1816 195 68 possibili
1931 1816 135 68 autem
2021 1816 210 68 subiectiue
2171 1816 105 68 coni-

477 1866 116 79 ter
544 1866 199 79 loquendo
693 1866 100 79 de
743 1866 199 79 subiecto
893 1866 199 79 qualiter
1042 1866 116 79 res
1108 1866 199 79 absoluta
1258 1866 233 79 subiicitur
1441 1866 233 79 intentioni
1623 1866 116 79 aut
1690 1866 233 79 respectui,
1872 1866 166 79 falsum
1989 1866 133 79 est.
2072 1866 133 79 Quid
2155 1866 149 79 autem

478 1929 155 60 dicunt
587 1929 124 60 illi
665 1929 124 60 quod
742 1929 93 60 si
789 1929 186 60 essentia
928 1929 109 60 non
990 1929 109 60 est
1052 1929 93 60 in
1099 1929 93 60 re
1146 1929 140 60 extra
1239 1929 109 60 per
1301 1929 171 60 aliquam
1425 1929 109 60 rem
1487 1929 264 60 superadditam,
1704 1929 124 60 idem
1782 1929 109 60 est
1844 1929 202 60 essentiam
1999 1929 186 60 existere
2123 1929 155 60 secundum

481 1980 115 62 rem
546 1980 148 62 extra
645 1980 264 62 intellectum,
860 1980 82 62 &
893 1980 214 62 essentiam
1058 1980 132 62 esse
1140 1980 231 62 essentiam:
1322 1980 148 62 quare
1420 1980 115 62 cum
1486 1980 198 62 essentia
1635 1980 165 62 semper
1750 1980 165 62 maneat
1866 1980 198 62 essentia
2014 1980 132 62 siue
2097 1980 165 62 semper
2196 1980 82 62 sit

478 2032 200 71 essentia,
631 2032 123 71 siue
708 2032 154 71 semper
816 2032 138 71 verum
908 2032 108 71 est
969 2032 123 71 quod
1046 2032 184 71 essentia
1184 2032 108 71 sit
1246 2032 200 71 essentia,
1399 2032 154 71 semper
1507 2032 123 71 ergo
1584 2032 138 71 verum
1676 2032 108 71 est
1737 2032 123 71 quod
1814 2032 184 71 essentia
1952 2032 108 71 sit
2014 2032 169 71 aliquid
2137 2032 92 71 in
2183 2032 92 71 re
2214 2032 61 71 ex

476 2087 121 65 tra,
551 2087 75 65 &
582 2087 106 65 sic
642 2087 91 65 in
687 2087 151 65 seipsa
793 2087 136 65 habet
883 2087 241 65 proprietatem
1079 2087 211 65 existendi:
1245 2087 75 65 &
1275 2087 106 65 non
1336 2087 151 65 potest
1441 2087 91 65 ei
1487 2087 181 65 secundum
1622 2087 91 65 se
1668 2087 181 65 accidere
1803 2087 211 65 corruptio:
1969 2087 75 65 &
1999 2087 106 65 est
2060 2087 196 65 oppositio
2211 2087 91 65 in

480 2139 178 66 adiecto,
614 2139 104 66 qod
673 2139 178 66 scilicet
807 2139 178 66 essentia
940 2139 148 66 semper
1044 2139 134 66 manet
1133 2139 119 66 siue
1207 2139 119 66 quod
1282 2139 104 66 est
1341 2139 178 66 essentia
1475 2139 74 66 &
1504 2139 119 66 quod
1578 2139 148 66 potest
1682 2139 178 66 corrumpi
1816 2139 163 66 proprie
1935 2139 163 66 propria
2053 2139 223 66 corruptione
2217 2139 59 66 na

481 2188 166 78 turali.
602 2188 91 78 Ad
647 2188 106 78 hoc
708 2188 121 78 dico
783 2188 106 78 ego
844 2188 121 78 quod
919 2188 151 78 nullum
1025 2188 166 78 istorum
1146 2188 197 78 sequitur.
1297 2188 106 78 Est
1358 2188 91 78 nm
1403 2188 121 78 esse
1479 2188 197 78 essentiae
1630 2188 197 78 creaturae
1781 2188 91 78 in
1826 2188 91 78 re
1872 2188 136 78 extra
1963 2188 106 78 non
2023 2188 106 78 per
2083 2188 106 78 rem
2144 2188 136 78 aliam
2220 2188 60 78 su

489 2247 231 69 peradditam,
674 2247 108 69 sed
735 2247 108 69 per
797 2247 108 69 hoc
859 2247 123 69 quod
936 2247 123 69 ipsa
1013 2247 93 69 in
1059 2247 93 69 se
1105 2247 108 69 est
1167 2247 185 69 terminus
1306 2247 170 69 diuinae
1429 2247 231 69 operationis
1614 2247 154 69 absque
1722 2247 123 69 omni
1799 2247 123 69 alio
1876 2247 93 69 ei
1922 2247 216 69 adueniente
2092 2247 93 69 ex
2123 2247 154 69 huiusmo-

488 2303 98 60 di
537 2303 228 60 operatione
715 2303 179 60 praeter
846 2303 211 60 respectum
1008 2303 98 60 ad
1057 2303 228 60 operantem:
1236 2303 98 60 vt
1285 2303 146 60 saepe
1382 2303 163 60 dictum
1496 2303 130 60 est:
1578 2303 114 60 sed
1643 2303 130 60 ille
1724 2303 211 60 respectus
1887 2303 114 60 non
1952 2303 114 60 est
2017 2303 179 60 aliquid
2131 2303 146 60 creatum

481 2360 179 62 obiectiue
619 2360 110 62 nisi
687 2360 96 62 per
742 2360 192 62 accramens,
894 2360 110 62 qua.
962 2360 165 62 scilicet
1086 2360 124 62 circa
1168 2360 179 62 essentiam
1306 2360 165 62 sequitur
1430 2360 110 62 quae
1498 2360 151 62 creatur
1608 2360 192 62 obiectiue:
1759 2360 96 62 qui
1814 2360 124 62 etiam
1897 2360 165 62 respectu
2021 2360 124 62 actus
2103 2360 151 62 creandi
2199 2360 69 62 est

485 2411 215 64 possibile
651 2411 232 64 obiectiue:
833 2411 199 64 respectu
982 2411 132 64 vero
1065 2411 132 64 esse
1148 2411 132 64 siue
1230 2411 149 64 dicti
1330 2411 215 64 respectus
1495 2411 116 64 est
1561 2411 215 64 possibile
1727 2411 248 64 subiectiue:
1925 2411 149 64 sicut
2025 2411 149 64 etiam
2107 2411 166 64 respectu

487 2461 228 67 mutationis
666 2461 130 67 quae
747 2461 114 67 est
812 2461 195 67 creatio,
959 2461 98 67 vt
1008 2461 147 67 alibi
1106 2461 195 67 diximus.
1252 2461 98 67 Et
1301 2461 114 67 sic
1366 2461 147 67 magna
1464 2461 114 67 est
1529 2461 244 67 differentia
1724 2461 195 67 secundum
1871 2461 114 67 rem
1936 2461 147 67 inter
2034 2461 212 67 essentiam
2180 2461 98 67 esse

480 2514 231 65 essentiam:
661 2514 83 65 &
694 2514 149 65 inter
793 2514 215 65 essentiam
958 2514 132 65 esse
1041 2514 248 65 existentiam
1239 2514 165 65 extra.
1354 2514 116 65 Non
1420 2514 132 65 ergo
1503 2514 99 65 si
1552 2514 198 65 essentia
1701 2514 165 65 semper
1816 2514 149 65 manet
1915 2514 215 65 essentia,
2080 2514 116 65 vel
2146 2514 99 65 si
2179 2514 99 65 opor

480 2567 104 73 tet
540 2567 193 73 concedere
688 2567 134 73 verum
777 2567 119 73 esse
851 2567 149 73 semper
955 2567 119 73 quod
1030 2567 178 73 essentia
1163 2567 104 73 sit
1223 2567 193 73 essentia:
1371 2567 119 73 quod
1445 2567 193 73 similiter
1594 2567 178 73 oporteat
1728 2567 193 73 concedere
1876 2567 193 73 essentiam
2025 2567 119 73 esse
2084 2567 193 73 existentiam

485 2624 165 56 extra:
600 2624 132 56 quia
682 2624 115 56 non
748 2624 148 56 solum
847 2624 247 56 differentia
1044 2624 165 56 realis
1159 2624 82 56 &
1192 2624 197 56 secundum
1340 2624 214 56 absolutum
1505 2624 132 56 quid
1587 2624 165 56 addita
1702 2624 165 56 alicui
1817 2624 247 56 simpliciter
2015 2624 165 56 variat
2113 2624 165 56 proposi-

487 2675 182 71 tionem
614 2675 219 71 secundum
778 2675 237 71 veritatem
961 2675 91 71 &
997 2675 273 71 falsitatem:
1216 2675 128 71 sed
1289 2675 164 71 etiam
1398 2675 273 71 differentia
1617 2675 219 71 secundum
1781 2675 273 71 intentionem
2000 2675 91 71 &
2036 2675 219 71 secundum
2182 2675 91 71 ali

489 2731 126 61 quem
568 2731 220 61 respectum.
740 2731 126 61 Vnde
819 2731 126 61 haec
897 2731 157 61 semper
1007 2731 110 61 est
1070 2731 141 61 vera:
1164 2731 188 61 essentia
1305 2731 110 61 est
1368 2731 204 61 essentia:
1525 2731 110 61 sed
1588 2731 110 61 non
1650 2731 157 61 semper
1760 2731 110 61 est
1823 2731 126 61 haec
1901 2731 141 61 vera:
1996 2731 188 61 essentia
2137 2731 110 61 est
2200 2731 110 61 in-

486 2787 182 66 tellecta:
626 2787 70 66 &
654 2787 126 66 tamen
739 2787 126 66 super
823 2787 182 66 essentiam
963 2787 210 66 simpliciter
1131 2787 126 66 nihil
1216 2787 126 66 addit
1300 2787 98 66 eam
1356 2787 112 66 esse
1426 2787 210 66 intellectam
1594 2787 112 66 nisi
1665 2787 182 66 respectum
1805 2787 168 66 quendam.
1931 2787 168 66 secundum
2058 2787 196 66 huiusmodi.
2198 2787 70 66 enm

489 2839 237 67 variationem
679 2839 221 67 frequenter
852 2839 205 67 contingit
1010 2839 190 67 fallacia
1153 2839 237 67 accidentis.
1342 2839 111 67 Nec
1405 2839 111 67 est
1468 2839 158 67 aliqua
1579 2839 205 67 oppositio
1737 2839 95 67 in
1784 2839 190 67 adiecto,
1927 2839 174 67 dicendo
2053 2839 126 67 quod
2116 2839 158 67 essentia

483 2883 153 65 semper
590 2883 107 65 est
651 2883 184 65 essentia
789 2883 77 65 &
820 2883 123 65 quod
896 2883 153 65 potest
1004 2883 184 65 corrumpi
1141 2883 230 65 corruptione
1325 2883 184 65 propriae
1463 2883 184 65 naturae.
1601 2883 138 65 Sicut
1693 2883 123 65 enim
1769 2883 230 65 productione
1953 2883 184 65 propriae
2091 2883 169 65 naturae
2198 2883 77 65 cre

485 2947 130 69 atur
566 2947 98 69 ex
615 2947 114 69 hoc
680 2947 130 69 solo
762 2947 130 69 quod
843 2947 114 69 est
908 2947 196 69 effectus
1055 2947 114 69 dei
1120 2947 98 69 in
1169 2947 179 69 seipsa,
1299 2947 114 69 sic
1365 2947 244 69 corruptione
1560 2947 196 69 propriae
1707 2947 179 69 naturae
1837 2947 244 69 corrumpitur
2033 2947 212 69 desinendo
2179 2947 98 69 esse

489 3002 206 51 effectus
643 3002 137 51 dei,
729 3002 154 51 nullo
832 3002 137 51 alio
917 3002 206 51 secundum
1072 3002 120 51 rem
1140 3002 171 51 addito
1260 3002 86 51 &
1295 3002 154 51 nullo
1398 3002 189 51 remoto.
1535 3002 137 51 Vnde
1620 3002 137 51 quid
1706 3002 171 51 addunt
1826 3002 137 51 illi
1912 3002 223 51 arguendo,
2083 3002 137 51 tota
2152 3002 120 51 causa

491 3053 135 64 quare
581 3053 150 64 semper
686 3053 225 64 verificatur
865 3053 135 64 haec,
955 3053 180 64 essentia
1090 3053 105 64 est
1150 3053 195 64 essentia,
1300 3053 105 64 non
1360 3053 135 64 autem
1449 3053 135 64 haec:
1539 3053 180 64 essentia
1674 3053 105 64 est
1734 3053 225 64 existentia,
1914 3053 105 64 est
1974 3053 165 64 propter
2093 3053 150 64 realem
2183 3053 90 64 dif-

484 3105 202 49 ferentiam
640 3105 140 49 inter
734 3105 202 49 essentiam
889 3105 78 49 &
920 3105 249 49 existentiam:
1123 3105 140 49 quare
1216 3105 109 49 cum
1279 3105 140 49 inter
1372 3105 125 49 illa
1450 3105 140 49 nulla
1543 3105 109 49 sit
1605 3105 234 49 differentia
1792 3105 187 49 secundum
1932 3105 125 49 rem:
2010 3105 140 49 sicut
2104 3105 156 49 semper
2197 3105 78 49 se-

491 3151 150 97 cundum
596 3151 135 97 illos
686 3151 225 97 verificatur
867 3151 135 97 ista,
957 3151 180 97 essentia
1092 3151 105 97 est
1152 3151 195 97 essentia:
1302 3151 105 97 sic
1362 3151 75 97 &
1393 3151 135 97 illa,
1483 3151 180 97 essentia
1618 3151 105 97 est
1678 3151 225 97 existentia.
1858 3151 120 97 Dico
1933 3151 105 97 ego
1994 3151 120 97 quod
2069 3151 105 97 non
2129 3151 180 97 sequitur
