2408 3702
111 313 105 59 si
163 313 174 59 aliqua
285 313 140 59 sunt
372 313 157 59 eadem
477 313 209 59 secundum
634 313 140 59 rem:
721 313 140 59 ergo
808 313 105 59 de
861 313 122 59 quo
930 313 140 59 vnum
1018 313 157 59 eorum
1122 313 262 59 verificatur
1332 313 209 59 secundum
1489 313 140 59 rem,
1576 313 262 59 verificatur
1785 313 87 59 &
1803 313 87 59 re-

118 371 183 62 liquum:
252 371 183 62 quoniam
385 371 183 62 veritas
518 371 200 62 secundum
668 371 117 62 rem
735 371 117 62 non
801 371 183 62 dicitur
935 371 83 62 a
968 371 133 62 sola
1051 371 117 62 re,
1118 371 117 62 sed
1184 371 100 62 ab
1234 371 133 62 ipsa
1318 371 200 62 secundum
1468 371 133 62 quod
1551 371 233 62 exprimitur
1734 371 117 62 per
1784 371 100 62 ser-

112 421 161 68 monem.
224 421 129 68 Vnde
305 421 145 68 licet
401 421 129 68 idem
482 421 193 68 secundum
627 421 113 68 rem
691 421 241 68 significant
884 421 113 68 ens
948 421 80 68 &
980 421 145 68 vnum,
1077 421 129 68 quia
1157 421 145 68 tamen
1254 421 113 68 sub
1318 421 129 68 alio
1398 421 129 68 modo
1479 421 145 68 illud
1575 421 257 68 significatur
1768 421 129 68 nomine

120 468 130 75 entis
206 468 116 75 quam
279 468 232 75 significatur
467 468 145 75 nomine
568 468 145 75 vnius,
669 468 159 75 propter
785 468 101 75 hoc
843 468 159 75 quiddam
959 468 145 75 semper
1060 468 217 75 verificatur
1234 468 87 75 de
1277 468 116 75 vno:
1350 468 116 75 quid
1422 468 130 75 tamen
1509 468 159 75 nunquam
1625 468 217 75 verificatur
1798 468 87 75 de
1827 468 58 75 al

117 529 132 62 tero:
206 529 118 62 quia
279 529 132 62 licet
367 529 118 62 haec
441 529 147 62 semper
544 529 103 62 sit
603 529 132 62 vera:
691 529 118 62 vnum
765 529 147 62 signat
868 529 250 62 indiuisionem:
1074 529 118 62 haec
1147 529 132 62 tamen
1236 529 147 62 semper
1339 529 103 62 est
1397 529 147 62 falsa,
1500 529 103 62 ens
1559 529 147 62 signat
1662 529 250 62 indiuisionem.

119 581 262 66 Consimiliter
331 581 229 66 econtrario
511 581 98 66 ex
560 581 147 66 parte
658 581 212 66 subiecti,
822 581 147 66 licet
920 581 131 66 idem
1001 581 245 66 significant
1197 581 196 66 secundum
1345 581 114 66 rem
1410 581 196 66 essentia
1557 581 82 66 &
1590 581 245 66 existentia,
1786 581 131 66 quia

112 632 197 66 scilicet
259 632 230 66 existentia
440 632 164 66 nullam
555 632 115 66 rem
621 632 214 66 absolutam
785 632 148 66 addit
884 632 148 66 super
982 632 230 66 essentiam:
1163 632 115 66 non
1229 632 148 66 tamen
1327 632 181 66 idcirco
1459 632 99 66 de
1508 632 115 66 quo
1574 632 164 66 semper
1672 632 214 66 verificatur

123 680 122 73 vnum
199 680 152 73 eorum,
305 680 91 73 de
351 680 137 73 eodem
443 680 152 73 semper
549 680 228 73 verificatur
732 680 183 73 alterum,
869 680 91 73 vt
915 680 122 73 ideo
991 680 107 73 non
1052 680 183 73 sequatur
1189 680 122 73 quod
1265 680 91 73 si
1310 680 183 73 essentia
1447 680 152 73 semper
1554 680 107 73 sit
1615 680 198 73 essentia,
1767 680 122 73 quod
1828 680 61 73 es

115 737 162 70 sentia
228 737 162 70 semper
342 737 114 70 sit
407 737 243 70 existentia:
602 737 146 70 licet
699 737 227 70 existentia
878 737 162 70 nullam
991 737 114 70 rem
1056 737 146 70 aliam
1154 737 146 70 addat
1251 737 146 70 supra
1348 737 227 70 essentiam.
1527 737 130 70 Quod
1608 737 130 70 vero
1689 737 162 70 addunt
1787 737 97 70 illi

121 803 103 61 ad
172 803 310 61 confirmationem
430 803 120 61 sui
499 803 172 61 dicti,
619 803 138 61 quia
705 803 138 61 sunt
791 803 138 61 idem
877 803 206 61 secundum
1032 803 120 61 rem
1101 803 120 61 ens
1170 803 86 61 &
1204 803 155 61 vnum,
1307 803 258 61 impossibile
1514 803 120 61 est
1582 803 103 61 de
1634 803 172 61 aliquo
1737 803 155 61 verifi-

121 842 120 71 cari
196 842 179 71 secundum
330 842 105 71 rem
390 842 120 71 quod
465 842 105 71 sit
525 842 120 71 ens,
600 842 120 71 quin
674 842 90 71 de
719 842 120 71 illo
794 842 179 71 secundum
929 842 105 71 rem
989 842 224 71 verificetur
1168 842 120 71 quod
1243 842 105 71 sit
1303 842 135 71 vnum:
1392 842 120 71 Dico
1467 842 105 71 ego
1527 842 120 71 quod
1602 842 135 71 verum
1692 842 120 71 est,
1766 842 120 71 quia
1826 842 75 71 dis

120 901 155 77 ferunt
228 901 124 77 sola
306 901 186 77 ratione:
445 901 93 77 si
492 901 124 77 enim
569 901 217 77 differrent
740 901 233 77 intentione,
926 901 109 77 non
988 901 140 77 esset
1081 901 124 77 ita:
1158 901 140 77 licet
1251 901 124 77 enim
1329 901 202 77 rationale
1484 901 93 77 vt
1530 901 233 77 differentia
1716 901 78 77 &
1747 901 155 77 animal
1840 901 62 77 vt

120 957 140 64 genus
214 957 125 64 idem
292 957 234 64 significant
479 957 187 64 secundum
620 957 125 64 rem,
698 957 125 64 quia
776 957 140 64 tamen
870 957 203 64 differunt
1026 957 234 64 intentione,
1213 957 156 64 semper
1322 957 109 64 est
1385 957 125 64 haec
1463 957 140 64 vera,
1557 957 203 64 rationale
1713 957 109 64 est
1760 957 140 64 rationa

124 1017 110 61 le:
187 1017 172 61 nunquam
312 1017 141 61 tamen
406 1017 125 61 haec
485 1017 110 61 est
547 1017 141 61 vera,
642 1017 204 61 rationale
798 1017 110 61 est
861 1017 172 61 animal,
986 1017 125 61 nisi
1065 1017 172 61 ratione
1190 1017 219 61 suppositi:
1362 1017 78 61 &
1394 1017 110 61 sic
1456 1017 125 61 vnum
1535 1017 235 61 praedicatur
1723 1017 94 61 de
1770 1017 110 61 quo
1833 1017 110 61 non

123 1065 263 72 praedicatur
334 1065 228 72 reliquum.
509 1065 228 72 IMprobata
684 1065 280 72 distinctione
912 1065 105 72 de
964 1065 228 72 possibili
1139 1065 193 72 (dicunt
1279 1065 158 72 illi)
1385 1065 193 72 volumus
1525 1065 228 72 improbare
1682 1065 228 72 distinctio-

124 1114 99 71 nem
180 1114 85 71 de
223 1114 169 71 essentia
350 1114 113 71 quod
420 1114 169 71 scilicet
547 1114 155 71 quaedam
660 1114 155 71 existit
773 1114 85 71 in
816 1114 113 71 sua,
886 1114 226 71 proprietate,
1070 1114 85 71 vt
1112 1114 113 71 illa
1183 1114 113 71 quae
1253 1114 99 71 est
1310 1114 113 71 dei,
1381 1114 155 71 quaedam
1494 1114 113 71 vero
1564 1114 198 71 extrinseca
1705 1114 198 71 participatio

119 1171 102 67 ne,
178 1171 88 67 vt
222 1171 117 67 illa
295 1171 117 67 quae
368 1171 102 67 est
426 1171 204 67 creaturae,
586 1171 102 67 uod
645 1171 175 67 scilicet
776 1171 190 67 consistit
922 1171 88 67 in
966 1171 146 67 quodam
1068 1171 175 67 respectu
1199 1171 117 67 quem
1272 1171 146 67 potest
1375 1171 175 67 essentia
1506 1171 190 67 creaturae
1652 1171 190 67 acquirere
1798 1171 73 67 &
1812 1171 88 67 amit

119 1220 141 66 tere,
213 1220 78 66 &
245 1220 110 66 per
307 1220 110 66 hoc
370 1220 125 66 esse
448 1220 78 66 &
480 1220 110 66 non
542 1220 141 66 esse.
637 1220 110 66 Sed
699 1220 157 66 hoc(ut
809 1220 157 66 dicunt
919 1220 141 66 illi)
1013 1220 141 66 stare
1107 1220 110 66 non
1169 1220 172 66 potent:
1295 1220 125 66 quia
1373 1220 204 66 respectus
1530 1220 172 66 nunquam
1655 1220 219 66 acquiritur
1812 1220 94 66 nisi

123 1277 135 73 quia
207 1277 236 73 acquiritur
393 1277 169 73 aliqua
511 1277 118 73 res
579 1277 101 73 in
629 1277 118 73 qua
697 1277 219 73 fundatur:
865 1277 118 73 nec
933 1277 219 73 amittitur
1101 1277 135 73 nisi
1186 1277 135 73 quia
1270 1277 135 73 illa
1354 1277 118 73 res
1422 1277 236 73 amittitur.
1607 1277 169 73 Aliter
1725 1277 135 73 enim
1793 1277 118 73 esset

128 1332 116 66 per
195 1332 100 66 se
245 1332 233 66 acquisitio
428 1332 83 66 &
461 1332 183 66 amissio
594 1332 166 66 illius
711 1332 233 66 respectus:
894 1332 83 66 &
927 1332 116 66 per
994 1332 233 66 consequens
1177 1332 150 66 esset
1277 1332 116 66 per
1343 1332 100 66 se
1393 1332 150 66 motus
1493 1332 116 66 aut
1560 1332 183 66 mutatio
1693 1332 100 66 ad
1726 1332 183 66 respectum

117 1391 137 66 siue
203 1391 258 66 relationem:
409 1391 155 66 cuius
512 1391 240 66 contrarium
701 1391 189 66 habetur
838 1391 103 66 ex
890 1391 172 66 quinto
1010 1391 258 66 Physicorum.
1216 1391 120 66 SED
1285 1391 137 66 dico
1371 1391 120 66 ego
1439 1391 137 66 quod
1525 1391 155 66 totum
1628 1391 120 66 hoc
1697 1391 172 66 falsum
1800 1391 103 66 est.

122 1439 102 62 In
173 1439 187 62 omnibus
309 1439 136 62 enim
394 1439 221 62 relatiuis
564 1439 102 62 in
615 1439 170 62 quibus
734 1439 187 62 aliquid
870 1439 204 62 refertur
1023 1439 102 62 ad
1073 1439 153 62 aliud
1175 1439 136 62 quia
1260 1439 153 62 illud
1362 1439 204 62 refertur
1515 1439 102 62 ad
1566 1439 170 62 ipsum,
1668 1439 238 62 qualitercum-

125 1498 118 56 que
193 1498 220 56 nominetur
362 1498 152 56 illud
463 1498 203 56 secundum
615 1498 152 56 illam
717 1498 237 56 relationem
903 1498 220 56 respectus
1072 1498 101 56 in
1122 1498 152 56 illis
1224 1498 220 56 amittitur
1393 1498 85 56 &
1427 1498 237 56 acquiritur
1613 1498 169 56 absque
1731 1498 118 56 hoc
1799 1498 135 56 quod

118 1540 134 69 illi
202 1540 234 69 acquiratur
386 1540 167 69 aliqua
503 1540 117 69 res
569 1540 100 69 in
620 1540 117 69 qua
686 1540 200 69 fundatur
837 1540 217 69 respectus
1004 1540 117 69 aut
1071 1540 217 69 amittatur
1238 1540 100 69 ab
1288 1540 150 69 illo.
1388 1540 150 69 Verbi
1488 1540 184 69 gratia,
1622 1540 184 69 scibile
1739 1540 167 69 acquirit

121 1602 207 54 respectum
280 1602 191 54 rationis
424 1602 96 54 ad
472 1602 223 54 scientiam,
647 1602 127 54 quia
727 1602 96 54 in
774 1602 175 54 sciente
902 1602 223 54 acquiritur
1077 1602 207 54 scientia,
1237 1602 127 54 quae
1316 1602 96 54 ex
1364 1602 96 54 se
1412 1602 159 54 realem
1524 1602 207 54 respectum
1683 1602 143 54 habet
1779 1602 96 54 ad
1810 1602 96 54 sci-

124 1656 148 53 bile:
222 1656 82 53 &
255 1656 214 53 similiter
420 1656 214 53 creaturae
584 1656 197 53 essentia
732 1656 197 53 secundum
880 1656 99 53 se
930 1656 82 53 &
962 1656 197 53 absolute
1110 1656 247 53 considerata
1308 1656 197 53 acquirit
1456 1656 214 53 respectum
1620 1656 164 53 realem
1736 1656 99 53 ad
1785 1656 148 53 deum:

123 1700 150 77 quia
217 1700 150 77 deus
310 1700 224 77 secundum
479 1700 168 77 genus
591 1700 187 77 causae
722 1700 206 77 agentis
871 1700 131 77 qua
946 1700 112 77 ab
1002 1700 206 77 aeterno
1152 1700 187 77 habuit
1283 1700 262 77 relationem
1489 1700 224 77 secundum
1657 1700 224 77 rationem
1825 1700 112 77 ad

126 1765 216 55 essentiam
293 1765 233 55 creaturae:
475 1765 133 55 vnde
559 1765 216 55 creabilis
725 1765 116 55 sua
791 1765 183 55 actione
924 1765 199 55 aeterna:
1074 1765 100 55 de
1124 1765 133 55 nouo
1207 1765 199 55 operatur
1356 1765 150 55 circa
1456 1765 150 55 ipsam
1556 1765 100 55 vt
1606 1765 116 55 sit
1672 1765 199 55 effectus
1805 1765 100 55 eius

129 1804 102 71 in
180 1804 222 71 supposito
351 1804 205 71 signato.
504 1804 205 71 secundum
658 1804 137 71 quod
743 1804 239 71 exposuimus
931 1804 102 71 in
982 1804 154 71 prima
1085 1804 239 71 quaestione
1272 1804 102 71 de
1324 1804 205 71 Quolibet
1477 1804 154 71 nono,
1580 1804 171 71 absque
1699 1804 171 71 ipsius
1802 1804 102 71 agen

125 1862 115 65 tis
190 1862 229 65 mutatione,
370 1862 131 65 quia
452 1862 131 65 ista
534 1862 229 65 diuersitas
714 1862 82 65 a
747 1862 131 65 mera
829 1862 180 65 ratione
960 1862 131 65 suae
1042 1862 229 65 voluntatis
1222 1862 197 65 aeternae
1370 1862 213 65 dependet.
1534 1862 98 65 Si
1583 1862 131 65 enim
1665 1862 131 65 deus
1747 1862 115 65 eam
1812 1862 115 65 pro

129 1923 158 57 ducat
235 1923 123 57 aut
305 1923 228 57 conseruet
480 1923 105 57 in
533 1923 158 57 esse,
638 1923 158 57 habet
743 1923 210 57 creatura
901 1923 228 57 respectum
1077 1923 175 57 realem
1199 1923 158 57 nouum
1305 1923 105 57 ex
1357 1923 123 57 sui
1427 1923 140 57 noua
1515 1923 263 57 immutatione
1726 1923 105 57 ad
1778 1923 158 57 ipsum

124 1970 218 63 secundum
288 1970 146 63 rem,
379 1970 146 63 quia
470 1970 146 63 deus
561 1970 164 63 habet
670 1970 237 63 respectum
852 1970 109 63 ad
906 1970 164 63 illam
1015 1970 218 63 secundum
1179 1970 218 63 rationem
1343 1970 109 63 ab
1398 1970 200 63 aeterno
1543 1970 164 63 licet
1652 1970 146 63 noua
1725 1970 182 63 denomina

134 2024 159 69 tione,
246 2024 96 69 et
293 2024 96 69 si
341 2024 111 69 non
405 2024 239 69 conseruetur
596 2024 96 69 ab
643 2024 96 69 eo
691 2024 175 69 amittit
819 2024 207 69 respectum
978 2024 143 69 illum
1073 2024 96 69 ad
1121 2024 127 69 deum
1201 2024 191 69 secundum
1344 2024 191 69 rationem
1487 2024 127 69 suae
1567 2024 223 69 nouitatis:
1742 2024 127 69 quia
1805 2024 96 69 deus

127 2076 107 61 ab
181 2076 196 61 aeterno
323 2076 125 61 sua
395 2076 232 61 voluntate
573 2076 232 61 ordinauit
752 2076 161 61 ipsam
859 2076 107 61 in
912 2076 143 61 tali
1002 2076 232 61 supposito
1180 2076 125 61 non
1252 2076 286 61 conseruandam
1484 2076 214 61 amplius.
1644 2076 214 61 Diximus.
1787 2076 107 61 enim

132 2136 98 63 in
181 2136 163 63 quadam
295 2136 228 63 quaestione
474 2136 98 63 de
523 2136 261 63 relationibus
734 2136 130 63 quod
816 2136 195 63 secundum
962 2136 147 63 genus
1060 2136 163 63 causae
1174 2136 244 63 efficientis
1370 2136 81 63 &
1402 2136 179 63 effecti
1533 2136 195 63 creatura
1679 2136 147 63 habet
1761 2136 130 63 respe-

131 2182 140 67 ctum
218 2182 175 67 realem
340 2182 105 67 ad
393 2182 157 67 deum:
498 2182 140 67 quia
585 2182 140 67 deus
673 2182 157 67 habet
778 2182 210 67 secundum
935 2182 210 67 rationem
1092 2182 227 67 respectum
1267 2182 105 67 ad
1320 2182 175 67 ipsam,
1442 2182 87 67 &
1477 2182 192 67 relatio
1617 2182 122 67 sic
1687 2182 157 67 circa
1775 2182 122 67 essen

132 2245 128 55 tiam
212 2245 208 55 creaturae
372 2245 224 55 acquiritur
549 2245 80 55 &
581 2245 224 55 amittitur,
757 2245 112 55 non
821 2245 144 55 tamen
917 2245 112 55 est
981 2245 112 55 per
1046 2245 96 55 se
1094 2245 192 55 terminus
1238 2245 240 55 mutationis,
1430 2245 112 55 sed
1494 2245 128 55 ipsa
1574 2245 192 55 essentia
1719 2245 128 55 rei:
1799 2245 128 55 quae

134 2294 94 67 in
181 2294 94 67 eo
229 2294 126 67 quod
307 2294 173 67 creatur
433 2294 94 67 in
480 2294 173 67 signato
606 2294 204 67 supposito
763 2294 204 67 obiectiue
920 2294 220 67 acquiritur
1093 2294 94 67 in
1140 2294 94 67 ea
1187 2294 204 67 respectus
1344 2294 157 67 dictus
1454 2294 236 67 subiectiue:
1643 2294 110 67 qui
1705 2294 110 67 non
1768 2294 110 67 est
1815 2294 79 67 ter

138 2342 138 69 minus
230 2342 215 69 creationis
399 2342 123 69 nisi
476 2342 108 69 per
538 2342 200 69 accidens.
691 2342 123 69 Vnde
768 2342 77 69 &
799 2342 92 69 ad
845 2342 215 69 mutationem
1014 2342 200 69 respectus
1168 2342 92 69 in
1214 2342 108 69 vno
1276 2342 231 69 relatiuorum
1460 2342 154 69 fundat
1568 2342 185 69 scilicet
1706 2342 92 69 in
1737 2342 154 69 essentia

140 2405 119 57 rei,
215 2405 179 57 sequitur
349 2405 164 57 mutatio
468 2405 89 57 in
513 2405 164 57 altere.
632 2405 179 57 scilicet
766 2405 89 57 in
810 2405 119 57 deo:
885 2405 134 57 licet
974 2405 179 57 secundum
1108 2405 134 57 solam
1198 2405 283 57 denominationem.
1436 2405 104 57 Non
1496 2405 134 57 tamen
1585 2405 194 57 respectus
1734 2405 104 57 est
1794 2405 104 57 per
1838 2405 60 57 se

142 2451 185 68 terminus
280 2451 231 68 mutationis.
466 2451 139 68 Verbi
558 2451 170 68 gratia.
682 2451 93 68 si
728 2451 154 68 Sortes
836 2451 77 68 &
867 2451 139 68 Plato
959 2451 123 68 sunt
1036 2451 170 68 similes
1160 2451 93 68 in
1206 2451 93 68 eo
1252 2451 123 68 quod
1330 2451 123 68 sunt
1407 2451 185 68 homines,
1546 2451 216 68 similitudo
1715 2451 123 68 haec
1777 2451 108 68 funda

138 2504 106 65 tur
198 2504 91 65 in
244 2504 136 65 puris
335 2504 197 65 essentiis
486 2504 182 65 illorum,
623 2504 76 65 &
653 2504 136 65 tamen
744 2504 91 65 si
790 2504 136 65 alter
881 2504 167 65 desinat
1002 2504 121 65 esse
1078 2504 136 65 homo,
1169 2504 167 65 relatio
1290 2504 258 65 similitudinis
1502 2504 136 65 perit
1593 2504 91 65 in
1638 2504 167 65 altero,
1760 2504 152 65 absque

141 2566 95 57 eo
189 2566 127 57 quod
268 2566 174 57 aliquid
395 2566 143 57 reale
490 2566 95 57 ei
538 2566 238 57 subtrahatur
728 2566 174 57 omnino,
855 2566 111 57 non
918 2566 143 57 tamen
1014 2566 174 57 relatio
1140 2566 111 57 est
1204 2566 111 57 ibi
1267 2566 111 57 per
1331 2566 95 57 se
1378 2566 190 57 terminus
1521 2566 238 57 mutationis.
1712 2566 111 57 Per
1775 2566 111 57 hoc
1823 2566 63 57 pa

142 2613 116 67 tet
209 2613 199 67 defectus
358 2613 199 67 rationis
507 2613 116 67 qua
573 2613 132 67 illi
655 2613 199 67 nituntur
804 2613 182 67 arguere
937 2613 165 67 contra
1053 2613 132 67 hoc,
1135 2613 182 67 dicendo
1268 2613 132 67 quod
1350 2613 99 67 si
1400 2613 132 67 deus
1483 2613 182 67 faceret
1615 2613 199 67 parietem
1764 2613 149 67 album

149 2663 75 68 &
179 2663 166 68 hominem
299 2663 151 68 album,
405 2663 135 68 esset
495 2663 105 68 per
555 2663 196 68 albedinem
706 2663 166 68 relatio
826 2663 256 68 similitudinis
1037 2663 135 68 inter
1127 2663 181 68 parietem
1263 2663 75 68 &
1293 2663 166 68 hominem
1413 2663 105 68 deo
1474 2663 196 68 operante,
1624 2663 166 68 nunquam
1745 2663 135 68 tamen
1820 2663 60 68 de

146 2714 104 69 us
198 2714 173 69 posset
319 2714 156 69 istam
423 2714 243 69 relationem
614 2714 104 69 ab
666 2714 173 69 altero
787 2714 191 69 illorum
926 2714 191 69 tollere
1065 2714 139 69 nisi
1152 2714 225 69 remouendo
1325 2714 225 69 albedinem
1498 2714 104 69 ab
1550 2714 225 69 alterutro
1707 2714 173 69 illorum.

147 2772 124 63 Sic
218 2772 88 63 &
253 2772 106 63 in
307 2772 230 63 proposito
483 2772 106 63 de
537 2772 212 63 respectu
696 2772 230 63 creaturae
873 2772 106 63 ad
926 2772 142 63 deum
1014 2772 159 63 opere
1120 2772 124 63 dei
1191 2772 230 63 contingit
1368 2772 142 63 quod
1456 2772 124 63 non
1527 2772 142 63 pont
1616 2772 142 63 deus
1686 2772 195 63 huiusmodi

151 2828 209 65 respectum
312 2828 81 65 a
344 2828 193 65 creatura
489 2828 177 65 tollere
618 2828 274 65 quantuncumque
844 2828 129 65 ipso
924 2828 193 65 operante
1069 2828 177 65 creatus
1198 2828 129 65 est,
1279 2828 129 65 nisi
1359 2828 209 65 remoueret
1521 2828 97 65 ab
1569 2828 193 65 essentia
1698 2828 177 65 creaturae

152 2870 200 77 aliquam
297 2870 127 77 rem
370 2870 145 77 quae
460 2870 127 77 est
533 2870 254 77 immediatum
733 2870 272 77 fundamentum
950 2870 236 77 huiusmodi
1132 2870 254 77 respectus.
1332 2870 109 77 Et
1386 2870 127 77 est
1459 2870 290 77 respondendum
1695 2870 145 77 quod
1785 2870 127 77 non

148 2932 122 64 est
217 2932 192 64 simile,
357 2932 192 64 quoniam
496 2932 105 64 in
548 2932 192 64 pariete
688 2932 87 64 &
722 2932 174 64 homine
844 2932 226 64 respectus
1019 2932 209 64 fundatur
1175 2932 122 64 non
1245 2932 105 64 in
1297 2932 192 64 illorum
1437 2932 209 64 essentia
1593 2932 244 64 immediate:
1785 2932 122 64 sed

150 2987 97 70 in
198 2987 129 70 ipsa
279 2987 209 70 albedine:
440 2987 177 70 propter
569 2987 129 70 quod
649 2987 177 70 manente
778 2987 193 70 albedine
923 2987 97 70 in
971 2987 177 70 vtroque
1100 2987 113 70 non
1164 2987 129 70 pont
1245 2987 209 70 respectus
1406 2987 129 70 ille
1487 2987 177 70 amitti:
1615 2987 113 70 sed
1680 2987 97 70 in
1712 2987 161 70 proposi-

152 3044 108 66 to
206 3044 180 66 illius
332 3044 234 66 respectus
512 3044 108 66 in
566 3044 216 66 creatura
728 3044 126 66 non
800 3044 126 66 est
872 3044 252 66 immediatum
1069 3044 270 66 fundamentum
1285 3044 180 66 aliqua
1411 3044 126 66 res
1483 3044 216 66 absoluta
1645 3044 180 66 addita
1753 3044 126 66 crea-

154 3088 141 75 turae
248 3088 94 75 vt
295 3088 141 75 ipsum
390 3088 125 75 esse
468 3088 251 75 existentiae,
672 3088 125 75 quod
750 3088 125 75 illi
829 3088 172 75 ponunt:
954 3088 110 75 sed
1017 3088 125 75 ipsa
1095 3088 188 75 essentia
1236 3088 204 75 creaturae
1393 3088 94 75 vt
1440 3088 125 75 ipsa
1518 3088 110 75 est
1581 3088 172 75 signata
1707 3088 94 75 in
1738 3088 141 75 supposi

155 3144 108 77 to
209 3144 271 77 determinato
426 3144 126 77 est
498 3144 253 77 immediatum
697 3144 271 77 fundamentum
914 3144 163 77 huius
1022 3144 253 77 respectus,
1221 3144 126 77 non
1293 3144 217 77 secundum
1456 3144 145 77 quod
1546 3144 126 77 est
1618 3144 217 77 essentia
1763 3144 108 77 sim
