2420 3726
494 256 214 110 pliciter,
658 256 115 110 sed
724 256 214 110 solummodo
888 256 197 110 secundum
1036 256 132 110 quod
1118 256 132 110 ipsa
1200 256 115 110 est
1266 256 197 110 terminus
1414 256 247 110 operationis
1611 256 181 110 diuinae
1743 256 214 110 aeternae:
1907 256 115 110 nec
1973 256 164 110 omnino
2072 256 197 110 requiritur

491 354 138 66 alia
577 354 120 66 res
646 354 172 66 media,
766 354 138 66 immo
852 354 138 66 ipsa
938 354 138 66 sola
1024 354 206 66 essentia
1179 354 120 66 sic
1248 354 103 66 se
1299 354 172 66 habens
1420 354 206 66 sufficit
1575 354 103 66 ad
1626 354 258 66 sustinendum
1833 354 224 66 huiusmodi
2005 354 224 66 respectum
2160 354 103 66 quem

497 405 133 69 esse
580 405 149 69 addit
680 405 149 69 super
779 405 216 69 essentiam
945 405 83 69 &
979 405 149 69 nihil
1078 405 166 69 aliud:
1194 405 116 69 nec
1261 405 100 69 in
1310 405 116 69 hoc
1377 405 116 69 est
1443 405 166 69 aliqua
1559 405 265 69 differentia:
1775 405 116 69 nec
1841 405 149 69 aliam
1941 405 166 69 vnquam
2057 405 182 69 fecimus
2173 405 83 69 si-

500 461 99 64 ue
549 461 198 64 creatura
697 461 181 64 ponatur
829 461 181 64 produci
961 461 82 64 a
994 461 115 64 deo
1060 461 99 64 ex
1109 461 181 64 actione
1241 461 181 64 liberae
1373 461 247 64 voluntatis,
1570 461 132 64 siue
1653 461 264 64 necessitatis
1867 461 231 64 naturalis,
2048 461 99 64 si
2097 461 148 64 esset
2180 461 82 64 hoc

493 517 230 67 possibile.
673 517 181 67 vtroque
805 517 131 67 enim
887 517 131 67 modo
969 517 213 67 respectus
1133 517 131 67 ille
1215 517 197 67 fundatur
1363 517 99 67 in
1412 517 131 67 sola
1494 517 197 67 essentia
1642 517 230 67 creaturae,
1823 517 115 67 non
1888 517 99 67 vt
1938 517 115 67 est
2003 517 197 67 essentia
2135 517 131 67 simpli

496 576 166 67 citer,
613 576 116 67 sed
679 576 216 67 solummodo
845 576 100 67 vt
895 576 116 67 est
962 576 199 67 terminus
1111 576 183 67 diuinae
1244 576 266 67 operationis,
1460 576 116 67 vel
1526 576 100 67 ab
1576 576 183 67 aeterno
1709 576 100 67 si
1759 576 233 67 operaretur
1942 576 150 67 circa
2041 576 150 67 illam
2124 576 150 67 necessi

496 626 134 57 tate
580 626 201 57 naturae:
731 626 117 57 vel
797 626 100 57 ex
848 626 201 57 tempore,
998 626 151 57 sicut
1099 626 134 57 modo
1182 626 117 57 cum
1249 626 201 57 operatur
1400 626 151 57 circa
1500 626 151 57 illam
1601 626 218 57 libertate
1768 626 251 57 voluntatis.
1969 626 100 57 Et
2019 626 117 57 sic
2086 626 100 57 si
2136 626 134 57 deus
2203 626 67 57 ve

489 679 116 57 lit
556 679 216 57 huiusmodi
722 679 216 57 respectum
889 679 100 57 ab
938 679 200 57 essentia
1088 679 216 57 creaturae
1254 679 183 57 tollere
1388 679 116 57 non
1454 679 200 57 oporteat
1604 679 133 57 quod
1687 679 183 57 seipsum
1820 679 200 57 immutet,
1970 679 116 57 vel
2036 679 133 57 quod
2119 679 183 57 aliquid

489 737 228 72 absolutum
665 737 105 72 ab
718 737 211 72 essentia
876 737 228 72 creaturae
1052 737 176 72 demat:
1175 737 123 72 sed
1245 737 141 72 quod
1333 737 211 72 actionem
1491 737 141 72 suam
1579 737 123 72 qua
1649 737 211 72 operatur
1807 737 158 72 circa
1913 737 228 72 essentiam
2071 737 193 72 craturae,

484 799 102 64 ab
535 799 136 64 illa
620 799 238 64 subtrahat:
807 799 136 64 quod
892 799 170 64 potest
1010 799 170 64 facere
1129 799 153 64 nulla
1231 799 221 64 mutatione
1401 799 153 64 facta
1503 799 153 64 circa
1605 799 204 64 seipsum,
1758 799 119 64 sed
1826 799 221 64 solummodo
1995 799 153 64 circa
2080 799 187 64 creaturae

494 845 224 68 essentiam:
670 845 96 68 in
718 845 80 68 e
750 845 192 68 scilicet
894 845 128 68 quod
974 845 176 68 desinit
1102 845 128 68 esse
1182 845 192 68 terminus
1326 845 176 68 diuinae
1453 845 256 68 operationis:
1661 845 80 68 &
1693 845 112 68 per
1757 845 112 68 hoc
1821 845 176 68 desinit
1949 845 160 68 habere
2061 845 144 68 illum
2141 845 128 68 respe-

484 898 136 72 ctum
569 898 102 72 ad
620 898 153 72 deum,
722 898 153 72 sicut
824 898 119 72 per
892 898 153 72 illud
993 898 153 72 prius
1095 898 170 72 habuit
1214 898 153 72 illum
1316 898 170 72 absque
1435 898 136 72 alia
1520 898 102 72 re
1571 898 204 72 absoluta
1724 898 136 72 illi
1809 898 238 72 coniuncta:
1995 898 85 72 &
2029 898 119 72 sic
2097 898 170 72 facere
2199 898 68 72 es

489 957 173 58 sentiam
615 957 110 58 non
678 957 110 58 est
741 957 157 58 facere
851 957 126 58 quod
930 957 189 58 essentia
1071 957 110 58 sit
1134 957 204 58 essentia,
1291 957 110 58 sed
1354 957 126 58 quod
1433 957 110 58 sit
1496 957 189 58 effectus
1637 957 173 58 diuinae
1763 957 252 58 operationis:
1967 957 79 58 &
1999 957 110 58 per
2062 957 110 58 hoc
2124 957 110 58 est
2187 957 110 58 ha-

493 1011 128 66 bens
573 1011 144 66 esse,
669 1011 80 66 &
701 1011 112 66 est
765 1011 208 66 coniuncta
925 1011 128 66 ipsi
1005 1011 144 66 esse,
1101 1011 128 66 non,
1181 1011 96 66 vt
1229 1011 128 66 illi
1309 1011 176 66 dicunt,
1436 1011 112 66 res
1500 1011 160 66 altera
1612 1011 192 66 absoluta
1756 1011 96 66 ab
1804 1011 208 66 essentia,
1964 1011 112 66 sed
2028 1011 96 66 vt
2076 1011 96 66 id
2124 1011 128 66 quod
2188 1011 80 66 est

487 1071 173 57 altera
608 1071 208 57 intentio
764 1071 190 57 fundata
902 1071 104 57 in
954 1071 208 57 essentia
1110 1071 121 57 rei
1179 1071 104 57 vt
1231 1071 87 57 a
1266 1071 121 57 qua
1335 1071 156 57 habet
1439 1071 156 57 omnem
1543 1071 139 57 suam
1629 1071 260 57 realitatem,
1837 1071 139 57 quae
1924 1071 121 57 non
1993 1071 242 57 acquiritur
2183 1071 121 57 par

489 1122 99 72 se
539 1122 99 72 in
589 1122 198 72 essentia
738 1122 116 72 nec
804 1122 198 72 tollitur
953 1122 99 72 ab
1002 1122 116 72 ea,
1068 1122 116 72 sed
1134 1122 149 72 solum
1234 1122 116 72 per
1300 1122 116 72 hoc
1366 1122 132 72 quod
1449 1122 132 72 ipsa
1531 1122 198 72 essentia
1680 1122 116 72 est
1746 1122 116 72 vel
1812 1122 116 72 non
1879 1122 116 72 est
1945 1122 198 72 terminus
2077 1122 182 72 operatio-

498 1179 121 59 nis
567 1179 208 59 diuinae,
723 1179 104 59 vt
775 1179 174 59 dictum
897 1179 139 59 est.
983 1179 104 59 Et
1036 1179 121 59 sic
1105 1179 208 59 euitatur
1261 1179 121 59 per
1330 1179 121 59 hoc
1400 1179 156 59 omnis
1504 1179 260 59 difficultas
1712 1179 156 59 circa
1816 1179 139 59 hanc
1903 1179 226 59 materiam.
2077 1179 208 59 IMproba-

495 1233 122 69 tis
564 1233 331 69 distinctionibus
843 1233 105 69 de
896 1233 227 69 possibili
1070 1233 87 69 &
1105 1233 105 69 de
1157 1233 209 69 essentia
1314 1233 192 69 (dicunt
1454 1233 157 69 illi)
1558 1233 192 69 volumus
1698 1233 227 69 improbare
1872 1233 296 69 distinctionem
2116 1233 105 69 de
2151 1233 105 69 ipso

489 1291 217 70 differre
652 1291 145 70 siue
742 1291 109 70 de
797 1291 290 70 differentia:
1032 1291 145 70 quia
1122 1291 163 70 primo
1231 1291 253 70 ostendemus
1430 1291 308 70 distinctionem
1683 1291 163 70 ipsam
1792 1291 127 70 non
1864 1291 145 70 esse
1955 1291 181 70 bonam:
2081 1291 199 70 Secundo

493 1342 125 72 quod
572 1342 110 72 per
634 1342 110 72 eam
697 1342 110 72 non
760 1342 172 72 possunt
885 1342 188 72 ponentes
1026 1342 110 72 eam
1089 1342 266 72 difficultates
1308 1342 204 72 effugere.
1465 1342 235 72 Distinguunt
1653 1342 125 72 enim
1731 1342 172 72 triplex
1856 1342 188 72 differe.
1997 1342 188 72 scilicet
2138 1342 110 72 re,
2185 1342 63 72 ra

491 1396 180 57 tione,
617 1396 90 57 &
653 1396 269 57 intentione.
868 1396 126 57 Nam
940 1396 144 57 sunt
1030 1396 198 57 quaedam
1173 1396 269 57 differentia
1389 1396 126 57 re,
1461 1396 108 57 vt
1515 1396 216 57 accidens
1676 1396 90 57 &
1712 1396 251 57 subiectum:
1910 1396 198 57 quaedam
2053 1396 198 57 ratione
2179 1396 72 57 vt

490 1452 216 58 definitio
656 1452 83 58 &
690 1452 233 58 definitum.
872 1452 116 58 Cum
939 1452 133 58 ergo
1022 1452 166 58 aliqua
1138 1452 133 58 plus
1221 1452 216 58 differant
1387 1452 133 58 quam
1470 1452 216 58 definitio
1636 1452 83 58 &
1670 1452 233 58 definitum:
1852 1452 83 58 &
1886 1452 149 58 minus
1985 1452 133 58 quam
2068 1452 199 58 accidens
2201 1452 50 58 &

480 1509 255 72 subiectum,
680 1509 109 72 vt
734 1509 164 72 genus
844 1509 91 72 &
880 1509 291 72 differentia:
1116 1509 145 72 ergo
1207 1509 164 72 medio
1316 1509 145 72 modo
1407 1509 255 72 differunt:
1607 1509 91 72 &
1644 1509 200 72 vocetur
1789 1509 218 72 differre
1953 1509 273 72 intentione.
2171 1509 127 72 Sed

483 1569 154 54 modus
585 1569 137 54 iste
671 1569 205 54 arguendi
824 1569 120 54 non
893 1569 171 54 valet.
1012 1569 120 54 Non
1081 1569 137 54 enim
1166 1569 205 54 sequitur
1320 1569 102 54 ex
1371 1569 154 54 illis
1473 1569 137 54 quod
1559 1569 256 54 differentia
1764 1569 188 54 istorum
1900 1569 120 54 sit
1969 1569 154 54 media
2071 1569 154 54 inter
2157 1569 102 54 dif-

488 1616 155 65 ferre
591 1616 103 65 re
643 1616 86 65 &
677 1616 207 65 ratione:
832 1616 138 65 quia
918 1616 103 65 in
970 1616 138 65 ipso
1056 1616 207 65 differre
1211 1616 189 65 ratione
1349 1616 121 65 est
1418 1616 207 65 accipere
1573 1616 155 65 magis
1676 1616 86 65 &
1711 1616 172 65 minus:
1831 1616 86 65 &
1866 1616 224 65 similiter
2038 1616 103 65 in
2090 1616 138 65 ipso
2159 1616 103 65 dif-

484 1673 158 59 ferre
590 1673 123 59 re,
660 1673 88 59 &
695 1673 158 59 magis
800 1673 210 59 differre
958 1673 193 59 ratione
1098 1673 245 59 quodammodo
1290 1673 175 59 medium
1413 1673 123 59 est
1483 1673 158 59 inter
1588 1673 210 59 differre
1746 1673 105 59 re
1798 1673 88 59 &
1834 1673 158 59 minus
1939 1673 210 59 differre
2096 1673 193 59 ratione

488 1728 82 61 &
520 1728 115 61 sic
586 1728 148 61 genus
685 1728 82 61 &
717 1728 246 61 differentia
915 1728 99 61 si
964 1728 213 61 differunt
1128 1728 131 61 sola
1210 1728 197 61 ratione,
1358 1728 148 61 magis
1456 1728 148 61 tamen
1555 1728 213 61 differunt
1719 1728 131 61 quam
1801 1728 213 61 definitio
1965 1728 82 61 &
1998 1728 230 61 definitum:
2179 1728 82 61 &
2195 1728 66 61 si

492 1778 219 63 differunt
661 1778 118 63 re,
728 1778 152 63 minus
829 1778 152 63 tamen
930 1778 219 63 differunt
1098 1778 135 63 quam
1182 1778 202 63 accidens
1334 1778 84 63 &
1368 1778 236 63 subiectum.
1553 1778 118 63 SED
1620 1778 135 63 dico
1704 1778 118 63 ego
1772 1778 135 63 quod
1856 1778 152 63 verum
1957 1778 152 63 esset
2058 1778 152 63 illud
2159 1778 101 63 si
2193 1778 67 63 il

482 1839 105 70 la
534 1839 279 70 differentia:
761 1839 157 70 inter
865 1839 209 70 differre
1022 1839 244 70 intentione
1214 1839 87 70 &
1249 1839 192 70 ratione
1389 1839 157 70 esset
1493 1839 227 70 solummodo
1668 1839 209 70 secundum
1825 1839 157 70 magis
1930 1839 87 70 &
1964 1839 174 70 minus:
2087 1839 122 70 sed
2139 1839 122 70 intel

489 1890 199 61 ligimus
633 1890 144 61 quod
724 1890 163 61 etiam
832 1890 217 61 implicat
995 1890 163 61 modum
1103 1890 217 61 diuersum
1266 1890 253 61 differendi
1464 1890 217 61 secundum
1627 1890 217 61 speciem:
1789 1890 271 61 quemadmodum
2006 1890 144 61 etsi
2078 1890 181 61 differre

488 1951 108 67 re
542 1951 198 67 differt
686 1951 90 67 a
722 1951 216 67 differre
883 1951 198 67 ratione
1027 1951 216 67 secundum
1188 1951 162 67 magis
1296 1951 90 67 &
1332 1951 180 67 minus,
1458 1951 126 67 non
1530 1951 162 67 tamen
1637 1951 233 67 solummodo
1817 1951 233 67 differunt
1997 1951 144 67 sic,
2086 1951 126 67 sed
2140 1951 126 67 etiam

491 2007 238 66 differunt
674 2007 220 66 secundum
839 2007 202 66 speciem
985 2007 275 66 differendi,
1205 2007 275 66 quemadmodum
1425 2007 165 66 genus
1535 2007 92 66 &
1572 2007 275 66 differentia
1792 2007 238 66 differunt
1975 2007 110 66 in
2030 2007 202 66 specie,
2158 2007 110 66 pro-

489 2059 141 68 pter
577 2059 141 68 quod
665 2059 193 68 faciunt
806 2059 299 68 compositionem
1052 2059 141 68 quam
1140 2059 158 68 nullo
1246 2059 141 68 modo
1334 2059 211 68 facerent
1492 2059 106 68 si
1545 2059 141 68 sola
1633 2059 193 68 ratione
1773 2059 264 68 differrent,
1985 2059 106 68 vt
2037 2059 158 68 patet
2143 2059 106 68 de
2196 2059 106 68 di

496 2112 157 70 uinis
600 2112 244 70 attributis
792 2112 105 70 in
844 2112 139 70 deo.
931 2112 122 70 Sed
1001 2112 192 70 arguunt
1140 2112 174 70 contra
1262 2112 122 70 hoc
1332 2112 209 70 dicentes
1489 2112 139 70 quod
1576 2112 157 70 alius
1680 2112 87 70 &
1715 2112 157 70 alius
1820 2112 157 70 modus
1924 2112 244 70 differendi
2116 2112 122 70 est
2168 2112 87 70 vbi

493 2158 161 76 vnitas
606 2158 113 76 rei
670 2158 145 76 solam
767 2158 258 76 differentiam
977 2158 194 76 rationis
1122 2158 161 76 facit:
1235 2158 129 76 quia
1315 2158 194 76 postquam
1461 2158 113 76 res
1525 2158 210 76 quaelibet
1686 2158 194 76 secundum
1832 2158 97 76 se
1880 2158 113 76 est
1944 2158 129 76 vna,
2025 2158 129 76 sola
2106 2158 145 76 ratio
2186 2158 81 76 hos

488 2220 161 61 modos
595 2220 286 61 diuersitatis
828 2220 215 61 inuenit.
989 2220 125 61 Sed
1060 2220 143 61 dico
1150 2220 125 61 ego
1221 2220 143 61 quod
1310 2220 125 61 non
1382 2220 197 61 dicitur
1525 2220 161 61 modus
1632 2220 250 61 differendi
1829 2220 232 61 rationis,
2008 2220 143 61 quia
2079 2220 179 61 inuentus

482 2288 116 59 est
549 2288 83 59 a
582 2288 182 59 ratione
714 2288 132 59 quae
796 2288 116 59 est
862 2288 198 59 potentia
1011 2288 182 59 animae:
1143 2288 116 59 sed
1209 2288 182 59 dicitur
1341 2288 215 59 rationis:
1506 2288 132 59 quia
1588 2288 116 59 cum
1654 2288 116 59 hoc
1720 2288 132 59 quod
1803 2288 215 59 perceptus
1968 2288 132 59 est,
2050 2288 116 59 non
2116 2288 132 59 dico
2199 2288 99 59 in

493 2344 156 55 uentus
603 2344 109 55 est
665 2344 78 55 a
696 2344 187 55 ratione,
836 2344 94 55 ex
883 2344 94 55 se
930 2344 171 55 existit
1055 2344 94 55 in
1101 2344 156 55 natura
1211 2344 125 55 rei,
1288 2344 109 55 ita
1351 2344 203 55 videlicet
1507 2344 125 55 quod
1585 2344 94 55 ex
1631 2344 156 55 natura
1741 2344 109 55 rei
1803 2344 109 55 est
1865 2344 125 55 quod
1943 2344 94 55 in
1990 2344 140 55 eadem
2084 2344 94 55 re
2130 2344 156 55 aliqua

481 2388 245 65 solummodo
670 2388 245 65 differunt
858 2388 226 65 secundum
1028 2388 170 65 magis
1141 2388 94 65 &
1179 2388 170 65 minus
1292 2388 207 65 tantum,
1442 2388 188 65 aliqua
1574 2388 151 65 vero
1669 2388 245 65 differunt
1857 2388 226 65 secundum
2027 2388 170 65 magis
2140 2388 94 65 &
2159 2388 94 65 mi-

482 2435 150 67 nur,
576 2435 94 67 &
613 2435 169 67 adhuc
726 2435 225 67 amplius.
894 2435 150 67 Illa
988 2435 150 67 quae
1081 2435 169 67 primo
1194 2435 150 67 modo
1287 2435 243 67 differunt
1475 2435 262 67 necessario
1681 2435 281 67 continentur
1905 2435 131 67 sub
1980 2435 131 67 vno
2055 2435 150 67 modo
2130 2435 131 67 diffe

487 2496 159 66 rendi
593 2496 88 66 &
629 2496 247 66 differente
823 2496 106 66 ab
876 2496 159 66 aliis
982 2496 212 66 secundum
1141 2496 212 66 speciem,
1300 2496 141 66 quia
1388 2496 141 66 sola
1476 2496 265 66 differentia
1688 2496 212 66 secundum
1847 2496 159 66 magis
1953 2496 88 66 &
1988 2496 159 66 minus
2094 2496 194 66 nunquam

487 2544 284 63 diuersificat
718 2544 213 63 speciem.
877 2544 142 63 Illa
966 2544 142 63 vero
1055 2544 142 63 quae
1143 2544 230 63 differunt
1320 2544 195 63 secundo
1462 2544 160 63 modo,
1569 2544 195 63 ratione
1710 2544 213 63 ampliori
1870 2544 142 63 bene
1959 2544 195 63 possunt
2083 2544 177 63 differre

492 2604 156 68 inter
596 2604 104 68 se
648 2604 139 68 alio
734 2604 139 68 modo
821 2604 243 68 differendi
1011 2604 225 68 specifico
1185 2604 104 68 ab
1237 2604 121 68 eis
1306 2604 139 68 quae
1393 2604 104 68 in
1445 2604 156 68 eadem
1549 2604 104 68 re
1601 2604 121 68 non
1670 2604 225 68 differunt
1843 2604 156 68 penes
1947 2604 139 68 tale
2034 2604 208 68 amplius.
2172 2604 87 68 Ver

487 2661 104 66 bi
539 2661 174 66 gratia
661 2661 122 66 cum
730 2661 157 66 genus
835 2661 87 66 &
869 2661 261 66 differentia
1078 2661 139 66 sint
1165 2661 104 66 in
1217 2661 157 66 eadem
1322 2661 122 66 re,
1391 2661 157 66 sicut
1496 2661 226 66 definitio
1670 2661 87 66 &
1704 2661 226 66 definitum
1878 2661 139 66 sunt
1965 2661 104 66 in
2017 2661 157 66 eadem
2122 2661 104 66 re
2157 2661 104 66 siue

489 2706 97 76 in
537 2706 145 76 solis
634 2706 209 76 separatis
795 2706 258 76 substantiis,
1004 2706 129 76 siue
1085 2706 145 76 etiam
1181 2706 97 76 in
1230 2706 209 76 corporal:
1391 2706 113 76 bus
1455 2706 113 76 (in
1519 2706 113 76 hoc
1584 2706 129 76 enim
1664 2706 113 76 non
1729 2706 113 76 est
1793 2706 129 76 vis)
1874 2706 129 76 vnum
1954 2706 177 76 illorum
2083 2706 145 76 nullo
2163 2706 97 76 modo

488 2764 169 70 potest
607 2764 237 70 praedicari
793 2764 102 70 de
844 2764 186 70 altero:
979 2764 220 70 definitio
1149 2764 136 70 vero
1234 2764 169 70 semper
1352 2764 271 70 praedictatur
1572 2764 102 70 de
1623 2764 220 70 definito,
1793 2764 85 70 &
1827 2764 237 70 econuerso:
2013 2764 237 70 necessario
2182 2764 85 70 igi

485 2831 116 58 tur
552 2831 150 58 genus
652 2831 83 58 &
685 2831 249 58 differentia
884 2831 116 58 cum
951 2831 116 58 hoc
1017 2831 133 58 quod
1100 2831 133 58 plus
1183 2831 216 58 differunt
1349 2831 150 58 inter
1449 2831 100 58 se
1499 2831 133 58 quam
1582 2831 216 58 definitio
1748 2831 83 58 &
1781 2831 216 58 definitum
1947 2831 100 58 eo
1997 2831 216 58 videlicet
2163 2831 133 58 quod

488 2884 204 57 neutrum
637 2884 167 57 eorum
748 2884 278 57 praedicatur
970 2884 111 57 de
1026 2884 204 57 altero,
1174 2884 167 57 sicut
1285 2884 167 57 mutuo
1396 2884 278 57 praedicatur
1619 2884 241 57 definitio
1804 2884 111 57 de
1859 2884 222 57 definito
2026 2884 93 57 &
2045 2884 222 57 econuerso-

497 2927 227 55 differunt
671 2927 140 55 alio
758 2927 140 55 modo
846 2927 244 55 differendi
1038 2927 210 55 secundum
1195 2927 192 55 speciem
1335 2927 140 55 quam
1422 2927 157 55 illa.
1527 2927 140 55 Quod
1614 2927 175 55 addunt
1736 2927 157 55 illi:
1841 2927 140 55 quod
1928 2927 140 55 tali
2016 2927 279 55 distinctione

493 2982 127 52 non
565 2982 217 52 soluitur
728 2982 253 52 argumentum
927 2982 127 52 nec
1000 2982 145 52 ipsa
1090 2982 271 52 difficultas
1307 2982 217 52 euitatur
1470 2982 217 52 dicendo,
1633 2982 145 52 quod
1723 2982 109 52 si
1777 2982 181 52 aliqua
1904 2982 145 52 sunt
1995 2982 145 52 idem
2085 2982 127 52 re,
2157 2982 145 52 vnum

493 3032 169 68 eorum
606 3032 131 68 non
681 3032 188 68 potest
812 3032 244 68 intelligi
1000 3032 131 68 sub
1075 3032 225 68 opposito
1244 3032 244 68 alterius.
1432 3032 131 68 Nam
1507 3032 169 68 genus
1620 3032 150 68 quod
1714 3032 188 68 potest
1845 3032 244 68 intelligi
2033 3032 131 68 sub
2089 3032 169 68 opposi-

491 3088 116 74 tis
558 3088 265 74 differentiis
773 3088 116 74 non
839 3088 149 74 dicit
938 3088 132 74 vnam
1021 3088 116 74 rem
1087 3088 116 74 sed
1153 3088 165 74 aliam,
1269 3088 99 74 vt
1318 3088 116 74 est
1384 3088 116 74 sub
1451 3088 116 74 vna
1517 3088 248 74 differentia
1715 3088 83 74 &
1748 3088 132 74 idem
1831 3088 149 74 illi,
1930 3088 116 74 qui
1996 3088 99 74 vt
2046 3088 116 74 est
2112 3088 116 74 sub
2162 3088 99 74 alia

488 3137 88 84 &
524 3137 141 84 idem
612 3137 159 84 illi.
718 3137 141 84 Vnde
807 3137 124 84 vbi
877 3137 141 84 sunt
966 3137 177 84 aliqua
1090 3137 141 84 idem
1178 3137 106 84 re
1231 3137 283 84 differentia,
1461 3137 230 84 quocunque
1638 3137 141 84 modo
1726 3137 212 84 dicuntur
1886 3137 230 84 differre,
2062 3137 124 84 non
2116 3137 141 84 potest
