2389 3743
115 277 112 96 est
179 277 96 96 de
227 277 96 96 se
275 277 112 96 non
339 277 144 96 habet
435 277 128 96 quod
515 277 160 96 possit
628 277 112 96 non
692 277 144 96 esse,
788 277 128 96 nisi
868 277 128 96 quia
948 277 208 96 recipitur
1108 277 96 96 in
1156 277 144 96 alio,
1252 277 80 96 &
1284 277 208 96 separatim
1444 277 144 96 esset
1541 277 176 96 necesse
1669 277 144 96 esse.
1765 277 112 96 Sed
1829 277 112 96 hoc
1877 277 64 96 im

116 356 168 60 ponunt
234 356 151 60 dicto
334 356 84 60 &
368 356 235 60 sententiae
552 356 302 60 philosophorum:
804 356 117 60 qui
871 356 168 60 ponunt
989 356 151 60 omnes
1089 356 218 60 essentias
1257 356 134 60 quae
1341 356 134 60 sunt
1425 356 168 60 formae
1542 356 218 60 separatae
1710 356 117 60 vel
1760 356 168 60 intelle-

123 406 152 63 ctus,
224 406 135 63 esse
309 406 219 63 simplices
477 406 84 63 &
511 406 186 63 quaedam
646 406 186 63 necesse
781 406 135 63 esse
865 406 84 63 &
899 406 320 63 incorruptibiles
1169 406 84 63 &
1203 406 304 63 incorporabiles
1456 406 84 63 &
1489 406 135 63 deos
1574 406 202 63 quosdam,
1726 406 101 63 vt
1776 406 152 63 alibi
1861 406 67 63 ex

118 456 248 65 posuimus.
309 456 191 65 Quorum
442 456 248 65 sententia
633 456 134 65 quo
709 456 114 65 ad
766 456 134 65 hoc
843 456 191 65 omnino
976 456 248 65 haeretica
1167 456 153 65 est.
1262 456 191 65 Contra
1396 456 153 65 vero
1491 456 191 65 dictum
1625 456 172 65 ipsum
1739 456 134 65 ego
1796 456 134 65 arguo

122 517 132 63 sic.
204 517 99 63 Si
253 517 181 63 aliquid
385 517 181 63 quantum
517 517 115 63 est
582 517 99 63 de
632 517 99 63 se
681 517 115 63 sit
747 517 296 63 incorruptibile
994 517 99 63 in
1043 517 165 63 natura
1158 517 132 63 sua,
1241 517 247 63 impossibile
1438 517 115 63 est
1504 517 132 63 quod
1586 517 247 63 corrumpatur
1767 517 165 63 receptio

115 567 102 73 ne
166 567 119 73 sui
234 567 102 73 in
284 567 152 73 alio,
386 567 102 73 vt
437 567 152 73 patet
539 567 102 73 in
589 567 152 73 anima
691 567 220 73 rationali
861 567 186 73 recepta
996 567 102 73 in
1047 567 203 73 corpore.
1199 567 152 73 Sicut
1301 567 220 73 econuerso
1471 567 203 73 secundum
1623 567 186 73 Auicen.
1742 567 186 73 impossibi

119 622 84 55 le
161 622 99 55 est
217 622 113 55 quod
288 622 155 55 aliquid
400 622 84 55 ex
443 622 84 55 se
485 622 99 55 sit
541 622 183 55 possibile
682 622 70 55 &
710 622 99 55 per
767 622 127 55 aliud
851 622 99 55 sit
907 622 155 55 necesse
1020 622 127 55 esse.
1104 622 84 55 Et
1147 622 99 55 sic
1203 622 141 55 dicere
1302 622 113 55 quod
1372 622 113 55 esse
1442 622 183 55 creaturae
1583 622 113 55 quod
1654 622 169 55 secundum
1780 622 127 55 ipsum
1851 622 70 55 est

123 672 143 76 forma
218 672 175 76 quaedam
346 672 79 76 &
377 672 191 76 essentia
520 672 95 76 ex
568 672 95 76 se
616 672 302 76 incorruptibilis
870 672 111 76 non
933 672 111 76 sit
997 672 207 76 possibile
1156 672 127 76 esse
1235 672 127 76 nisi
1314 672 127 76 quia
1394 672 207 76 recipitur
1553 672 95 76 in
1600 672 143 76 alio:
1696 672 79 76 &
1727 672 207 76 similiter
1870 672 64 76 di

120 727 124 60 cere
197 727 124 60 quod
274 727 124 60 esse
352 727 170 60 ratione
476 727 124 60 esse
553 727 108 60 non
615 727 139 60 habet
708 727 124 60 vnde
786 727 248 60 corrumpitur,
987 727 108 60 sed
1049 727 170 60 ratione
1173 727 108 60 qua
1235 727 93 60 in
1281 727 124 60 alio
1359 727 186 60 receptum
1498 727 124 60 est,
1576 727 155 60 falsum
1684 727 124 60 est.
1762 727 155 60 Licet,
1855 727 77 60 enm

120 786 130 67 esse
201 786 178 67 ratione
330 786 113 67 qua
395 786 130 67 esse
476 786 113 67 est
541 786 146 67 comne
638 786 81 67 &
671 786 194 67 analogum
817 786 97 67 ad
865 786 130 67 esse
946 786 211 67 creatoris
1108 786 81 67 &
1141 786 130 67 esse
1222 786 227 67 creaturae,
1400 786 113 67 non
1465 786 113 67 est
1530 786 259 67 defectibile,
1741 786 162 67 aliter
1838 786 97 67 enim

123 839 99 72 vt
173 839 182 72 dicunt,
305 839 83 72 &
338 839 149 72 bene,
438 839 132 72 omne
520 839 132 72 esse
603 839 149 72 esset
702 839 265 72 defectibile:
917 839 132 72 esse
1000 839 149 72 tamen
1099 839 182 72 ratione
1231 839 116 72 qua
1298 839 116 72 est
1364 839 132 72 esse
1446 839 182 72 quoddam
1579 839 116 72 sub
1645 839 132 72 illo
1728 839 182 72 analogo
1860 839 99 72 di

117 894 190 67 stinctum
260 894 159 67 contra
371 894 127 67 esse
450 894 222 67 creatoris,
625 894 127 67 bene
704 894 159 67 potest
815 894 127 67 esse
895 894 238 67 defectibile
1085 894 175 67 ratione
1212 894 111 67 qua
1275 894 111 67 est
1339 894 127 67 tale
1418 894 143 67 esse,
1513 894 143 67 licet
1609 894 111 67 non
1672 894 175 67 ratione
1799 894 111 67 qua
1847 894 79 67 est

117 945 123 74 esse
193 945 246 74 simpliciter,
393 945 138 74 etiam
485 945 92 74 si
531 945 108 74 non
593 945 138 74 esset
685 945 184 74 receptum
823 945 92 74 in
869 945 138 74 alio,
961 945 108 74 sed
1023 945 184 74 secundum
1161 945 92 74 se
1207 945 215 74 separatum.
1376 945 92 74 Et
1422 945 184 74 secundum
1560 945 108 74 hoc
1622 945 246 74 insufficiens
1821 945 108 74 est
1868 945 61 74 il

115 997 84 62 la
157 997 195 62 distinctio
310 997 181 62 bimembris
449 997 111 62 quam
519 997 111 62 illi
589 997 153 62 ponunet
700 997 167 62 scilicet
826 997 111 62 quod
895 997 111 62 esse
965 997 181 62 creaturae
1104 997 98 62 duo
1160 997 139 62 dicit,
1257 997 167 62 scilicet
1383 997 111 62 esse
1452 997 70 62 &
1480 997 111 62 esse
1550 997 111 62 tale
1620 997 167 62 scilicet
1745 997 167 62 receptum
1870 997 84 62 in

117 1041 145 77 alio:
214 1041 129 77 immo
294 1041 194 77 receptum
440 1041 97 77 in
488 1041 129 77 alio
569 1041 210 77 inquantum
730 1041 210 77 huiusmodi
892 1041 113 77 non
956 1041 145 77 dicit
1053 1041 129 77 tale
1134 1041 129 77 esse
1215 1041 194 77 scilicet
1360 1041 226 77 contractum
1538 1041 97 77 ad
1586 1041 226 77 creaturam,
1764 1041 113 77 sed
1812 1041 113 77 talem

112 1108 135 67 modum
202 1108 165 67 essendi
322 1108 150 67 ipsius
427 1108 120 67 esse
502 1108 150 67 talis.
607 1108 75 67 &
637 1108 105 67 sic
697 1108 135 67 debet
787 1108 120 67 esse
862 1108 210 67 distinctio
1027 1108 210 67 trimembris
1192 1108 180 67 scilicet
1327 1108 120 67 quod
1402 1108 120 67 esse
1477 1108 195 67 creaturae
1627 1108 120 67 tria
1702 1108 150 67 dicit,
1792 1108 135 67 videli-

116 1161 115 56 cet
181 1161 131 56 esse
263 1161 263 56 simpliciter,
477 1161 99 56 in
526 1161 115 56 quo
592 1161 230 56 analogatur
772 1161 115 56 cum
838 1161 131 56 esse
920 1161 181 56 diuino,
1052 1161 82 56 &
1084 1161 131 56 tale
1167 1161 148 56 esse,
1265 1161 148 56 quod.
1364 1161 197 56 scilicet
1511 1161 115 56 est
1577 1161 197 56 proprium
1725 1161 213 56 creaturae
1873 1161 49 56 &

106 1218 288 58 distinguitur
340 1218 180 58 contra
465 1218 144 58 esse
555 1218 216 58 diuinum:
717 1218 144 58 quod
807 1218 162 58 etiam
915 1218 252 58 dupliciter
1112 1218 180 58 potest
1238 1218 288 58 considerari.
1472 1218 126 58 Vno
1544 1218 144 58 modo
1633 1218 108 58 vt
1687 1218 126 58 est
1759 1218 198 58 aliquid

103 1261 199 79 secundum
253 1261 116 79 se,
319 1261 133 79 alio
403 1261 133 79 modo
486 1261 100 79 vt
536 1261 150 79 habet
635 1261 199 79 receptum
785 1261 133 79 esse
868 1261 100 79 in
918 1261 150 79 alio.
1018 1261 100 79 Et
1067 1261 150 79 sicut
1167 1261 166 79 dictum
1283 1261 116 79 est
1350 1261 100 79 de
1400 1261 150 79 esse,
1499 1261 116 79 ita
1566 1261 283 79 intelligendum
1799 1261 116 79 est
1849 1261 66 79 de

110 1321 148 67 forma
208 1321 214 67 qualibet,
373 1321 132 67 quod
455 1321 164 67 potest
570 1321 247 67 considerari
767 1321 99 67 vt
816 1321 148 67 forma
915 1321 247 67 simpliciter
1112 1321 181 67 ratione
1244 1321 197 67 comomnis
1392 1321 181 67 analogi
1523 1321 99 67 ad
1573 1321 164 67 formam
1688 1321 181 67 creatam
1819 1321 82 67 &
1852 1321 99 67 in

119 1379 183 70 creatam,
256 1379 76 70 &
287 1379 168 70 ratione
409 1379 122 70 tali
485 1379 107 70 non
547 1379 107 70 est
608 1379 260 70 defectibilis,
822 1379 107 70 vel
883 1379 92 70 vt
929 1379 107 70 est
990 1379 138 70 forma
1081 1379 138 70 talis
1173 1379 183 70 scilicet
1311 1379 214 70 creaturae:
1479 1379 76 70 &
1509 1379 107 70 hoc
1571 1379 229 70 dupliciter,
1754 1379 107 70 vel
1815 1379 92 70 vt
1846 1379 76 70 se-

119 1430 165 69 cundum
234 1430 99 69 se
283 1430 115 69 est
349 1430 198 69 aliquid,
498 1430 115 69 vel
564 1430 99 69 vt
613 1430 115 69 est
679 1430 181 69 recepta
811 1430 99 69 in
861 1430 148 69 alio.
960 1430 99 69 Et
1009 1430 148 69 licet
1108 1430 132 69 esse
1190 1430 132 69 vnde
1273 1430 132 69 esse
1355 1430 264 69 simpliciter,
1570 1430 115 69 vel
1636 1430 148 69 forma
1735 1430 132 69 vnde
1801 1430 115 69 forma

109 1484 243 54 simpliciter,
306 1484 106 54 non
367 1484 106 54 sit
428 1484 228 54 defectibile
610 1484 106 54 vel
671 1484 258 54 defectibilis,
883 1484 137 54 tamen
974 1484 121 54 vnde
1050 1484 121 54 esse
1126 1484 121 54 tale
1202 1484 106 54 vel
1263 1484 137 54 forma
1354 1484 137 54 talis
1445 1484 182 54 scilicet
1582 1484 197 54 creaturae
1734 1484 167 54 vtroque
1840 1484 76 54 mo-

107 1538 94 60 de
154 1538 188 60 scilicet
296 1538 94 60 vt
343 1538 251 60 consideratur
547 1538 188 60 secundum
688 1538 94 60 se
735 1538 78 60 &
766 1538 94 60 vt
813 1538 251 60 consideratur
1017 1538 141 60 sicut
1111 1538 173 60 recepta
1237 1538 94 60 in
1284 1538 141 60 alio,
1378 1538 125 60 bene
1456 1538 110 60 est
1519 1538 267 60 defectibilis.
1739 1538 125 60 lpsi
1817 1538 141 60 autem

115 1589 185 72 expresse
254 1589 170 72 dicunt,
377 1589 139 72 licet
470 1589 154 72 dictum
578 1589 124 72 suum
655 1589 185 72 imponant
794 1589 247 72 philosophis,
995 1589 93 72 vt
1041 1589 139 72 patet
1134 1589 232 72 respiciendo
1320 1589 216 72 praedicta,
1489 1589 124 72 quod
1567 1589 139 72 forma
1659 1589 108 72 vel
1721 1589 185 72 essentia
1845 1589 77 72 vel

110 1643 115 65 esse
182 1643 173 65 secundum
312 1643 87 65 se
355 1643 101 65 non
413 1643 130 65 habet
499 1643 115 65 quod
572 1643 144 65 possit
673 1643 101 65 non
730 1643 130 65 esse,
817 1643 101 65 sed
875 1643 130 65 solum
961 1643 159 65 ratione
1077 1643 173 65 materiae
1207 1643 87 65 in
1250 1643 101 65 qua
1308 1643 202 65 recipitur:
1467 1643 101 65 ita
1524 1643 115 65 quod
1596 1643 130 65 forma
1683 1643 101 65 vel
1741 1643 173 65 essentia
1856 1643 58 65 se

110 1697 153 64 parata,
221 1697 97 64 vel
277 1697 111 64 esse
346 1697 195 64 separatum,
499 1697 97 64 non
555 1697 139 64 posset
652 1697 97 64 non
708 1697 125 64 esse:
791 1697 111 64 quia
861 1697 125 64 esset
944 1697 153 64 necesse
1055 1697 125 64 esse.
1139 1697 83 64 Et
1180 1697 97 64 sic
1236 1697 139 64 ponunt
1333 1697 167 64 expresse
1458 1697 111 64 quod
1528 1697 111 64 esse
1597 1697 97 64 vel
1653 1697 125 64 forma
1736 1697 97 64 vel
1778 1697 139 64 essentia

101 1757 94 67 non
154 1757 121 67 solum
235 1757 148 67 ratione
343 1757 108 67 quae
411 1757 94 67 est
465 1757 108 67 esse
532 1757 94 67 vel
586 1757 121 67 forma
667 1757 94 67 vel
721 1757 162 67 essentia
843 1757 202 67 simpliciter
1005 1757 94 67 non
1058 1757 94 67 est
1112 1757 229 67 defectibilis,
1301 1757 94 67 sed
1355 1757 108 67 quod
1423 1757 121 67 etiam
1504 1757 94 67 nec
1558 1757 148 67 ratione
1666 1757 108 67 quae
1733 1757 94 67 est
1787 1757 108 67 tale
1841 1757 81 67 esse

109 1806 96 58 vel
164 1806 123 58 forma
246 1806 96 58 vel
301 1806 178 58 essentia.
437 1806 164 58 scilicet
560 1806 178 58 creaturae
697 1806 150 58 quantum
806 1806 96 58 est
861 1806 82 58 ex
902 1806 96 58 se.
957 1806 68 58 &
984 1806 96 58 sic
1038 1806 96 58 non
1093 1806 123 58 solum
1175 1806 164 58 dixerunt
1298 1806 109 58 quod
1366 1806 109 58 esse
1435 1806 109 58 vnde
1503 1806 109 58 esse
1571 1806 96 58 non
1626 1806 123 58 habet
1708 1806 109 58 quod
1776 1806 109 58 sibi
1831 1806 82 58 acci

109 1859 102 62 dit
168 1859 204 62 corruptio,
328 1859 131 62 neque
415 1859 160 62 aliquis
531 1859 131 62 actus
619 1859 102 62 aut
677 1859 146 62 forma:
779 1859 102 62 sed
837 1859 131 62 etiam
924 1859 175 62 dixerunt
1055 1859 116 62 quod
1128 1859 116 62 esse
1201 1859 116 62 vnde
1274 1859 116 62 tale
1346 1859 116 62 esse
1419 1859 175 62 scilicet
1550 1859 189 62 creaturae
1696 1859 175 62 secundum
1827 1859 87 62 se
1856 1859 58 62 di

100 1911 202 75 stinctum
252 1911 168 75 contra
369 1911 135 75 esse
454 1911 219 75 creatoris
622 1911 118 75 non
689 1911 151 75 habet
790 1911 135 75 quod
874 1911 185 75 accidit
1009 1911 101 75 ei
1060 1911 236 75 corruptio,
1245 1911 151 75 neque
1346 1911 185 75 aliquis
1480 1911 151 75 actus
1581 1911 118 75 aut
1649 1911 168 75 forma:
1767 1911 118 75 sed
1817 1911 101 75 eti-

111 1966 92 71 am
157 1966 184 71 dixerunt
295 1966 123 71 quod
372 1966 123 71 esse
449 1966 123 71 vnde
525 1966 123 71 tale
602 1966 123 71 esse
679 1966 184 71 scilicet
817 1966 200 71 creaturae
971 1966 184 71 secundum
1109 1966 92 71 se
1155 1966 215 71 distinctum
1324 1966 154 71 contra
1432 1966 123 71 esse
1508 1966 215 71 creatoris,
1677 1966 108 71 non
1739 1966 138 71 habet
1831 1966 123 71 quod

109 2021 168 72 accidit
231 2021 92 72 ei
277 2021 199 72 corruptio
430 2021 138 72 neque
521 2021 168 72 aliquis
644 2021 138 72 actus
735 2021 107 72 aut
796 2021 138 72 forma
888 2021 122 72 vnde
965 2021 138 72 talis
1056 2021 183 72 scilicet
1194 2021 199 72 creaturae
1347 2021 183 72 secundum
1484 2021 107 72 se,
1545 2021 107 72 sed
1606 2021 168 72 solummo
1729 2021 92 72 ex
1774 2021 92 72 eo
1820 2021 122 72 quod

100 2083 198 61 recipitur
252 2083 107 61 vel
313 2083 137 61 natum
405 2083 107 61 est
466 2083 153 61 recipi
573 2083 92 61 in
618 2083 137 61 alio.
710 2083 92 61 Et
756 2083 107 61 sic
817 2083 153 61 dicere
923 2083 198 61 postmodum
1076 2083 122 61 quod
1152 2083 122 61 esse
1229 2083 198 61 creaturae
1381 2083 183 61 secundum
1518 2083 92 61 se
1564 2083 153 61 absque
1671 2083 92 61 eo
1717 2083 122 61 quod
1793 2083 92 61 in
1823 2083 92 61 alio

102 2131 232 70 recipiatur
285 2131 116 70 non
351 2131 149 70 habet
450 2131 132 70 vnde
533 2131 182 70 accidit
665 2131 99 70 ei
715 2131 232 70 corruptio,
897 2131 83 70 &
930 2131 132 70 quod
1013 2131 149 70 tamen
1112 2131 99 70 ex
1162 2131 99 70 se
1211 2131 116 70 non
1278 2131 116 70 sit
1344 2131 182 70 necesse
1476 2131 149 70 esse,
1575 2131 149 70 plane
1675 2131 116 70 est
1724 2131 199 70 contrarium

108 2184 172 67 dictis
228 2184 154 67 eorum
331 2184 240 67 prioribus.
520 2184 120 67 Nec
588 2184 189 67 prodest
725 2184 154 67 illud
828 2184 103 67 in
880 2184 172 67 aliquo
1000 2184 137 67 quod
1086 2184 120 67 non
1154 2184 154 67 solum
1257 2184 172 67 dicunt
1377 2184 103 67 ex
1429 2184 103 67 eo
1480 2184 137 67 quod
1566 2184 223 67 recipitur
1737 2184 120 67 sed
1789 2184 120 67 etiam

97 2241 97 62 ex
145 2241 97 62 eo
194 2241 129 62 quod
274 2241 145 62 natum
371 2241 113 62 est
436 2241 161 62 recipi
549 2241 97 62 in
597 2241 145 62 alio:
694 2241 129 62 quia
775 2241 145 62 sicut
872 2241 97 62 ex
920 2241 97 62 eo
969 2241 129 62 quod
1049 2241 210 62 recipitur
1211 2241 145 62 habet
1308 2241 129 62 vnde
1388 2241 178 62 accidit
1518 2241 97 62 ei
1566 2241 226 62 corruptio,
1744 2241 113 62 sic
1808 2241 97 62 ex
1840 2241 65 62 eo

109 2284 128 67 quod
189 2284 144 67 natum
285 2284 112 67 est
349 2284 160 67 recipi
461 2284 144 67 habet
557 2284 128 67 vnde
637 2284 128 67 nata
717 2284 112 67 est
781 2284 96 67 ei
829 2284 192 67 accidere
973 2284 224 67 corruptio,
1149 2284 144 67 licet
1245 2284 112 67 non
1309 2284 96 67 ei
1357 2284 176 67 accidit
1485 2284 128 67 inde
1565 2284 192 67 secundum
1709 2284 160 67 actum:
1821 2284 96 67 vt
1853 2284 64 67 si

104 2344 136 53 tale
189 2344 136 53 quid
274 2344 204 53 perpetuo
428 2344 153 53 esset
530 2344 238 53 separatum,
717 2344 204 53 perpetuo
870 2344 187 53 haberet
1006 2344 136 53 vnde
1092 2344 136 53 nata
1177 2344 153 53 esset
1279 2344 102 53 ei
1330 2344 204 53 accidere
1483 2344 238 53 corruptio,
1671 2344 187 53 nunquam
1790 2344 119 53 tamen

103 2397 172 62 secundum
232 2397 129 62 illos
318 2397 86 62 ei
361 2397 201 62 accideret.
518 2397 86 62 Et
561 2397 100 62 sic
618 2397 86 62 in
661 2397 100 62 hoc
719 2397 129 62 etiam
805 2397 143 62 omnino
905 2397 244 62 contrariantur
1106 2397 143 62 dictis
1206 2397 258 62 philosophorum,
1421 2397 100 62 qui
1478 2397 172 62 dixerunt
1607 2397 115 62 quod
1679 2397 115 62 omne
1736 2397 172 62 corruptibi

98 2443 98 67 le
147 2443 180 67 necesse
277 2443 114 67 est
343 2443 212 67 aliquando
506 2443 212 67 corrumpi.
669 2443 131 67 Quod
751 2443 131 67 quia
833 2443 147 67 forte
931 2443 278 67 perspexerunt,
1160 2443 163 67 aliter
1274 2443 245 67 respondendo
1470 2443 163 67 dicunt
1584 2443 131 67 quod
1666 2443 147 67 nulla
1748 2443 163 67 creatura

110 2503 100 59 est
167 2503 157 59 necesse
281 2503 114 59 esse
352 2503 228 59 simpliciter:
537 2503 157 59 attamen
651 2503 100 59 non
708 2503 100 59 est
765 2503 228 59 inconueniens
950 2503 114 59 quod
1022 2503 100 59 sit
1079 2503 157 59 necesse
1193 2503 114 59 esse
1264 2503 171 59 secundum
1392 2503 114 59 qui.
1463 2503 171 59 scilicet
1592 2503 128 59 prout
1677 2503 228 59 consideratur
1848 2503 57 59 vt

103 2555 136 74 quid
188 2555 289 74 intelligibile
426 2555 238 74 abstractum
613 2555 85 74 a
647 2555 204 74 tempore,
800 2555 85 74 &
834 2555 102 74 vt
885 2555 170 74 semper
1004 2555 136 74 ens.
1090 2555 204 74 secundum
1243 2555 136 74 quod
1328 2555 187 74 dicitur
1464 2555 102 74 in
1515 2555 153 74 libro
1617 2555 204 74 Priorum.
1770 2555 170 74 Micha-

108 2611 113 62 lus
173 2611 291 62 intelligibilis
415 2611 162 62 semper
528 2611 129 62 est,
609 2611 146 62 licet
706 2611 194 62 Michalus
852 2611 243 62 simpliciter
1046 2611 113 62 vel
1111 2611 194 62 Callias,
1256 2611 113 62 vel
1321 2611 194 62 quilibet
1466 2611 259 62 particularis
1677 2611 129 62 homo
1757 2611 113 62 est
1806 2611 97 62 ter-

97 2663 171 63 minati
217 2663 205 63 temporis
371 2663 86 63 &
405 2663 137 63 quid
490 2663 291 63 corruptibile.
730 2663 120 63 Sed
798 2663 137 63 dico
884 2663 120 63 ego
952 2663 137 63 quod
1038 2663 120 63 non
1106 2663 171 63 valet:
1226 2663 137 63 quia
1311 2663 205 63 expresse
1465 2663 222 63 loquuntur
1636 2663 103 63 de
1688 2663 137 63 esse
1756 2663 137 63 actua-

98 2711 106 78 lis
158 2711 227 78 existentiae
340 2711 76 78 &
370 2711 91 78 de
415 2711 136 78 forma
506 2711 212 78 actualiter
672 2711 212 78 existente,
839 2711 151 78 quando
945 2711 151 78 dicunt
1050 2711 121 78 quod
1126 2711 166 78 materia
1247 2711 76 78 &
1277 2711 181 78 essentia
1413 2711 151 78 aliter
1519 2711 227 78 comparantur
1700 2711 91 78 ad
1746 2711 121 78 esse
1806 2711 91 78 quam

109 2771 144 74 forma
205 2771 80 74 &
237 2771 144 74 ipsum
334 2771 144 74 esse:
430 2771 128 74 quia
510 2771 144 74 forma
606 2771 176 74 quantum
735 2771 112 74 est
799 2771 96 74 de
847 2771 96 74 se
895 2771 112 74 non
959 2771 144 74 habet
1056 2771 128 74 quod
1136 2771 160 74 possit
1248 2771 112 74 non
1312 2771 144 74 esse,
1409 2771 112 74 sed
1473 2771 144 74 solum
1569 2771 176 74 ratione
1697 2771 193 74 materiae
1842 2771 96 74 in

110 2827 101 67 qua
167 2827 201 67 recipitur.
325 2827 187 67 Similiter
469 2827 115 67 quod
541 2827 129 67 ipsum
628 2827 115 67 esse
699 2827 173 67 secundum
829 2827 86 67 se
872 2827 101 67 non
930 2827 129 67 habet
1016 2827 115 67 quod
1088 2827 144 67 possit
1189 2827 101 67 non
1246 2827 115 67 esse
1318 2827 115 67 nisi
1390 2827 115 67 quia
1462 2827 187 67 recipitur
1606 2827 86 67 in
1649 2827 115 67 alio
1721 2827 72 67 &
1750 2827 187 67 separatum

105 2884 143 69 esset
201 2884 175 69 necesse
328 2884 143 69 esse.
424 2884 207 69 Praeterea
583 2884 143 69 sicut
679 2884 159 69 nullum
790 2884 255 69 inconueniens
997 2884 112 69 est
1061 2884 127 69 quod
1140 2884 191 69 creatura
1284 2884 127 69 quae
1363 2884 112 69 est
1427 2884 127 69 esse
1507 2884 112 69 vel
1571 2884 143 69 forma
1666 2884 127 69 siue
1746 2884 143 69 actus
1825 2884 80 69 sit

104 2932 159 63 necesse
219 2932 115 63 esse
291 2932 173 63 secundum
421 2932 130 63 qui.d
507 2932 173 63 scilicet
637 2932 87 63 vt
680 2932 231 63 consideratur
868 2932 87 63 vt
911 2932 115 63 quid
983 2932 245 63 intelligibile
1185 2932 216 63 abstractum:
1358 2932 101 63 sic
1416 2932 144 63 nullum
1517 2932 231 63 inconueniens
1704 2932 101 63 est
1762 2932 115 63 quod
1819 2932 87 63 cre-

103 2987 169 77 atura
216 2987 150 77 quae
310 2987 131 77 est
385 2987 206 77 materia
535 2987 131 77 vel
610 2987 225 77 essentia
779 2987 131 77 sit
854 2987 206 77 necesse
1004 2987 150 77 esse
1098 2987 225 77 secundum
1267 2987 188 77 eundem
1398 2987 188 77 modum.
1530 2987 169 77 Nullo
1642 2987 150 77 ergo
1736 2987 150 77 modo
1811 2987 94 77 dif

102 3046 196 68 ferenti
245 3046 125 68 quo
316 3046 107 68 ad
370 3046 143 68 hoc,
459 3046 268 68 comparantur
674 3046 107 68 ad
727 3046 143 68 esse
817 3046 196 68 materia
959 3046 89 68 &
995 3046 179 68 forma:
1120 3046 161 68 neque
1227 3046 143 68 esse
1317 3046 89 68 &
1352 3046 232 68 essentia:
1531 3046 161 68 cuius
1638 3046 250 68 contrarium
1835 3046 107 68 in

97 3098 203 59 tendunt
244 3098 239 59 asserere.
428 3098 166 59 Dicta
538 3098 147 59 ergo
631 3098 147 59 sua,
723 3098 110 59 vt
778 3098 221 59 videtur,
944 3098 166 59 nullo
1054 3098 147 59 modo
1146 3098 203 59 possunt
1293 3098 258 59 sustinere.
1496 3098 203 59 Tertium
1643 3098 147 59 vero
1735 3098 129 59 (ut
1809 3098 129 59 di-

97 3151 155 76 cunt
194 3151 175 76 )quod
310 3151 252 76 adducimus
504 3151 116 76 ad
563 3151 311 76 confirmandas
815 3151 214 76 nostras
970 3151 252 76 rationes,
1164 3151 136 76 est
1242 3151 155 76 quod
1339 3151 155 76 esse
1436 3151 175 76 illud
1553 3151 155 76 quod
1650 3151 136 76 est
1727 3151 136 76 res
1786 3151 116 76 alia
