2414 3720
477 292 101 76 se
528 292 185 76 habentr
663 292 152 76 inter
764 292 101 76 se
814 292 135 76 quod
899 292 135 76 vnum
983 292 152 76 eorum
1084 292 169 76 possit
1202 292 337 76 transubstantiari
1488 292 101 76 in
1539 292 169 76 aliud:
1657 292 118 76 sic
1724 292 219 76 similiter
1893 292 101 76 se
1943 292 185 76 habeant
2078 292 152 76 inter
2163 292 67 76 se

478 359 128 70 quod
558 359 128 70 esse
638 359 144 70 eorum
735 359 80 70 &
767 359 241 70 aliquitates
959 359 128 70 sint
1040 359 305 70 proportionalia:
1296 359 96 70 vt
1344 359 144 70 sicut
1441 359 112 70 hoc
1505 359 160 70 potest
1617 359 112 70 per
1681 359 385 70 transubstantiationem
2018 359 193 70 conuerti
2163 359 96 70 in

489 415 161 61 illud,
602 415 129 61 sic,
682 415 210 61 econuerso
844 415 145 61 illud
940 415 161 61 possit
1053 415 193 61 conuerti
1198 415 97 61 in
1247 415 129 61 hoc.
1327 415 97 61 Et
1376 415 113 61 sic
1440 415 145 61 aeque
1537 415 242 61 impossibile
1730 415 113 61 est
1795 415 145 61 panem
1891 415 322 61 transubstantiari
2166 415 97 61 in

490 468 236 70 deitatem,
671 468 163 70 sicut
780 468 272 70 impossibile
998 468 127 70 est
1071 468 218 70 deitatem
1234 468 363 70 transubstantiari
1543 468 109 70 in
1597 468 182 70 panem.
1725 468 127 70 Hoc
1797 468 200 70 dixerim
1942 468 218 70 opinando
2106 468 91 70 &
2124 468 109 70 sine

495 517 253 75 praeiudicio.
701 517 111 75 Sed
764 517 142 75 dicet
859 517 190 75 aliquis,
1002 517 127 75 quod
1081 517 111 75 non
1144 517 190 75 obstante
1286 517 127 75 ista
1366 517 174 75 ratione
1492 517 158 75 posset
1603 517 142 75 fieri
1698 517 206 75 conuersio
1856 517 142 75 panis
1951 517 95 75 in
1999 517 190 75 angelum,
2141 517 127 75 quod

483 573 160 72 tamen
590 573 160 72 multi
697 573 125 72 non
768 573 285 72 concederent:
1000 573 196 72 deberet
1142 573 142 72 enim
1231 573 142 72 esse
1320 573 160 72 causa
1427 573 214 72 conmunis
1587 573 160 72 quare
1694 573 125 72 nec
1765 573 107 72 in
1819 573 142 72 deum
1908 573 125 72 nec
1979 573 107 72 in
2032 573 196 72 angelum
2157 573 89 72 pos

486 628 118 71 set
553 628 151 71 fieri
654 628 369 71 transubstantiatio:
973 628 118 71 non
1040 628 134 71 ergo
1124 628 151 71 huius
1225 628 151 71 causa
1326 628 118 71 est
1393 628 218 71 infinitas
1561 628 201 71 excessus
1712 628 118 71 dei
1779 628 151 71 supra
1880 628 235 71 quancumque
2048 628 201 71 creaturam,

493 686 186 66 quoniam
628 686 186 66 angelus
764 686 118 66 non
831 686 186 66 excedit
966 686 101 66 in
1017 686 220 66 infinitum
1186 686 220 66 creaturam
1355 686 254 66 corporalem,
1558 686 118 66 cum
1626 686 135 66 ambo
1710 686 135 66 sint
1795 686 169 66 finita
1913 686 101 66 eo
1964 686 135 66 quod
2048 686 135 66 sunt
2116 686 135 66 creatu

493 747 116 61 rae.
566 747 87 61 Et
610 747 102 61 est
668 747 174 61 dicendum
799 747 116 61 quod
871 747 131 61 dicta
959 747 145 61 causa,
1060 747 160 61 propria
1177 747 102 61 est
1235 747 87 61 ex
1278 747 131 61 parte
1365 747 116 61 dei,
1438 747 145 61 quare.
1540 747 174 61 scilicet
1671 747 87 61 in
1714 747 131 61 ipsum
1801 747 102 61 non
1860 747 145 61 potest
1961 747 131 61 fieri
2049 747 233 61 transubstan-

500 798 171 65 tiatio,
624 798 109 65 sed
686 798 171 65 praeter
810 798 109 65 hoc
872 798 109 65 est
934 798 155 65 aliqua
1042 798 140 65 causa
1135 798 124 65 alia
1213 798 186 65 communis
1352 798 109 65 deo
1414 798 78 65 &
1445 798 171 65 angelo:
1569 798 140 65 quare
1662 798 93 65 in
1709 798 171 65 neutrum
1833 798 155 65 potest
1941 798 140 65 fieri
2034 798 248 65 transubstan-

499 853 159 70 tiatio,
614 853 72 70 &
643 853 145 70 nullum
745 853 101 70 est
803 853 232 70 inconueniens
991 853 116 70 quod
1064 853 159 70 eiusdem
1180 853 116 70 sunt
1252 853 145 70 plures
1354 853 145 70 causae
1455 853 87 70 in
1498 853 145 70 eodem,
1600 853 174 70 propria.
1730 853 188 70 scilicet.
1875 853 72 70 &
1904 853 188 70 communis.
2049 853 101 70 Sed
2107 853 116 70 ista
2165 853 87 70 pro-

492 904 123 76 pria
569 904 185 76 sufficit
708 904 93 76 ad
754 904 201 76 praesens.
908 904 123 76 Quae
985 904 139 76 autem
1078 904 108 76 sit
1139 904 123 76 illa
1217 904 139 76 causa
1309 904 201 76 comnmunis
1463 904 247 76 declarabitur
1664 904 154 76 quando
1772 904 185 76 quaestio
1911 904 185 76 occurret
2049 904 93 76 an
2096 904 139 76 panis
2173 904 77 76 pos

497 961 125 59 sit
568 961 356 59 transubstantiari
871 961 107 59 in
925 961 214 59 angelum:
1085 961 89 59 &
1120 961 107 59 an
1174 961 142 59 vnus
1263 961 196 59 angelus
1405 961 178 59 possit
1530 961 356 59 transubstantiari
1833 961 107 59 in
1886 961 178 59 alium.
2011 961 107 59 Ad
2064 961 178 59 primum
2189 961 107 59 in

507 1021 199 65 oppositum
660 1021 123 65 quod
737 1021 199 65 conversio
890 1021 92 65 in
936 1021 184 65 deitatem
1074 1021 153 65 nullam
1181 1021 169 65 poneret
1304 1021 230 65 variationem
1488 1021 92 65 in
1534 1021 138 65 illa,
1626 1021 184 65 Dicendum
1764 1021 123 65 quod
1841 1021 138 65 verum
1933 1021 123 65 est:
2010 1021 107 65 sed
2071 1021 107 65 non
2117 1021 138 65 negatur

498 1075 150 71 fieri
598 1075 184 71 propter
732 1075 250 71 variationem
932 1075 134 71 quam
1016 1075 184 71 faceret
1149 1075 150 71 circa
1249 1075 167 71 ipsam,
1366 1075 100 71 vt
1416 1075 200 71 insinuat
1567 1075 250 71 argumentum,
1767 1075 117 71 sed
1834 1075 184 71 propter
1967 1075 167 71 aliud,
2084 1075 100 71 vt
2117 1075 134 71 dictum

510 1129 136 54 est.
595 1129 102 54 Ad
646 1129 220 54 secundum,
815 1129 136 54 quod
900 1129 187 54 diuinum
1036 1129 136 54 esse
1121 1129 85 54 &
1155 1129 204 54 essentia
1307 1129 136 54 eius
1392 1129 136 54 sint
1477 1129 237 54 quodammodo
1663 1129 136 54 esse
1748 1129 85 54 &
1782 1129 204 54 essentia
1935 1129 187 54 omnium:
2070 1129 153 54 verum
2155 1129 102 54 est:

502 1183 116 63 sed
569 1183 133 63 modo
652 1183 216 63 eminenti,
818 1183 100 63 vt
868 1183 100 63 in
918 1183 150 63 aliis
1018 1183 283 63 quaestionibus
1251 1183 249 63 exposuimus.
1450 1183 183 63 propter
1583 1183 133 63 quod
1666 1183 166 63 habent
1783 1183 216 63 infinitum
1949 1183 200 63 excessum
2082 1183 166 63 essentia

499 1234 79 63 &
531 1234 127 63 esse
610 1234 111 63 dei
674 1234 143 63 super
769 1234 206 63 essentiam
928 1234 79 63 &
960 1234 127 63 esse
1039 1234 222 63 creaturae:
1214 1234 175 63 propter
1341 1234 127 63 quod
1420 1234 143 63 licet
1515 1234 191 63 essentia
1658 1234 79 63 &
1690 1234 127 63 esse
1770 1234 143 63 vnius
1865 1234 206 63 creaturae
2024 1234 111 63 non
2071 1234 175 63 continent

507 1293 209 57 essentiam
668 1293 81 57 &
700 1293 129 57 esse
781 1293 193 57 alterius
926 1293 225 57 creaturae,
1103 1293 145 57 sicut
1199 1293 193 57 essentia
1344 1293 81 57 &
1376 1293 129 57 esse
1457 1293 113 57 dei
1521 1293 209 57 continent
1682 1293 209 57 essentiam
1843 1293 81 57 &
1876 1293 129 57 esse
1956 1293 145 57 omnis
2053 1293 225 57 creaturae:

501 1346 110 68 cum
564 1346 142 68 tamen
659 1346 126 68 ista
737 1346 252 68 convenientia
942 1346 94 68 in
989 1346 220 68 continendo
1163 1346 94 68 ex
1210 1346 142 68 parte
1304 1346 110 68 dei
1367 1346 110 68 sit
1430 1346 220 68 excessiua:
1603 1346 189 68 essentia
1745 1346 142 68 autem
1840 1346 142 68 vnius
1934 1346 205 68 creaturae
2092 1346 142 68 licet
2170 1346 79 68 non

504 1404 190 68 continet
647 1404 206 68 essentiam
805 1404 190 68 alterius
947 1404 142 68 dicto
1042 1404 142 68 modo,
1137 1404 190 68 convenit
1279 1404 142 68 tamen
1374 1404 111 68 cum
1437 1404 95 68 ea
1485 1404 158 68 absque
1596 1404 127 68 omni
1675 1404 174 68 excessu
1801 1404 253 68 infinitatis:
2007 1404 174 68 idcirco
2118 1404 142 68 propter

500 1449 137 76 illam
591 1449 258 76 convenientiam
804 1449 197 76 creaturae
956 1449 122 76 quam
1032 1449 152 76 habent
1138 1449 122 76 illa
1214 1449 137 76 inter
1305 1449 106 76 se,
1366 1449 167 76 virtute
1487 1449 152 76 diuina
1594 1449 167 76 inuicem
1715 1449 304 76 transubstantiari
1973 1449 167 76 possunt
2095 1449 122 76 quae
2156 1449 106 76 conue

504 1512 167 67 nientiam
629 1512 84 67 ad
671 1512 97 67 hoc
727 1512 139 67 habent
824 1512 139 67 absque
922 1512 111 67 omni
992 1512 153 67 excessu
1103 1512 167 67 secundum
1228 1512 167 67 rationem
1354 1512 223 67 infinitatis:
1535 1512 111 67 quae
1604 1512 111 67 vero
1674 1512 97 67 non
1730 1512 139 67 habent
1827 1512 111 67 eam.
1897 1512 167 67 secundum
2022 1512 181 67 aliquorum
2148 1512 111 67 opinio

508 1566 111 78 nem,
578 1566 181 78 nequaquam
717 1566 153 78 possunt
828 1566 153 78 inuicem
940 1566 292 78 transubstantiari.
1191 1566 111 78 Quae
1260 1566 125 78 autem
1344 1566 97 78 sit
1399 1566 111 78 illa
1469 1566 237 78 convenientia,
1664 1566 70 78 &
1692 1566 84 78 de
1734 1566 125 78 inter
1817 1566 125 78 quae,
1901 1566 70 78 &
1929 1566 125 78 inter
2012 1566 111 78 quae
2082 1566 111 78 non,
2138 1566 125 78 propter

507 1622 114 70 quam
578 1622 157 70 quaedam
692 1622 186 70 creaturae
835 1622 86 70 in
878 1622 157 70 inuicem
992 1622 157 70 possunt
1106 1622 300 70 transubstantiari,
1363 1622 71 70 &
1391 1622 157 70 quaedam
1506 1622 114 70 non,
1577 1622 100 70 non
1634 1622 171 70 pertinet
1763 1622 157 70 proprie
1877 1622 86 70 ad
1920 1622 200 70 propositam
2062 1622 200 70 quaestionem,

510 1674 132 76 quia
593 1674 99 76 in
643 1674 132 76 illa
725 1674 215 76 consistit
890 1674 198 76 communis
1039 1674 149 76 causa
1138 1674 149 76 quare
1237 1674 99 76 in
1287 1674 165 76 nullam
1402 1674 248 76 substantiam
1600 1674 248 76 spiritualem
1799 1674 132 76 siue
1881 1674 182 76 creatam
2013 1674 132 76 siue
2079 1674 182 76 increatam

511 1729 161 74 possit
624 1729 145 74 fieri
720 1729 355 74 transubstantiatio,
1027 1729 97 74 vt
1075 1729 161 74 aliqui
1188 1729 177 74 dicunt.
1317 1729 226 74 ARgumentum
1494 1729 97 74 in
1543 1729 210 74 oppositum
1704 1729 113 74 non
1768 1729 226 74 concludit.
1946 1729 145 74 Licet
2042 1729 129 74 enim
2123 1729 113 74 per
2171 1729 81 74 con

508 1783 202 72 uersionem
663 1783 186 72 alicuius
802 1783 93 72 in
849 1783 186 72 deitatem
988 1783 124 72 ipsa
1066 1783 109 72 non
1128 1783 155 72 posset
1236 1783 124 72 esse
1314 1783 109 72 vbi
1376 1783 140 72 prius
1469 1783 109 72 non
1531 1783 140 72 fuit,
1624 1783 93 72 si
1670 1783 140 72 tamen
1763 1783 171 72 aliquid
1887 1783 264 72 conuerteretur
2104 1783 93 72 in
2135 1783 124 72 ipsam,

509 1840 126 73 puta
588 1840 221 73 substantia
761 1840 158 73 panis,
872 1840 158 73 posset
982 1840 126 73 esse
1061 1840 173 73 alicubi
1187 1840 110 73 vbi
1250 1840 126 73 fuit
1329 1840 142 73 prius
1424 1840 126 73 alio
1502 1840 126 73 modo
1581 1840 126 73 quam
1660 1840 110 73 ibi
1723 1840 142 73 prius
1818 1840 158 73 fuitid
1928 1840 110 73 est
1991 1840 110 73 sub
2054 1840 205 73 speciebus
2196 1840 63 73 pa

500 1908 128 57 nis
573 1908 365 57 sacramentaliter,
883 1908 128 57 sub
956 1908 183 57 quibus
1084 1908 128 57 non
1157 1908 146 57 fuit
1248 1908 164 57 prius
1358 1908 146 57 nisi
1431 1908 256 57 naturaliter.

848 1940 204 79 Equuntur
1001 1940 221 79 proposita
1171 1940 255 79 pertinentia
1376 1940 102 79 ad
1427 1940 238 79 creaturam,
1614 1940 85 79 &
1648 1940 119 79 hoc
1716 1940 306 79 intellectualem
1972 1940 272 79 specialiter.
2176 1940 102 79 Quo-

842 2002 114 68 rum
907 2002 179 68 quaedam
1037 2002 244 68 pertinebant
1232 2002 228 68 communiter
1411 2002 98 68 ad
1460 2002 179 68 angelum
1590 2002 81 68 &
1622 2002 98 68 ad
1671 2002 195 68 hominem:
1818 2002 179 68 quaedam
1948 2002 130 68 vero
2029 2002 179 68 proprie
2159 2002 98 68 ad
2192 2002 81 68 sin

840 2059 137 75 gulos
931 2059 152 75 eorum.
1037 2059 243 75 Pertinentium
1235 2059 137 75 autem
1326 2059 213 75 communiter
1493 2059 91 75 ad
1539 2059 198 75 vtrumque,
1691 2059 122 75 vnum
1767 2059 213 75 pertinebat
1934 2059 91 75 ad
1979 2059 137 75 solam
2070 2059 152 75 partem
2162 2059 106 75 cogni

847 2115 146 65 tiuam.
950 2115 117 65 alia
1023 2115 131 65 autem
1110 2115 131 65 plura
1198 2115 219 65 pertinebant
1373 2115 161 65 coniter
1490 2115 88 65 ad
1534 2115 146 65 partem
1636 2115 204 65 cognitiuam
1797 2115 73 65 &
1826 2115 234 65 appetitiuam.
2016 2115 131 65 Illud
2103 2115 117 65 vnum
2162 2115 102 65 erat,

862 2173 152 57 Vtrum
964 2173 152 57 agens
1065 2173 254 57 operationes
1269 2173 186 57 vitales
1404 2173 237 57 cognitiuas
1590 2173 169 57 quales
1709 2173 136 57 sunt
1794 2173 169 57 visio,
1912 2173 203 57 auditio,
2065 2173 85 57 &
2082 2173 186 57 vniuersa-

849 2219 134 69 liter
939 2219 179 69 sensatio
1073 2219 90 69 ex
1118 2219 134 69 parte
1208 2219 164 69 sensus:
1327 2219 75 69 &
1357 2219 224 69 intellectio
1536 2219 90 69 ex
1581 2219 134 69 parte
1671 2219 239 69 intellectus,
1865 2219 105 69 sit
1924 2219 134 69 extra
2014 2219 209 69 sentientem
2178 2219 75 69 &
2208 2219 90 69 in

501 2277 244 81 telligentem,
699 2277 91 81 an
745 2277 152 81 intra.
851 2277 91 81 ET
897 2277 183 81 arguitur
1034 2277 122 81 quod
1110 2277 107 81 non
1171 2277 107 81 est
1232 2277 137 81 extra
1324 2277 107 81 sed
1385 2277 137 81 intra
1476 2277 168 81 tantum,
1598 2277 137 81 Primo
1690 2277 122 81 sic.
1766 2277 137 81 Agens
1857 2277 107 81 per
1918 2277 91 81 se
1964 2277 229 81 operationem
2132 2277 137 81 vitalem

514 2331 114 74 non
579 2331 114 74 est
644 2331 130 74 nisi
725 2331 163 74 viuum,
839 2331 147 74 quale
937 2331 114 74 non
1002 2331 114 74 est
1067 2331 179 74 aliquid
1197 2331 163 74 extra,
1311 2331 98 74 vt
1360 2331 195 74 obiectum
1507 2331 98 74 de
1556 2331 114 74 quo
1621 2331 163 74 maxime
1735 2331 195 74 videtur,
1881 2331 130 74 quia
1963 2331 114 74 nec
2028 2331 98 74 in
2077 2331 114 74 se,
2142 2331 114 74 nec
2207 2331 98 74 in

510 2386 111 68 sua
574 2386 175 68 specie,
701 2386 111 68 nec
765 2386 96 68 in
813 2386 159 68 aliquo
924 2386 127 68 quid
1004 2386 96 68 ab
1052 2386 127 68 ipso
1131 2386 111 68 sit
1195 2386 96 68 in
1243 2386 255 68 cognoscente,
1450 2386 111 68 est
1513 2386 143 68 viuum
1609 2386 143 68 quid:
1705 2386 127 68 ergo
1784 2386 111 68 &c.
1848 2386 175 68 Secundo
1975 2386 127 68 sic.
2055 2386 159 68 Nullum
2151 2386 111 68 agens

507 2447 105 66 per
567 2447 90 66 se
612 2447 150 66 elicit
717 2447 180 66 actionem
852 2447 120 66 quae
927 2447 225 66 transcendit
1108 2447 120 66 suam
1183 2447 180 66 speciem,
1318 2447 120 66 quia
1393 2447 135 66 omnis
1483 2447 135 66 actio
1573 2447 105 66 est
1633 2447 270 66 proportionalis
1859 2447 165 66 agenti:
1979 2447 105 66 sed
2039 2447 135 66 actio
2114 2447 150 66 vitalis,

511 2492 208 68 cuiusmodi
671 2492 112 68 est
735 2492 192 68 sensatio
880 2492 112 68 aut
944 2492 256 68 intellectio,
1152 2492 240 68 transcendit
1344 2492 176 68 speciem
1473 2492 144 68 omnis
1569 2492 112 68 non
1633 2492 128 68 viui
1713 2492 96 68 in
1761 2492 240 68 nobilitate,
1953 2492 128 68 quia
2034 2492 112 68 est
2082 2492 192 68 nobilissi-

504 2540 98 79 ma
553 2540 211 79 operatio:
715 2540 130 79 ergo
796 2540 114 79 est
861 2540 244 79 nobilissimi
1056 2540 179 79 agentis
1186 2540 211 79 cuiusmodi
1349 2540 114 79 non
1414 2540 114 79 est
1479 2540 130 79 nisi
1560 2540 163 79 viuum,
1674 2540 130 79 quia
1755 2540 114 79 non
1820 2540 114 79 est
1885 2540 179 79 aliquid
2015 2540 146 79 extra
2096 2540 179 79 existens,

506 2605 122 65 sed
575 2605 157 65 intra
680 2605 192 65 tantum:
820 2605 140 65 ergo
908 2605 122 65 &c.
978 2605 175 65 Tertio
1100 2605 140 65 sic.
1188 2605 157 65 actio
1293 2605 245 65 quaecunque
1485 2605 297 65 principaliter
1730 2605 262 65 attribuitur
1940 2605 175 65 agenti
2062 2605 87 65 &
2080 2605 192 65 denominat

505 2666 155 65 ipsum,
613 2666 93 65 vt
659 2666 216 65 calefactio
829 2666 263 65 calefacienti:
1046 2666 124 65 ergo
1123 2666 93 65 si
1169 2666 170 65 aliquid
1293 2666 139 65 extra
1386 2666 186 65 causaret
1525 2666 186 65 actionem
1664 2666 216 65 sentiendi,
1834 2666 93 65 vt
1880 2666 155 65 calor,
1989 2666 108 65 vel
2035 2666 232 65 intelligendi.

512 2717 90 70 vt
557 2717 271 70 intelligibile:
783 2717 120 70 tunc
858 2717 150 70 porius
963 2717 196 70 diceretur
1114 2717 135 70 calor
1204 2717 165 70 sentire
1324 2717 120 70 quam
1400 2717 165 70 sensus:
1520 2717 75 70 &
1550 2717 256 70 intelligibile
1761 2717 226 70 intelligere
1941 2717 120 70 quam
2016 2717 241 70 intellectus:
2197 2717 75 70 con

505 2765 187 77 sequens
641 2765 119 77 est
709 2765 187 77 falsum:
844 2765 136 77 ergo
929 2765 119 77 &c.
997 2765 170 77 Quarto
1116 2765 136 77 sic.
1200 2765 187 77 nullius
1336 2765 220 77 passionis
1506 2765 237 77 sensibilis
1692 2765 153 77 causa
1794 2765 119 77 est
1862 2765 170 77 natura
1981 2765 254 77 corporalis,
2184 2765 119 77 sed

508 2822 150 78 anima
608 2822 166 78 format
725 2822 116 78 eam
791 2822 100 78 in
841 2822 166 78 seipsa
958 2822 100 78 ad
1008 2822 250 78 praesentiam
1207 2822 183 78 illius.
1340 2822 100 78 vt
1390 2822 150 78 dicit
1490 2822 233 78 Augustinus
1673 2822 116 78 in.
1740 2822 116 78 vi.
1806 2822 200 78 Musicae:
1956 2822 133 78 ergo
2039 2822 150 78 multo
2122 2822 150 78 fortius

509 2876 109 72 nec
572 2876 171 72 aliquid
696 2876 140 72 extra
789 2876 109 72 est
851 2876 140 72 cauam
944 2876 295 72 intellectionis.
1193 2876 124 72 ergo
1270 2876 109 72 &c.
1333 2876 155 72 Quinto
1441 2876 124 72 sic.
1519 2876 140 72 sicut
1612 2876 140 72 actio
1705 2876 248 72 calefaciendi
1907 2876 233 72 attribuitur
2094 2876 171 72 calido,
2202 2876 78 72 sic

502 2933 88 74 &
538 2933 158 74 actio
643 2933 193 74 viuendi
783 2933 158 74 viuo:
888 2933 140 74 tale
975 2933 158 74 autem
1080 2933 123 74 non
1150 2933 123 74 est
1220 2933 193 74 aliquid
1360 2933 175 74 extra:
1483 2933 140 74 ergo
1571 2933 123 74 &c.
1641 2933 158 74 Sexto
1746 2933 140 74 sic.
1833 2933 245 74 cuiuslibet
2026 2933 210 74 actionis
2183 2933 123 74 na-

504 2980 200 84 turalis
649 2980 254 84 principium
849 2980 127 84 est
922 2980 182 84 intra:
1049 2980 218 84 actiones
1213 2980 236 84 sentiendi
1394 2980 91 84 &
1431 2980 291 84 intelligendi
1667 2980 145 84 sunt
1758 2980 254 84 naturales:
1958 2980 145 84 ergo
2049 2980 127 84 &c.
2103 2980 164 84 CONtra.

510 3042 151 73 tales
611 3042 201 73 actiones
762 3042 151 73 vitae
863 3042 218 73 passiones
1030 3042 134 73 sunt
1114 3042 201 73 respectu
1265 3042 168 73 sensus
1383 3042 84 73 &
1416 3042 268 73 intellectus:
1634 3042 84 73 &
1668 3042 101 73 vt
1718 3042 218 73 potentiae
1886 3042 201 73 passiuae
2037 3042 101 73 se
2087 3042 168 73 habent
2205 3042 101 73 ad

506 3090 164 80 illas.
620 3090 197 80 secundum
768 3090 131 80 enim
850 3090 262 80 philosophum,
1063 3090 180 80 sentire
1194 3090 131 80 pati
1276 3090 131 80 est,
1358 3090 82 80 &
1390 3090 213 80 similiter
1554 3090 262 80 intelligere.
1767 3090 180 80 praeter
1898 3090 164 80 sensum
2013 3090 147 80 autem
2111 3090 82 80 &
2128 3090 147 80 intelle

506 3146 123 74 ctum
582 3146 107 74 non
644 3146 107 74 est
705 3146 138 74 aliud
797 3146 215 74 principium
965 3146 138 74 agens
1057 3146 153 74 intra:
1165 3146 123 74 ergo
1241 3146 107 74 &c.
1303 3146 184 74 DIcendum
1440 3146 92 74 ad
1486 3146 123 74 hoc,
1563 3146 123 74 quod
1640 3146 184 74 secundum
1778 3146 215 74 philosopum
1946 3146 92 74 in
1992 3146 169 74 secundo
2115 3146 92 74 de
2161 3146 138 74 anima

502 3217 150 65 agere
602 3217 83 65 &
636 3217 134 65 pati
719 3217 250 65 tripliciter
920 3217 200 65 dicuntur
1070 3217 200 65 secundum
1220 3217 134 65 tres
1304 3217 150 65 modos
1404 3217 267 65 alterationis
1621 3217 217 65 diuersos.
1788 3217 117 65 Est
1855 3217 134 65 enim
1938 3217 134 65 vnus
2022 3217 150 65 modus
2122 3217 184 65 altera-
