2373 3708
93 324 125 88 illa
172 324 204 88 ponuntur:
328 324 78 88 &
360 324 125 88 tale
438 324 204 88 consuetum
595 324 110 88 est
658 324 125 88 dici
736 324 125 88 esse
814 324 125 88 cam:
893 324 110 88 per
955 324 110 88 hoc
1018 324 141 88 talem
1112 324 235 88 substantiam
1300 324 110 88 vel
1363 324 125 88 tale
1441 324 204 88 subiectum
1598 324 157 88 dicunt
1708 324 125 88 esse
1771 324 78 88 cau

100 408 110 56 sam
163 408 157 56 talium
273 408 252 56 accidentium.
478 408 110 56 Sed
541 408 110 56 (ut
604 408 173 56 dicunt)
730 408 94 56 de
777 408 268 56 separabilibus
997 408 79 56 &
1029 408 220 56 communibus
1202 408 252 56 accidentibus
1406 408 110 56 hoc
1469 408 173 56 videtur
1595 408 157 56 omnino
1690 408 157 56 absurdum

102 461 176 74 dicere:
230 461 96 74 vt
278 461 128 74 quod
358 461 160 74 lignum
471 461 176 74 dicatur
599 461 128 74 esse
679 461 144 74 causa
775 461 208 74 effectiua
935 461 128 74 suae
1016 461 208 74 albedinis
1176 461 80 74 &
1208 461 128 74 suae
1288 461 240 74 nigredinis,
1480 461 112 74 cum
1544 461 96 74 ex
1593 461 128 74 suis
1657 461 192 74 principiis

94 514 112 56 non
158 514 112 56 sit
222 514 257 56 determinatum
431 514 96 56 ad
479 514 112 56 duo
544 514 225 56 contraria,
720 514 112 56 nec
785 514 161 56 posset
897 514 241 56 determinari
1090 514 96 56 ad
1138 514 129 56 illa
1218 514 112 56 per
1283 514 225 56 quancumque
1459 514 193 56 virtutem
1604 514 129 56 sibi
1668 514 177 56 impressam

94 572 82 61 a
126 572 229 61 generante.
306 572 131 61 quia
388 572 131 61 sine
470 572 213 61 violentia
634 572 164 61 potest
748 572 131 61 esse
830 572 131 61 sine
912 572 115 61 vno
977 572 82 61 &
1010 572 131 61 sine
1092 572 180 61 altero,
1223 572 147 61 sicut
1321 572 213 61 Diaphanum
1485 572 180 61 lucidum
1616 572 82 61 &
1632 572 213 61 tenebrosum.

100 623 82 56 Et
141 623 178 56 similiter
279 623 110 56 esse
347 623 151 56 videtur
457 623 220 56 inconueniens
635 623 110 56 quod
704 623 165 56 voluntas
828 623 151 56 dicatur
937 623 110 56 esse
1006 623 124 56 causa
1088 623 110 56 suae
1157 623 206 56 volitionis,
1322 623 96 56 cum
1376 623 137 56 absque
1473 623 178 56 violentia
1610 623 137 56 possit
1706 623 110 56 esse
1761 623 82 56 fine

94 677 230 68 volitione.
274 677 99 68 Et
324 677 148 68 patet
423 677 132 68 quod
505 677 132 68 ista
587 677 115 68 non
653 677 214 68 repugnant
817 677 164 68 dictis
932 677 181 68 nostris
1064 677 230 68 quaestione
1245 677 132 68 nona
1327 677 197 68 Quodlib,
1475 677 164 68 nostri
1590 677 181 68 decimi,
1722 677 99 68 in
1755 677 82 68 qua

97 731 125 56 ista
176 731 172 56 materia
301 731 219 56 tractatur.
473 731 94 56 In
520 731 235 56 dissoluendo
709 731 125 56 enim
787 731 235 56 quaestionem
975 731 141 56 illam
1069 731 141 56 circa
1163 731 219 56 principium
1335 731 251 56 insinuabamus
1539 731 172 56 quandam
1649 731 188 56 distinctio

90 780 111 65 nem
154 780 254 65 accidentium,
360 780 143 65 cuius
455 780 127 65 vnum
534 780 174 65 membrum
661 780 301 65 subdistinximus,
914 780 127 65 quia
993 780 143 65 solum
1088 780 222 65 pertinebat
1263 780 95 65 ad
1310 780 174 65 nostrum
1437 780 238 65 propositum:
1627 780 79 65 &
1659 780 143 65 aliud
1738 780 111 65 omisi

92 835 121 63 mus.
167 835 106 63 Est
228 835 136 63 autem
318 835 211 63 distinctio
485 835 151 63 talis:
590 835 121 63 quod
666 835 166 63 quaedam
787 835 121 63 sunt
862 835 211 63 accidentia
1028 835 121 63 quae
1104 835 196 63 existente
1255 835 106 63 suo
1315 835 181 63 subiecto
1451 835 181 63 secundum
1587 835 151 63 formam
1693 835 181 63 substan-

83 886 166 74 tialem
200 886 233 74 constituto
383 886 100 74 in
433 886 133 74 esse
516 886 100 74 de
566 886 250 74 necessitate
766 886 216 74 sequuntur
932 886 150 74 ipsum
1032 886 200 74 secundum
1182 886 133 74 esse
1265 886 183 74 actuale
1399 886 200 74 ipsorum,
1548 886 133 74 nisi
1615 886 233 74 impedimentum

94 943 229 55 coincidit:
274 943 82 55 &
306 943 114 55 cum
372 943 262 55 impedimentum
584 943 229 55 interuenit
764 943 131 55 quod
846 943 180 55 impedit
977 943 180 55 illorum
1108 943 245 55 accidentium
1304 943 294 55 consecutionem,
1549 943 131 55 tunc
1631 943 98 55 ab
1680 943 164 55 agente
1778 943 82 55 est

85 998 98 68 in
134 998 146 68 illis
231 998 163 68 virtus
345 998 98 68 ad
394 998 244 68 producendum
589 998 98 68 sm
638 998 130 68 esse
719 998 244 68 accidentale
914 998 130 68 illa
995 998 244 68 accidentia,
1190 998 130 68 siue
1272 998 130 68 sint
1353 998 211 68 communia,
1516 998 146 68 siue,
1613 998 195 68 propria.
1759 998 98 68 vt
1792 998 65 68 po

93 1049 94 71 te
140 1049 189 71 generans
282 1049 142 71 aquam
376 1049 189 71 producit
518 1049 94 71 in
565 1049 126 71 illa
644 1049 94 71 sm
691 1049 142 71 actum
785 1049 236 71 grauitatem:
974 1049 79 71 &
1006 1049 94 71 si
1053 1049 142 71 extra
1147 1049 142 71 locum
1242 1049 142 71 aquae
1336 1049 173 71 generat
1462 1049 126 71 eam,
1540 1049 110 71 dat
1603 1049 94 71 ei
1651 1049 94 71 vt
1698 1049 142 71 agens
1776 1049 79 71 pri

95 1102 114 67 mum,
166 1102 128 67 motum
252 1102 171 67 deorsum,
380 1102 128 67 dando
466 1102 86 67 ei
508 1102 200 67 grauitatem
665 1102 86 67 vt
708 1102 143 67 agens,
808 1102 185 67 proximum:
950 1102 71 67 &
979 1102 100 67 sic
1036 1102 100 67 per
1093 1102 128 67 motum
1179 1102 100 67 dat
1236 1102 86 67 ei
1279 1102 171 67 proprium
1407 1102 128 67 locum
1492 1102 143 67 aquae,
1592 1102 114 67 quod
1664 1102 86 67 si
1692 1102 157 67 generetur

93 1157 128 56 extra
178 1157 113 56 suum
249 1157 142 56 locum,
348 1157 71 56 &
376 1157 99 56 per
433 1157 184 56 impediens
575 1157 99 56 ibi
632 1157 170 56 moretur,
759 1157 184 56 similiter
901 1157 85 56 si
944 1157 99 56 per
1000 1157 199 56 contrarium
1156 1157 128 56 agens
1241 1157 184 56 calesiat,
1383 1157 170 56 generans
1511 1157 99 56 cum
1567 1157 184 56 generauit
1709 1157 128 56 aquam
1780 1157 71 56 vir

90 1211 152 57 tutem
191 1211 219 57 impressit
360 1211 135 57 suae
445 1211 186 57 formae,
580 1211 118 57 qua
647 1211 203 57 cessante
799 1211 253 57 impedimento
1002 1211 101 57 in
1052 1211 236 57 contrarium
1238 1211 186 57 agente,
1373 1211 186 57 generat
1508 1211 101 57 in
1559 1211 101 57 se
1610 1211 152 57 motum
1711 1211 118 57 quo
1762 1211 84 57 tem

92 1262 128 68 dit
165 1262 110 68 ad
220 1262 164 68 locum
329 1262 146 68 suum
420 1262 201 68 deorsum
567 1262 91 68 &
603 1262 128 68 quo
676 1262 256 68 reuertitur
877 1262 110 68 ad
932 1262 310 68 frigiditatem.
1188 1262 91 68 &
1224 1262 146 68 sumo
1315 1262 164 68 motum
1425 1262 201 68 coniter
1571 1262 110 68 ad
1626 1262 164 68 verum
1717 1262 128 68 motum

88 1317 89 58 &
124 1317 268 58 mutationem.
339 1317 143 58 Quod
428 1317 143 58 dico
517 1317 197 58 propter
660 1317 161 58 graue
768 1317 215 58 existens
929 1317 197 58 sursum,
1072 1317 143 58 quod
1161 1317 179 58 remoto
1287 1317 268 58 impedimento
1501 1317 89 58 &
1537 1317 250 58 resistente
1716 1317 125 58 subi-

91 1372 107 67 to
145 1372 161 67 facit
252 1372 107 67 se
305 1372 196 67 deorsum
448 1372 125 67 per
519 1372 250 67 mutationem
716 1372 125 67 non
787 1372 125 67 per
859 1372 178 67 motum:
983 1372 196 67 mouetur
1126 1372 161 67 autem
1233 1372 89 67 a
1269 1372 107 67 se
1322 1372 125 67 per
1394 1372 232 67 accidens,
1572 1372 125 67 cum
1644 1372 196 67 inuenit
1769 1372 71 67 me

92 1430 135 61 dium
176 1430 236 61 resistens.
362 1430 135 61 Alia
446 1430 135 61 vero
530 1430 135 61 sunt
614 1430 236 61 accidentia
800 1430 101 61 de
850 1430 168 61 quibus
968 1430 101 61 in
1019 1430 152 61 dicta
1120 1430 236 61 quaestione
1305 1430 118 61 non
1372 1430 185 61 fecimus
1507 1430 236 61 mentionem,
1692 1430 135 61 quia
1760 1430 84 61 non

104 1477 222 69 pertinebant
282 1477 89 69 ad
327 1477 222 69 propositum,
505 1477 89 69 de
549 1477 148 69 quibus
653 1477 133 69 tamen
742 1477 119 69 illi
816 1477 222 69 opponebant:
994 1477 119 69 quae
1068 1477 104 69 suo
1127 1477 178 69 subiecto
1261 1477 89 69 sm
1305 1477 148 69 formam
1409 1477 252 69 substantialem
1617 1477 208 69 constituto
1780 1477 89 69 in

96 1531 150 59 esse,
196 1531 117 59 non
263 1531 100 59 de
313 1531 250 59 necessitate
513 1531 217 59 sequuntur
680 1531 150 59 ipsum
780 1531 200 59 secundum
930 1531 133 59 esse
1013 1531 183 59 actuale
1146 1531 183 59 ipsorum
1279 1531 200 59 cessante
1429 1531 133 59 omni
1513 1531 267 59 impedimento.
1729 1531 83 59 &
1746 1531 100 59 haec

97 1586 106 63 non
157 1586 121 63 sunt
233 1586 121 63 nisi
309 1586 212 63 accidentia
475 1586 182 63 communia
612 1586 76 63 &
642 1586 242 63 separabilia:
839 1586 121 63 quae
914 1586 106 63 non
975 1586 242 63 consequuntur
1172 1586 167 63 ratione
1293 1586 151 63 formae
1399 1586 257 63 substantialis
1611 1586 121 63 vllo
1687 1586 121 63 modo
1747 1586 91 63 nisi

99 1638 268 54 determinentur
320 1638 110 54 per
383 1638 142 54 agens
477 1638 142 54 aliud
571 1638 126 54 quam
650 1638 110 54 sit
713 1638 142 54 ipsum
807 1638 205 54 generans,
965 1638 173 54 ratione
1091 1638 110 54 qua
1154 1638 173 54 generat
1279 1638 142 54 ipsum
1374 1638 94 54 sm
1421 1638 157 54 formam
1531 1638 283 54 substantialem:
1767 1638 110 54 qua

99 1692 121 55 lia
168 1692 243 55 accidentia
359 1692 139 55 sunt
446 1692 174 55 albedo
567 1692 87 55 &
602 1692 191 55 nigredo
741 1692 156 55 circa
845 1692 191 55 lignum.
984 1692 191 55 propter
1123 1692 121 55 hoc
1192 1692 174 55 lignum
1313 1692 104 55 in
1365 1692 104 55 eo
1418 1692 139 55 quod
1504 1692 174 55 lignum
1626 1692 156 55 nullo
1730 1692 139 55 modo

97 1737 178 78 potest
222 1737 143 78 esse
311 1737 161 78 causa
418 1737 143 78 suae
507 1737 232 78 albedinis
686 1737 125 78 aut
757 1737 268 78 nigredinis:
971 1737 143 78 quia
1060 1737 107 78 ad
1114 1737 196 78 neutrum
1256 1737 196 78 illorum
1399 1737 285 78 determinatur
1631 1737 161 78 forma
1720 1737 125 78 ligni

100 1805 143 57 neque
196 1805 111 57 per
259 1805 191 57 generans
403 1805 143 57 ipsum
498 1805 96 57 sm
546 1805 159 57 formam
657 1805 271 57 substantialem
880 1805 207 57 inquantum
1040 1805 223 57 huiusmodi.
1215 1805 127 57 Aqua
1295 1805 143 57 autem
1390 1805 96 57 in
1438 1805 96 57 eo
1486 1805 127 57 quod
1565 1805 143 57 aqua,
1645 1805 191 57 determinat

101 1852 139 54 sibi
188 1852 244 54 grauitatem
379 1852 87 54 &
414 1852 296 54 frigiditatem:
657 1852 87 54 &
692 1852 139 54 ideo
779 1852 209 54 cessante
936 1852 261 54 impedimento
1144 1852 87 54 &
1179 1852 174 54 agente
1301 1852 244 54 contrario,
1492 1852 191 54 virtute
1631 1852 139 54 quam
1701 1852 139 54 habent

93 1902 89 63 a
129 1902 232 63 generante
308 1902 161 63 facit
415 1902 107 63 se
468 1902 107 63 in
522 1902 161 63 motum
629 1902 107 63 ad
683 1902 197 63 deorsum
826 1902 89 63 &
861 1902 107 63 ad
915 1902 232 63 frigidum.
1094 1902 89 63 &
1129 1902 125 63 est
1201 1902 214 63 secundum
1362 1902 250 63 praedictum
1558 1902 161 63 modum
1665 1902 161 63 causa
1755 1902 89 63 sui

100 1964 146 63 motus
197 1964 81 63 &
229 1964 113 63 sui
294 1964 130 63 esse
375 1964 178 63 deorsum
505 1964 81 63 &
537 1964 130 63 suae
618 1964 275 63 frigiditatis.
845 1964 113 63 nec
910 1964 113 63 est
974 1964 97 63 in
1023 1964 113 63 hoc
1088 1964 259 63 differentia,
1298 1964 130 63 siue
1379 1964 227 63 accidentia
1557 1964 130 63 sint
1638 1964 178 63 propria
1752 1964 97 63 siue

108 2013 197 56 communia,
259 2013 106 56 dum
320 2013 136 56 tamen
410 2013 91 56 ad
456 2013 121 56 illa
531 2013 227 56 determinate
713 2013 91 56 se
758 2013 136 56 habet
849 2013 257 56 substantialis
1061 2013 151 56 forma.
1166 2013 121 56 Quod
1242 2013 136 56 autem
1333 2013 181 56 arguitur
1469 2013 136 56 adhuc
1560 2013 91 56 ab
1605 2013 151 56 aliis,
1711 2013 121 56 quod
1771 2013 76 56 li-

114 2066 101 65 cet
171 2066 130 65 talis
258 2066 130 65 motus
344 2066 101 65 sit
402 2066 144 65 grauis
502 2066 72 65 a
531 2066 144 65 natura
632 2066 115 65 sua,
704 2066 130 65 graue
791 2066 130 65 tamen
877 2066 158 65 proprie
992 2066 101 65 non
1050 2066 158 65 dicitur
1165 2066 173 65 efficere
1295 2066 130 65 motum
1381 2066 144 65 illum,
1482 2066 115 65 quia
1554 2066 72 65 a
1583 2066 86 65 se
1626 2066 101 65 non
1684 2066 130 65 habet
1770 2066 101 65 na-

104 2124 153 61 turam
206 2124 136 61 quam
291 2124 205 61 sequitur
445 2124 136 61 iste
530 2124 170 61 motus,
650 2124 119 61 sed
718 2124 85 61 a
752 2124 239 61 generante.
939 2124 102 61 Si
991 2124 136 61 ergo
1076 2124 119 61 non
1144 2124 188 61 dicimus
1280 2124 153 61 graue
1383 2124 153 61 licet
1485 2124 273 61 frigiditatem
1707 2124 153 61 habet
1792 2124 51 61 a

113 2171 222 67 generante
284 2171 137 67 quod
370 2171 240 67 infrigidet
558 2171 120 67 se:
626 2171 222 67 similiter
797 2171 120 67 non
866 2171 188 67 debemus
1003 2171 171 67 dicere
1122 2171 103 67 si
1174 2171 154 67 graue
1276 2171 154 67 motum
1379 2171 154 67 habet
1482 2171 86 67 a
1516 2171 222 67 generante
1687 2171 86 67 &
1721 2171 154 67 natu-

108 2223 119 68 ram
176 2223 119 68 per
244 2223 136 68 quam
329 2223 204 68 mouetur,
481 2223 136 68 quod
566 2223 187 68 propter
702 2223 119 68 hoc
770 2223 170 68 moueat
889 2223 119 68 se.
957 2223 102 68 Et
1007 2223 119 68 est
1075 2223 204 68 dicendum
1228 2223 136 68 quod
1313 2223 136 68 bona
1398 2223 119 68 est
1466 2223 238 68 comperatio
1652 2223 102 68 de
1703 2223 153 68 graui
1788 2223 51 68 &

120 2277 253 64 frigiditate
323 2277 135 64 quam
407 2277 152 64 simul
508 2277 152 64 habet
610 2277 118 64 cum
677 2277 236 64 generatur:
863 2277 84 64 &
897 2277 219 64 similiter
1065 2277 101 64 de
1116 2277 135 64 motu
1201 2277 135 64 quem
1285 2277 152 64 habet
1386 2277 118 64 cum
1454 2277 236 64 generatur:
1639 2277 118 64 sed
1707 2277 101 64 de
1741 2277 101 64 motu

124 2331 114 66 quem
195 2331 128 66 habet
280 2331 114 66 post
352 2331 228 66 impedimentum
537 2331 171 66 cessans,
665 2331 71 66 &
693 2331 185 66 similiter
836 2331 85 66 de
879 2331 228 66 frigiditate,
1064 2331 114 66 quia
1135 2331 85 66 de
1178 2331 114 66 nouo
1249 2331 199 66 grauitatem
1406 2331 128 66 nullo
1491 2331 114 66 modo
1562 2331 128 66 habet
1648 2331 71 66 a
1676 2331 100 66 se,
1733 2331 100 66 nec
1776 2331 71 66 ac-

124 2377 152 62 cidentia
238 2377 101 62 quae
302 2377 114 62 simul
378 2377 177 62 generantur
517 2377 89 62 cum
567 2377 101 62 ipso
631 2377 114 62 circa
707 2377 101 62 quae
770 2377 89 62 non
821 2377 114 62 cadit
897 2377 215 62 impedimentum:
1074 2377 101 62 illa
1137 2377 114 62 tamen
1213 2377 101 62 quae
1276 2377 101 62 post
1340 2377 203 62 impedimentum
1504 2377 139 62 cessans
1605 2377 114 62 fiunt
1681 2377 76 62 in
1719 2377 101 62 ipso
1783 2377 63 62 a
1795 2377 51 62 na

127 2438 105 52 tura
193 2438 105 52 quam
258 2438 145 52 recipit
363 2438 66 52 a
390 2438 184 52 generante,
534 2438 105 52 bene
600 2438 158 52 praesent
718 2438 105 52 dici
784 2438 118 52 fieri
863 2438 79 52 ab
902 2438 118 52 ipsa,
981 2438 105 52 quia
1047 2438 118 52 fiunt
1126 2438 66 52 a
1152 2438 131 52 natura
1244 2438 145 52 ipsius,
1349 2438 66 52 &
1376 2438 105 52 quae
1441 2438 92 52 est
1494 2438 79 52 in
1533 2438 105 52 ipso
1599 2438 184 52 principium
1744 2438 118 52 motus
1810 2438 39 52 &

125 2490 169 59 status.
247 2490 123 59 Quia
324 2490 184 59 arguitur
462 2490 92 59 ab
508 2490 200 59 aliquibus
662 2490 138 59 adhuc
754 2490 92 59 de
800 2490 200 59 voluntate
954 2490 184 59 respectu
1092 2490 138 59 velle
1184 2490 77 59 &
1215 2490 107 59 non
1276 2490 154 59 velle,
1383 2490 77 59 a
1414 2490 154 59 simili
1522 2490 92 59 de
1568 2490 138 59 ligno
1660 2490 184 59 respectu
1783 2490 61 59 al

126 2542 92 57 bi
172 2542 76 57 &
202 2542 153 57 nigri:
309 2542 122 57 quod
386 2542 122 57 quia
462 2542 153 57 lignum
569 2542 92 57 ex
615 2542 107 57 sua
676 2542 138 57 forma
768 2542 107 57 non
829 2542 107 57 est
891 2542 168 57 alterum
1013 2542 168 57 illorum
1135 2542 260 57 determinatum,
1349 2542 122 57 ideo
1426 2542 138 57 nullo
1518 2542 122 57 modo
1594 2542 153 57 potest
1701 2542 122 57 dici
1763 2542 76 57 il-

131 2598 133 64 lorum
220 2598 119 64 cam:
294 2598 133 64 quare
383 2598 133 64 neque
472 2598 178 64 voluntas
606 2598 104 64 sui
665 2598 133 64 velle
754 2598 104 64 aut
813 2598 148 64 nolle,
917 2598 104 64 cum
976 2598 89 64 ad
1021 2598 163 64 neutrum
1139 2598 163 64 illorum
1258 2598 104 64 sit
1317 2598 237 64 determinata:
1510 2598 178 64 Dicendum
1643 2598 119 64 quod
1703 2598 133 64 differt

136 2649 101 69 sic
193 2649 130 69 vires
280 2649 217 69 rationalium
454 2649 72 69 &
483 2649 101 69 non
540 2649 231 69 rationalium.
728 2649 130 69 Vires
815 2649 116 69 enim
888 2649 72 69 &
916 2649 188 69 potentiae
1061 2649 217 69 rationalium
1235 2649 116 69 quae
1307 2649 202 69 rationales
1466 2649 174 69 vocantur
1596 2649 145 69 valent
1697 2649 87 69 ad
1726 2649 116 69 opposi

134 2710 98 59 ta:
190 2710 112 59 quae
260 2710 112 59 vero
330 2710 112 59 sunt
399 2710 98 59 non
455 2710 223 59 rationalium,
637 2710 112 59 quae
707 2710 196 59 irroinales
860 2710 182 59 vocantur,
1000 2710 98 59 non
1056 2710 140 59 valent
1154 2710 84 59 ad
1196 2710 182 59 opposita,
1335 2710 98 59 sed
1391 2710 84 59 ad
1433 2710 112 59 vnum
1503 2710 140 59 tantum
1601 2710 112 59 siue
1670 2710 84 59 ad
1712 2710 154 59 alterum

141 2754 232 68 oppositorum.
330 2754 131 68 Licet
417 2754 116 68 ergo
490 2754 145 68 lignum
591 2754 116 68 quod
664 2754 102 68 non
722 2754 102 68 est
780 2754 203 68 rationale,
939 2754 102 68 sed
998 2754 102 68 est
1056 2754 131 68 purum
1143 2754 174 68 naturale
1273 2754 73 68 a
1302 2754 189 68 generante
1447 2754 102 68 non
1505 2754 189 68 rationali
1650 2754 73 68 &
1679 2754 116 68 pure
1752 2754 116 68 natu

142 2809 114 66 rali
213 2809 100 66 non
270 2809 143 66 potest
370 2809 143 66 habere
470 2809 185 66 potentiam
612 2809 100 66 vel
669 2809 100 66 vim
727 2809 114 66 quam
798 2809 143 66 possit
898 2809 86 66 ad
940 2809 185 66 opposita,
1083 2809 100 66 aut
1140 2809 114 66 esnt
1211 2809 86 66 ad
1254 2809 157 66 alterum
1368 2809 143 66 eorum,
1468 2809 114 66 quia
1539 2809 214 66 naturaliter
1711 2809 100 66 est
1768 2809 100 66 sus

155 2862 179 66 ceptibile
293 2862 193 66 vtriusque,
444 2862 69 66 &
472 2862 96 66 hoc
527 2862 96 66 non
582 2862 83 66 ex
623 2862 165 66 praecisa
747 2862 138 66 natura
843 2862 96 66 sui
898 2862 193 66 generantis
1050 2862 179 66 inquantum
1187 2862 96 66 est
1242 2862 138 66 ipsum,
1339 2862 83 66 si
1380 2862 151 66 solummo
1490 2862 96 66 per
1545 2862 110 66 eius
1614 2862 193 66 contrarias
1751 2862 83 66 dis-

150 2915 202 70 positiones:
311 2915 94 70 sed
365 2915 121 70 solum
446 2915 108 70 illa
514 2915 175 70 naturalia
648 2915 67 70 a
675 2915 175 70 generante
810 2915 135 70 habent
905 2915 94 70 vim
959 2915 108 70 quod
1026 2915 81 70 ex
1066 2915 81 70 se
1107 2915 94 70 per
1161 2915 94 70 vim
1215 2915 108 70 quam
1282 2915 135 70 habent
1377 2915 67 70 a
1404 2915 175 70 generante
1538 2915 148 70 possint
1646 2915 81 70 in
1687 2915 148 70 alterum
1781 2915 54 70 ip

155 2973 118 63 sorum
234 2973 105 63 quae
300 2973 79 63 ex
339 2973 158 63 praecisa
458 2973 132 63 natura
550 2973 184 63 generantis
695 2973 66 63 &
721 2973 105 63 suae
787 2973 118 63 forae
866 2973 79 63 ad
905 2973 118 63 illud
984 2973 105 63 sunt
1050 2973 211 63 determinata:
1221 2973 158 63 voluntas
1340 2973 118 63 tamen
1419 2973 105 63 quia
1485 2973 92 63 est
1537 2973 197 63 rationalis,
1695 2973 79 63 ex
1735 2973 132 63 natura

152 3029 103 61 sua
211 3029 132 61 valet
299 3029 88 61 ad
343 3029 176 61 opposit.
475 3029 176 61 scilicet
606 3029 88 61 ad
650 3029 132 61 velle
738 3029 73 61 &
768 3029 103 61 non
826 3029 132 61 velle
914 3029 117 61 siue
987 3029 146 61 nolle.
1090 3029 117 61 Quid
1163 3029 176 61 arguitur
1295 3029 146 61 contra
1398 3029 132 61 modum
1485 3029 161 61 ponendi
1603 3029 117 61 sic.
1676 3029 117 61 quod
1734 3029 103 61 sicut

160 3078 208 70 substantia
324 3078 134 70 habet
413 3078 74 70 a
442 3078 208 70 producente
606 3078 178 70 virtutem
740 3078 104 70 qua
799 3078 104 70 est
858 3078 193 70 immediata
1007 3078 134 70 cauam
1096 3078 193 70 effectiua
1245 3078 238 70 accidentium,
1438 3078 238 70 consimiliter
1631 3078 119 70 hent
1705 3078 89 70 ab
1735 3078 104 70 agen-

162 3132 88 56 te
206 3132 117 56 quod
279 3132 102 56 sit
338 3132 190 56 subiectum
484 3132 190 56 eorundem:
630 3132 161 56 oportet
747 3132 117 56 ergo
820 3132 117 56 quod
893 3132 146 56 habeat
995 3132 175 56 virtutem
1127 3132 117 56 sibi
1200 3132 190 56 impressam
1346 3132 73 56 a
1375 3132 205 56 producente
1536 3132 88 56 ad
1580 3132 102 56 hoc
1638 3132 117 56 quod
1711 3132 102 56 sit
1755 3132 88 56 caua

158 3185 193 80 material:
307 3185 119 80 quid
381 3185 104 80 non
440 3185 163 80 oportet
559 3185 163 80 ponere:
678 3185 119 80 ergo
752 3185 104 80 &c.
812 3185 238 80 Respondendum
1005 3185 104 80 est
1065 3185 89 80 ad
1109 3185 104 80 hoc
1169 3185 223 80 respondendo
1347 3185 89 80 ad
1391 3185 223 80 quaestionem
1570 3185 119 80 quam
1644 3185 163 80 quaerit
1748 3185 104 80 conti
