2438 3719
512 318 114 90 nue
577 318 98 90 de
626 318 131 90 illa
708 318 180 90 virtute
838 318 98 90 an
887 318 114 90 sit
953 318 131 90 idem
1034 318 114 90 cum
1100 318 229 90 substantia
1279 318 196 90 producti
1426 318 98 90 an
1475 318 196 90 accidens
1622 318 147 90 eius:
1720 318 180 90 Dicendo
1851 318 131 90 quod
1933 318 114 90 non
1998 318 114 90 est
2063 318 196 90 accidens
2194 318 98 90 eius

511 396 122 74 quia
587 396 230 74 vnumquidque
771 396 107 74 per
832 396 122 74 suam
909 396 153 74 formam
1016 396 107 74 qua
1077 396 107 74 est
1138 396 92 74 id
1184 396 122 74 quid
1261 396 122 74 est,
1337 396 153 74 potens
1444 396 107 74 est
1505 396 92 74 in
1551 396 122 74 suam
1628 396 184 74 propriam
1766 396 245 74 operationem,
1965 396 77 74 &
1995 396 92 74 in
2041 396 138 74 illud
2133 396 122 74 quod
2209 396 107 74 per

509 461 143 60 ipsam
605 461 127 60 hent
684 461 191 60 produci:
828 461 96 60 vt
876 461 112 60 lux
939 461 96 60 ad
987 461 207 60 lucendum,
1147 461 143 60 calor
1242 461 96 60 ad
1290 461 287 60 calefaciendum:
1529 461 80 60 &
1561 461 112 60 sic
1625 461 96 60 de
1672 461 207 60 singulis.
1832 461 175 60 Singula
1959 461 127 60 enim
2039 461 175 60 aliqua,
2151 461 143 60 propria

509 506 234 63 operatione
693 506 300 63 determinantur,
943 506 100 63 vt
993 506 184 63 dicitur
1127 506 100 63 in
1177 506 134 63 fine
1260 506 167 63 quarti
1377 506 200 63 Meteoro.
1527 506 117 63 Est
1594 506 134 63 ergo
1678 506 234 63 substantia
1861 506 117 63 rei
1928 506 117 63 sub
1995 506 184 63 ratione
2111 506 184 63 respectus

515 559 73 68 &
545 559 102 68 hoc
603 559 131 68 habet
690 559 73 68 a
719 559 218 68 producente,
893 559 73 68 &
922 559 116 68 quod
995 559 102 68 sit
1053 559 87 68 id
1096 559 116 68 quid
1169 559 102 68 est
1227 559 102 68 sub
1285 559 160 68 ratione
1401 559 189 68 absoluti:
1546 559 73 68 &
1575 559 116 68 quod
1648 559 102 68 est
1706 559 102 68 sub
1764 559 160 68 ratione
1880 559 131 68 talis
1967 559 203 68 respectus.
2127 559 102 68 Sed
2185 559 145 68 inquam

517 615 105 64 tum
577 615 105 64 est
637 615 196 64 producens
788 615 226 64 simpliciter
968 615 120 64 hent
1043 615 90 64 ab
1089 615 90 64 eo
1134 615 120 64 quod
1209 615 226 64 simpliciter
1389 615 105 64 est
1450 615 75 64 &
1480 615 196 64 absolute.
1630 615 196 64 Inquantum
1781 615 120 64 vero
1856 615 105 64 est
1916 615 196 64 producens
2066 615 226 64 determinans
2247 615 90 64 ad

513 669 168 68 aliquid
635 669 244 68 determinatum
833 669 137 68 henta
924 669 168 68 virtute
1046 669 76 68 &
1076 669 91 68 id
1122 669 122 68 quid
1198 669 107 68 est
1259 669 107 68 sub
1320 669 168 68 ratione
1442 669 213 68 respectus.
1609 669 91 68 Et
1655 669 107 68 hoc
1716 669 91 68 vt
1762 669 122 68 dixi
1838 669 91 68 in
1884 669 213 68 quaestione
2051 669 244 68 praenominata
2234 669 76 68 tam

513 718 111 67 sub
577 718 174 67 ratione
703 718 206 67 respectus
862 718 95 67 ad
909 718 238 67 receptionem
1100 718 127 67 quam
1179 718 95 67 ad
1226 718 254 67 productionem
1432 718 206 67 alicuius.
1591 718 143 67 Habet
1686 718 127 67 enim
1765 718 79 67 a
1797 718 222 67 producente
1971 718 111 67 suo
2035 718 95 67 ex
2082 718 143 67 parte
2177 718 127 67 suae
2241 718 63 67 ma

511 784 163 57 teriae
625 784 130 57 siue
706 784 277 57 principaliter
935 784 179 57 ratione
1065 784 130 57 suae
1147 784 196 57 materiae
1293 784 98 57 vt
1342 784 114 57 sit
1407 784 212 57 disposita
1570 784 98 57 ad
1619 784 245 57 receptionem
1815 784 147 57 sicut
1913 784 228 57 subiectum.
2092 784 98 57 Ex
2141 784 147 57 parte
2222 784 82 57 ve-

517 832 93 58 ro
564 832 124 58 suae
642 832 155 58 formae
750 832 124 58 siue
828 832 264 58 principaliter
1046 832 171 58 ratione
1170 832 124 58 suae
1248 832 155 58 formae
1356 832 140 58 habet
1450 832 93 58 ab
1496 832 140 58 eodem
1589 832 124 58 quod
1667 832 109 58 sit
1729 832 202 58 disposita
1885 832 93 58 ad
1931 832 249 58 productionem
2118 832 186 58 accidentis

502 884 142 62 sicut
597 884 221 62 efficiens.
770 884 95 62 Si
818 884 126 62 vero
896 884 95 62 id
944 884 110 62 non
1007 884 110 62 sit
1070 884 126 62 nisi
1149 884 126 62 pura
1228 884 158 62 forma,
1338 884 126 62 quae
1417 884 110 62 non
1480 884 110 62 est
1543 884 79 62 a
1575 884 95 62 se
1622 884 205 62 immediate
1780 884 252 62 receptibilis
1985 884 173 62 aliorum
2095 884 205 62 accidentium

514 947 255 51 receptibilis
721 947 143 51 tamen
817 947 111 51 est
880 947 96 51 in
928 947 96 51 se
976 947 80 51 &
1008 947 80 51 a
1039 947 96 51 se
1087 947 159 51 actuum
1199 947 159 51 suorum
1310 947 287 51 accidentalium,
1549 947 96 51 vt
1597 947 207 51 contingit
1756 947 143 51 circa
1851 947 223 51 voluntatem
2026 947 96 51 in
2074 947 143 51 anima
2154 947 143 51 rationa

515 990 109 68 li:
578 990 93 68 id
624 990 140 68 ipsum
718 990 78 68 a
749 990 202 68 generante
904 990 218 68 dispositum
1076 990 109 68 est
1138 990 93 68 ad
1184 990 202 68 vtrumque:
1340 990 109 68 nec
1402 990 187 68 importat
1542 990 124 68 illa
1620 990 218 68 dispositio
1791 990 140 68 super
1885 990 202 68 essentiam
2040 990 109 68 rei
2102 990 140 68 aliud
2196 990 124 68 quam

508 1046 205 62 rationem
661 1046 239 62 respectus.
849 1046 136 62 Quod
934 1046 205 62 arguitur
1088 1046 170 62 contra
1207 1046 188 62 membrum
1343 1046 239 62 concessum,
1531 1046 136 62 quod
1616 1046 170 62 virtus
1735 1046 136 62 illa
1821 1046 119 62 non
1889 1046 119 62 sit
1957 1046 256 62 substantia,
2162 1046 119 62 sed
2213 1046 85 62 est

506 1094 199 67 accidens
656 1094 133 67 rei,
739 1094 133 67 quia
821 1094 99 67 si
871 1094 116 67 est
937 1094 232 67 substantia
1120 1094 133 67 rei,
1203 1094 133 67 tunc
1286 1094 116 67 non
1352 1094 116 67 est
1418 1094 199 67 secundum
1568 1094 182 67 diuersa
1700 1094 149 67 causa
1800 1094 216 67 effectiua
1965 1094 83 67 &
1999 1094 249 67 materialis:
2181 1094 116 67 Dicen

512 1150 125 64 dum
583 1150 125 64 est
655 1150 142 64 quod
744 1150 160 64 verum
850 1150 125 64 est
922 1150 107 64 sm
975 1150 196 64 diuersa
1117 1150 231 64 absoluta:
1295 1150 125 64 est
1367 1150 160 64 tamen
1473 1150 107 64 sm
1527 1150 214 64 diuersos
1687 1150 231 64 respectus
1865 1150 107 64 sm
1918 1150 142 64 quod
2007 1150 160 64 alium
2096 1150 196 64 respectum

508 1205 104 60 in
560 1205 155 60 eodem
663 1205 190 60 nominat
801 1205 207 60 potentia
956 1205 190 60 passiua
1094 1205 86 60 &
1129 1205 207 60 potentia
1284 1205 190 60 actiua.
1422 1205 138 60 Quid
1509 1205 138 60 vero
1595 1205 190 60 aguitur
1733 1205 173 60 contra
1854 1205 138 60 hoc,
1940 1205 138 60 quod
2026 1205 138 60 tunc
2112 1205 155 60 modus
2199 1205 86 60 con

511 1257 214 61 siderandi
675 1257 132 61 erit
758 1257 148 61 causa
856 1257 165 61 tantae
972 1257 263 61 diuersitatis
1186 1257 181 61 realis,
1317 1257 132 61 quae
1400 1257 115 61 est
1466 1257 99 61 in
1515 1257 231 61 efficiendo
1696 1257 198 61 accidens
1844 1257 82 61 &
1877 1257 99 61 in
1927 1257 231 61 recipiendo
2108 1257 165 61 illud:
2207 1257 82 61 Di-

515 1312 163 66 cendum
629 1312 131 66 quod
710 1312 114 66 non
776 1312 114 66 est
841 1312 131 66 ita,
923 1312 131 66 quia
1004 1312 212 66 respectus
1167 1312 131 66 illi
1249 1312 114 66 non
1314 1312 131 66 sunt
1396 1312 228 66 rationales
1575 1312 98 66 ex
1624 1312 131 66 sola
1706 1312 294 66 consideratione
1950 1312 245 66 intellectus
2146 1312 114 66 sed
2195 1312 98 66 rea-

515 1371 122 59 les
584 1371 87 59 &
619 1371 105 59 ex
672 1371 175 59 natura
794 1371 140 59 rei,
882 1371 87 59 &
916 1371 140 59 sunt
1004 1371 245 59 relationes
1196 1371 105 59 sm
1248 1371 140 59 rem,
1336 1371 122 59 non
1406 1371 157 59 autem
1511 1371 210 59 secundum
1668 1371 227 59 rationem,
1843 1371 192 59 quamuis
1982 1371 122 59 non
2052 1371 140 59 sunt
2140 1371 122 59 res
2192 1371 105 59 alia

516 1427 216 59 absoluta
678 1427 90 59 a
714 1427 144 59 suis
804 1427 288 59 fundamentis:
1037 1427 108 59 vt
1091 1427 162 59 alibi
1199 1427 252 59 exposuimus
1397 1427 108 59 in
1451 1427 252 59 quaestione
1649 1427 180 59 quadam
1775 1427 108 59 de
1829 1427 288 59 relationibus
2062 1427 108 59 in
2098 1427 198 59 generali.

530 1473 231 70 Similiter
708 1473 142 70 quod
797 1473 214 70 arguitur
958 1473 107 70 ad
1011 1473 142 70 idem
1100 1473 214 70 secundo:
1260 1473 160 70 Sicut
1367 1473 125 70 est
1438 1473 214 70 diuersus
1599 1473 160 70 modus
1705 1473 285 70 considerandi
1937 1473 125 70 rem
2008 1473 107 70 in
2062 1473 125 70 se,
2133 1473 89 70 &
2168 1473 107 70 vt
2204 1473 89 70 est

522 1528 214 66 effectiua
686 1528 247 66 accidentis,
884 1528 115 66 ita
950 1528 198 66 diuersus
1098 1528 148 66 modus
1197 1528 115 66 est
1263 1528 263 66 considerandi
1477 1528 115 66 rem
1543 1528 99 66 in
1592 1528 115 66 se,
1658 1528 82 66 &
1691 1528 99 66 vt
1740 1528 115 66 est
1806 1528 214 66 subiectum
1971 1528 247 66 accidentis:
2168 1528 82 66 &
2185 1528 115 66 tamen

519 1580 172 73 propter
644 1580 141 73 illam
738 1580 250 73 diuersitatem
941 1580 109 73 non
1004 1580 172 73 dicitur
1129 1580 125 73 quod
1207 1580 109 73 res
1269 1580 234 73 considerata
1457 1580 94 73 in
1503 1580 94 73 se
1550 1580 109 73 non
1613 1580 109 73 est
1675 1580 203 73 subiectum
1831 1580 250 73 accidentium:
2034 1580 109 73 sed
2097 1580 156 73 aliqua
2191 1580 109 73 virtu

522 1640 110 61 te:
585 1640 125 61 ergo
663 1640 110 61 nec
726 1640 188 61 dicendum
867 1640 110 61 est
929 1640 125 61 quod
1007 1640 94 61 de
1054 1640 94 61 se
1101 1640 110 61 non
1164 1640 110 61 sit
1226 1640 141 61 cauam
1320 1640 250 61 accidentium,
1524 1640 110 61 sed
1586 1640 172 61 ratione
1711 1640 203 61 virtutis.
1868 1640 110 61 Hoc
1930 1640 125 61 bene
2009 1640 188 61 concedo.
2150 1640 141 61 sicut
2228 1640 78 61 enm

518 1698 111 53 non
582 1698 111 53 est
645 1698 207 53 effectiua
805 1698 191 53 alicuius
948 1698 127 53 nisi
1027 1698 111 53 sub
1091 1698 175 53 ratione
1219 1698 111 53 qua
1282 1698 111 53 est
1346 1698 207 53 potentia,
1505 1698 111 53 sic
1569 1698 111 53 nec
1632 1698 223 53 receptiua,
1808 1698 287 53 qualitercunque
2046 1698 143 53 autem
2126 1698 175 53 nominetur

522 1748 266 66 differentia
735 1748 159 66 inter
841 1748 266 66 substantiam
1054 1748 301 66 fundamentalem
1301 1748 159 66 huius
1408 1748 230 66 respectus
1585 1748 89 66 &
1620 1748 159 66 ipsum
1726 1748 248 66 respectum,
1921 1748 142 66 siue
2010 1748 106 66 sm
2063 1748 212 66 rationem
2204 1748 89 66 si-

522 1794 95 64 ue
570 1794 189 64 secundum
711 1794 252 64 intentionis:
916 1794 110 64 dum
979 1794 142 64 tamen
1074 1794 252 64 intelligamus
1279 1794 126 64 quod
1357 1794 110 64 sit
1421 1794 205 64 respectus
1578 1794 158 64 realis
1688 1794 95 64 ex
1736 1794 158 64 natura
1846 1794 126 64 rei,
1925 1794 110 64 non
1988 1794 142 64 autem
2082 1794 221 64 rationalis
2240 1794 63 64 ex

514 1853 257 62 intellectus
720 1853 172 62 nostri
840 1853 326 62 consideratione,
1115 1853 103 62 de
1166 1853 120 62 hoc
1235 1853 120 62 non
1303 1853 120 62 est
1372 1853 137 62 mihi
1458 1853 154 62 curae
1561 1853 103 62 ad
1612 1853 257 62 propositum,
1818 1853 103 62 ex
1870 1853 103 62 eo
1921 1853 137 62 quod
2007 1853 223 62 respectus
2162 1853 137 62 reales

519 1903 137 68 sunt
605 1903 120 68 res
673 1903 86 68 &
707 1903 257 68 continentur
913 1903 120 68 sub
982 1903 137 68 ente
1067 1903 137 68 vero
1153 1903 171 68 reali,
1273 1903 120 68 non
1341 1903 154 68 tamen
1444 1903 137 68 alia
1530 1903 223 68 realitate
1701 1903 206 68 secundum
1855 1903 120 68 rem
1924 1903 137 68 quam
2010 1903 120 68 sit
2078 1903 120 68 res
2130 1903 171 68 fundamen

520 1966 116 58 ti,
587 1966 116 58 nec
653 1966 149 58 tamen
752 1966 198 58 alietate
900 1966 198 58 secundum
1049 1966 198 58 rationem
1198 1966 182 58 nostrae
1330 1966 314 58 considerationis
1594 1966 182 58 tantum:
1726 1966 132 58 quia
1809 1966 132 58 tunc
1891 1966 116 58 non
1957 1966 165 58 essent
2073 1966 215 58 alietates
2221 1966 83 58 rea

512 2008 129 67 les,
593 2008 113 67 sed
657 2008 194 67 alietate
802 2008 194 67 secundum
948 2008 258 67 intentionem.
1157 2008 97 67 Et
1206 2008 129 67 quod
1286 2008 97 67 in
1335 2008 210 67 proposito
1496 2008 113 67 sic
1561 2008 145 67 facit
1658 2008 194 67 differre
1803 2008 178 67 aliqua,
1932 2008 113 67 est
1996 2008 194 67 realitas
2142 2008 129 67 siue
2206 2008 97 67 enti

519 2063 112 72 tas
583 2063 143 72 vera,
678 2063 112 72 non
742 2063 191 72 diminuta
886 2063 96 72 ex
933 2063 143 72 parte
1029 2063 207 72 vtriusque
1188 2063 271 72 differentium,
1412 2063 112 72 sed
1475 2063 159 72 aliter
1587 2063 96 72 in
1635 2063 143 72 illis
1730 2063 127 72 quae
1810 2063 207 72 differunt
1969 2063 143 72 sicut
2065 2063 112 72 res
2129 2063 191 72 absoluta
2256 2063 48 72 &

518 2118 158 72 relatio
633 2118 144 72 realis
734 2118 158 72 fundata
849 2118 86 72 in
892 2118 130 72 illa,
978 2118 115 72 quam
1050 2118 86 72 in
1094 2118 130 72 illis
1180 2118 115 72 quae
1252 2118 187 72 differunt
1396 2118 130 72 sicut
1482 2118 173 72 diuersae
1612 2118 101 72 res
1669 2118 202 72 absolutae.
1828 2118 86 72 In
1871 2118 144 72 istis,
1972 2118 115 72 quod
2044 2118 130 72 facit
2130 2118 115 72 ista
2188 2118 115 72 differ

508 2181 107 57 re
562 2181 107 57 vt
615 2181 160 57 album
721 2181 89 57 &
757 2181 178 57 nigrum
881 2181 160 57 inter
988 2181 124 57 se,
1059 2181 124 57 est
1130 2181 107 57 ex
1183 2181 195 57 vtraque
1326 2181 160 57 parte
1432 2181 124 57 res
1503 2181 142 57 vera
1592 2181 89 57 &
1628 2181 213 57 secundum
1788 2181 124 57 rem
1859 2181 231 57 existens:
2036 2181 89 57 &
2072 2181 142 57 ideo
2143 2181 160 57 proprie

515 2229 182 60 dicuntur
652 2229 182 60 differre
788 2229 91 60 sm
834 2229 122 60 rem.
910 2229 91 60 In
955 2229 137 60 illis
1046 2229 122 60 vero
1122 2229 122 60 quod
1198 2229 137 60 facit
1289 2229 122 60 illa
1365 2229 182 60 differre
1502 2229 91 60 vt
1548 2229 137 60 album
1639 2229 76 60 &
1669 2229 152 60 simile
1776 2229 122 60 quid
1852 2229 137 60 super
1943 2229 197 60 albedinem
2095 2229 197 60 fundatur,
2231 2229 61 60 ex

518 2275 106 80 vna
578 2275 136 80 parte
669 2275 106 80 est
730 2275 106 80 res
790 2275 121 80 vera
866 2275 76 80 &
896 2275 91 80 sm
941 2275 91 80 se
987 2275 197 80 existens,
1138 2275 121 80 quae
1213 2275 106 80 est
1274 2275 166 80 albedo,
1395 2275 91 80 ex
1440 2275 151 80 altera
1546 2275 136 80 parte
1637 2275 106 80 est
1697 2275 106 80 res
1758 2275 121 80 vera
1833 2275 197 80 similiter
1984 2275 76 80 &
2015 2275 136 80 eadem
2105 2275 121 80 res,
2181 2275 106 80 sed
2242 2275 91 80 ad

515 2332 177 73 alterum
643 2332 209 73 existens.
804 2332 96 73 Et
852 2332 128 73 sunt
932 2332 96 73 sm
980 2332 96 73 se
1028 2332 193 73 existere
1173 2332 80 73 &
1205 2332 96 73 ad
1253 2332 177 73 alterum
1381 2332 193 73 existere
1526 2332 160 73 reales
1638 2332 241 73 conditiones
1831 2332 96 73 et
1879 2332 96 73 ex
1927 2332 160 73 natura
2039 2332 128 73 rei,
2120 2332 112 73 non
2184 2332 144 73 autem

519 2389 131 60 ratio
607 2389 131 60 nales
694 2389 87 60 ex
738 2389 262 60 consideratione
957 2389 175 60 rationis
1088 2389 160 60 propter
1205 2389 117 60 quid
1278 2389 219 60 differentia
1452 2389 117 60 quam
1525 2389 160 60 faciunt
1642 2389 131 60 circa
1729 2389 146 60 eandem
1831 2389 117 60 rem,
1904 2389 131 60 sicut
1992 2389 102 60 non
2050 2389 146 60 potest
2152 2389 117 60 dici
2211 2389 87 60 rea-

517 2437 128 67 lis,
597 2437 112 67 sic
661 2437 96 67 sm
709 2437 112 67 rem
773 2437 176 67 proprie
900 2437 208 67 loquendo,
1060 2437 128 67 quia
1140 2437 112 67 non
1204 2437 112 67 est
1268 2437 224 67 diuersarum
1443 2437 144 67 rerum
1539 2437 96 67 sm
1587 2437 96 67 se
1635 2437 256 67 existentium,
1843 2437 112 67 non
1907 2437 160 67 potest
2018 2437 128 67 dici
2098 2437 192 67 rationis
2226 2437 80 67 si-

517 2490 101 74 ue
568 2490 202 74 secundum
719 2490 219 74 rationem:
888 2490 152 74 sicut
989 2490 135 74 illa
1073 2490 135 74 quae
1157 2490 219 74 differunt
1326 2490 135 74 pura
1410 2490 185 74 ratione
1545 2490 101 74 sm
1595 2490 286 74 adinuentionem
1831 2490 270 74 intellectus.
2050 2490 135 74 Alio
2135 2490 135 74 ergo
2202 2490 101 74 modo

526 2547 198 68 proprio
670 2547 252 68 differunt,
869 2547 234 68 quocunque
1049 2547 180 68 nomine
1175 2547 234 68 nominetur
1355 2547 144 68 illa
1446 2547 288 68 differentia:
1680 2547 126 68 qui
1752 2547 162 68 modus
1860 2547 126 68 non
1932 2547 198 68 differt
2077 2547 108 68 ab
2131 2547 180 68 altero
2239 2547 72 68 il

511 2595 169 70 lorum
624 2595 113 70 sm
680 2595 169 70 magis
793 2595 113 70 et
849 2595 169 70 minus
961 2595 206 70 tantum:
1111 2595 113 70 sm
1168 2595 150 70 quod
1262 2595 113 70 sm
1318 2595 225 70 rationem
1487 2595 300 70 differentium
1731 2595 131 70 vna
1806 2595 281 70 differentia
2031 2595 225 70 secundum
2181 2595 131 70 ratio

516 2648 123 75 nem
587 2648 175 75 potest
709 2648 140 75 esse
797 2648 158 75 maior
902 2648 123 75 vel
972 2648 175 75 minor,
1095 2648 105 75 sm
1148 2648 140 75 quod
1235 2648 175 75 aliqui
1358 2648 175 75 dicunt
1481 2648 140 75 quod
1569 2648 140 75 haec
1656 2648 263 75 differentia
1867 2648 140 75 quam
1954 2648 245 75 appellamus
2147 2648 105 75 sm
2182 2648 123 75 intem

519 2719 177 58 tionem
643 2719 124 58 non
714 2719 124 58 est
785 2719 142 58 nisi
874 2719 213 58 secundum
1033 2719 230 58 rationem,
1211 2719 160 58 licet
1317 2719 160 58 forte
1424 2719 160 58 ponat
1530 2719 195 58 maiorem
1672 2719 284 58 differentiam
1902 2719 142 58 quam
1991 2719 177 58 habent
2115 2719 142 58 illa
2204 2719 142 58 quae

520 2773 189 61 proprie
657 2773 103 61 sm
709 2773 206 61 rationem
864 2773 206 61 dicuntur
1018 2773 224 61 differre.
1190 2773 120 61 Sed
1259 2773 138 61 iste
1345 2773 155 61 modus
1448 2773 241 61 differendi
1637 2773 172 61 medius
1758 2773 120 61 est
1827 2773 155 61 inter
1930 2773 172 61 illos,
2050 2773 103 61 et
2102 2773 189 61 differt
2239 2773 103 61 ab

525 2821 176 65 vtroque
653 2821 176 65 illorum
782 2821 112 65 non
846 2821 144 65 solum
942 2821 192 65 secundum
1086 2821 144 65 magis
1182 2821 96 65 et
1231 2821 160 65 minus,
1343 2821 112 65 sed
1407 2821 96 65 sm
1455 2821 192 65 speciem.
1599 2821 96 65 Ad
1648 2821 257 65 differentiam
1856 2821 144 65 autem
1952 2821 225 65 smrationem
2129 2821 112 65 non
2177 2821 128 65 potest

514 2876 131 64 ista
596 2876 246 64 differentia
792 2876 180 64 reduci:
923 2876 131 64 quia
1005 2876 246 64 differentia
1202 2876 98 64 sm
1251 2876 197 64 rationem
1398 2876 229 64 quaecunque
1578 2876 213 64 differunt
1742 2876 115 64 non
1808 2876 213 64 differunt
1971 2876 197 64 secundum
2119 2876 115 64 se,
2184 2876 115 64 sed
2233 2876 66 64 so

516 2924 121 66 lum
585 2924 208 66 secundum
741 2924 330 66 considerationem
1019 2924 208 66 nostram.
1175 2924 225 66 Respectus
1348 2924 156 66 autem
1452 2924 173 66 realis
1574 2924 121 66 vel
1643 2924 104 66 in
1695 2924 225 66 relatiuis
1868 2924 104 66 sm
1920 2924 121 66 rem
1990 2924 121 66 non
2059 2924 191 66 differt
2198 2924 87 66 a
2215 2924 87 66 suo

524 2985 238 60 fundamento
711 2985 204 60 secundum
864 2985 153 60 solam
966 2985 187 60 nostram
1101 2985 323 60 considerationem
1373 2985 187 60 tantum:
1509 2985 136 60 tunc
1594 2985 136 60 enim
1679 2985 119 60 non
1747 2985 153 60 esset
1849 2985 221 60 respectus
2018 2985 170 60 realis
2137 2985 102 60 ex
2171 2985 136 60 natura

517 3041 130 55 rei,
598 3041 114 55 sed
663 3041 179 55 solummo
793 3041 227 55 rationalis
971 3041 97 55 ex
1020 3041 179 55 ratione
1150 3041 308 55 considerationis
1409 3041 195 55 nostrae:
1555 3041 130 55 quod
1637 3041 162 55 falsum
1750 3041 130 55 est.
1831 3041 114 55 Sed
1896 3041 97 55 de
1945 3041 114 55 hoc
2010 3041 146 55 alibi
2091 3041 211 55 exquisitius

515 3095 178 62 locuti
640 3095 178 62 sumus.
765 3095 107 62 Et
819 3095 125 62 sic
890 3095 107 62 ad
944 3095 232 62 reddendum
1122 3095 178 62 causas
1247 3095 250 62 effectuum,
1443 3095 125 62 non
1515 3095 178 62 omnium
1640 3095 143 62 dico
1729 3095 125 62 sed
1800 3095 196 62 illorum
1943 3095 125 62 qui
2014 3095 232 62 procedunt
2193 3095 89 62 a
2211 3095 89 62 re-

517 3140 120 65 bus
585 3140 103 65 ex
637 3140 188 65 seipsis
773 3140 120 65 non
842 3140 103 65 ab
893 3140 171 65 aliquo
1013 3140 257 65 extrinsecus
1218 3140 188 65 agente,
1355 3140 205 65 sufficit
1509 3140 171 65 dicere
1629 3140 137 65 quod
1714 3140 120 65 hoc
1783 3140 120 65 sub
1851 3140 137 65 tali
1937 3140 239 65 intentione
2125 3140 103 65 et
2159 3140 137 65 respe-

520 3194 127 72 ctu
592 3194 127 72 est
665 3194 163 72 causa
773 3194 181 72 huius,
899 3194 108 72 et
954 3194 127 72 sub
1026 3194 145 72 tali
1116 3194 127 72 est
1189 3194 163 72 causa
1297 3194 199 72 illius:
1442 3194 108 72 et
1496 3194 127 72 sic
1568 3194 127 72 non
1640 3194 127 72 est
1713 3194 181 72 facile
1839 3194 163 72 omnia
1948 3194 217 72 soluere.
2110 3194 127 72 Sed
2183 3194 108 72 ex
2219 3194 90 72 hoc
