2473 3752
460 240 154 104 actum
563 240 189 104 volendi
700 240 275 104 simpliciter:
923 240 120 104 ita
992 240 137 104 quod
1078 240 154 104 sicut
1181 240 257 104 intellectus
1387 240 86 104 &
1421 240 206 104 voluntas
1575 240 206 104 mouentur
1730 240 103 104 ex
1781 240 257 104 determinato
1987 240 189 104 obiecto
2125 240 103 104 ad
2176 240 120 104 de-

456 338 289 67 terminationem
694 338 170 67 actus,
813 338 119 67 ita
881 338 153 67 etiam
983 338 102 67 ex
1034 338 187 67 obiecto
1170 338 255 67 simpliciter
1375 338 204 67 mouentur
1528 338 102 67 ad
1579 338 153 67 actus
1681 338 136 67 suos
1766 338 272 67 simpliciter:
1987 338 136 67 quod
2072 338 187 67 necesse
2191 338 68 67 ha

460 397 136 66 bent
545 397 170 66 dicere
664 397 102 66 de
715 397 221 66 voluntate
885 397 153 66 sicut
987 397 85 66 &
1021 397 102 66 de
1072 397 272 66 intellectum:
1293 397 119 66 cum
1361 397 119 66 non
1429 397 153 66 minus
1531 397 170 66 ponant
1650 397 119 66 eam
1718 397 204 66 virtutem
1871 397 204 66 passiuam
2024 397 136 66 quam
2092 397 170 66 intelle-

457 452 163 67 ctum,
566 452 91 67 &
602 452 127 67 hoc
674 452 109 67 ab
729 452 217 67 obiecto:
892 452 91 67 &
928 452 145 67 ipsi
1018 452 272 67 generaliter
1236 452 181 67 dicunt
1362 452 127 67 hoc
1435 452 109 67 de
1489 452 145 67 omni
1580 452 199 67 virtute
1725 452 199 67 passiua
1870 452 109 67 ab
1924 452 217 67 obiecto.
2087 452 163 67 Sicut
2177 452 91 67 er-

464 504 105 68 go
516 504 210 68 secundum
673 504 157 68 ipsos
778 504 262 68 intellectus
988 504 87 68 a
1023 504 262 68 determinato
1232 504 297 68 intelligibili
1477 504 280 68 determinatur
1704 504 105 68 vt
1756 504 157 68 illud
1861 504 262 68 intelligat,
2071 504 87 68 &
2088 504 175 68 exerceat

467 570 142 62 actum
562 570 252 62 intelligendi
767 570 142 62 circa
862 570 158 62 illud,
972 570 110 62 sic
1035 570 126 62 quod
1114 570 110 62 non
1177 570 158 62 possit
1288 570 142 62 ipsum
1382 570 110 62 non
1446 570 237 62 intelligere
1635 570 110 62 cum
1698 570 110 62 sic
1761 570 268 62 determinatur:
1982 570 252 62 consimilitur
2171 570 95 62 opor

464 613 122 55 tet
533 613 174 55 ponere
655 613 209 55 secundum
812 613 174 55 ipsos,
934 613 139 55 quod
1021 613 209 55 voluntas
1177 613 87 55 a
1212 613 261 55 determinato
1421 613 209 55 volibili
1578 613 279 55 determinatur
1804 613 104 55 vt
1856 613 157 55 illud
1961 613 174 55 velit,
2083 613 87 55 &
2100 613 174 55 exerceat

464 665 169 56 actum
577 665 206 56 volendi
727 665 169 56 circa
839 665 188 56 illud.
971 665 150 56 Quod
1064 665 188 56 reuera
1196 665 206 56 necesse
1346 665 188 56 habent
1477 665 188 56 dicere
1608 665 206 56 ponendo
1759 665 263 56 voluntatem
1965 665 225 56 passiuam
2134 665 113 56 ab
2190 665 113 56 ob

466 719 162 68 iecto
574 719 162 68 dicto
682 719 162 68 modo,
789 719 108 68 vt
843 719 126 68 sic
915 719 216 68 secundum
1077 719 126 68 eos
1149 719 216 68 quicquid
1310 719 144 68 vult
1400 719 216 68 voluntas
1562 719 251 68 necessario
1759 719 180 68 velit,
1885 719 126 68 nec
1957 719 162 68 habet
2064 719 108 68 in
2118 719 126 68 hoc
2172 719 90 68 ali

468 775 151 59 quam
563 775 265 59 libertatem
771 775 132 59 aut
846 775 227 59 dominium
1016 775 246 59 proprium:
1205 775 151 59 quod
1300 775 170 59 tamen
1413 775 132 59 est
1489 775 302 59 inconueniens
1735 775 189 59 illis.
1867 775 151 59 Vnde
1962 775 132 59 nec
2037 775 132 59 hoc
2094 775 170 59 consue-

471 825 173 74 uerunt
592 825 207 74 expresse
747 825 224 74 asserere:
920 825 121 74 sed
989 825 276 74 consueuerunt
1213 825 173 74 dicere
1334 825 138 74 quod
1420 825 259 74 intellectus
1627 825 121 74 per
1696 825 207 74 obiectum
1852 825 207 74 cognitum
2007 825 86 74 &
2024 825 242 74 praesentatum

469 881 227 56 voluntati
643 881 157 56 actum
748 881 192 56 volendi
887 881 262 56 determinat:
1097 881 192 56 dicendo
1236 881 140 56 quod
1324 881 122 56 hoc
1393 881 122 56 est
1463 881 227 56 eligendum
1638 881 279 56 simpliciter,
1865 881 122 56 ita
1934 881 140 56 quod
2022 881 122 56 non
2091 881 157 56 aliud
2179 881 87 56 nec

465 931 266 71 contrarium
674 931 171 71 eius:
788 931 133 71 sed
864 931 152 71 quod
958 931 228 71 voluntas
1129 931 190 71 maneat
1262 931 171 71 adhuc
1376 931 190 71 libera
1509 931 114 71 ad
1566 931 228 71 volendum
1737 931 171 71 illud
1850 931 133 71 vel
1926 931 133 71 non
2002 931 247 71 volendum,
2173 931 95 71 ita

468 985 158 68 tamen
574 985 141 68 quod
662 985 141 68 illa
750 985 316 68 determinatione
1013 985 176 68 stante
1136 985 123 68 non
1207 985 176 68 posset
1330 985 158 68 velle
1435 985 158 68 aliud
1540 985 123 68 aut
1611 985 264 68 contrarium:
1822 985 105 68 vt
1874 985 211 68 quamuis,
2033 985 193 68 quantum
2156 985 105 68 erat

468 1046 110 59 ex
523 1046 129 59 se,
596 1046 184 59 posset
725 1046 166 59 velle
835 1046 129 59 hoc
909 1046 129 59 vel
983 1046 184 59 aliud,
1111 1046 129 59 vel
1185 1046 276 59 contrarium,
1406 1046 166 59 tamen
1516 1046 202 59 propter
1663 1046 349 59 determinationem
1957 1046 184 59 factam
2086 1046 110 59 ab
2123 1046 147 59 intel-

465 1093 171 72 lectum
585 1093 171 72 potest
705 1093 171 72 tantum
825 1093 154 72 velle
927 1093 120 72 hoc
996 1093 86 72 &
1030 1093 120 72 non
1099 1093 154 72 aliud
1201 1093 120 72 aut
1270 1093 257 72 contrarium,
1475 1093 103 72 vt
1527 1093 120 72 iam
1595 1093 171 72 dictum
1715 1093 120 72 est
1784 1093 171 72 supra.
1903 1093 120 72 Sed
1972 1093 120 72 hoc
2040 1093 171 72 dictum
2143 1093 120 72 eorum

476 1147 141 66 quod
565 1147 283 66 cousueuerunt
794 1147 177 66 dicere
918 1147 177 66 omnino
1042 1147 124 66 est
1112 1147 283 66 inconueniens
1342 1147 106 66 in
1395 1147 194 66 seipso.
1537 1147 106 66 Si
1590 1147 141 66 enim
1678 1147 159 66 actus
1784 1147 194 66 aliquis
1925 1147 265 66 simpliciter
2137 1147 124 66 est
2190 1147 71 66 de

471 1202 232 66 terminatus
654 1202 166 66 alicui
770 1202 232 66 voluntati,
952 1202 116 66 non
1018 1202 149 66 solum
1118 1202 116 66 sic
1184 1202 265 66 determinatur
1399 1202 99 66 vt
1449 1202 166 66 possit
1565 1202 149 66 velle
1664 1202 166 66 tantum
1780 1202 116 66 hoc
1847 1202 116 66 ita
1913 1202 133 66 quod
1996 1202 116 66 non
2062 1202 166 66 aliud:
2178 1202 116 66 sed

467 1259 149 58 etiam
567 1259 116 58 sic
633 1259 265 58 determinatur
848 1259 99 58 vt
897 1259 165 58 possit
1013 1259 149 58 velle
1112 1259 149 58 illud
1211 1259 116 58 ita
1278 1259 132 58 quod
1360 1259 116 58 non
1426 1259 165 58 possit
1542 1259 116 58 non
1608 1259 165 58 velle.
1724 1259 165 58 Aliter
1840 1259 132 58 enim
1922 1259 116 58 non
1988 1259 149 58 esset
2071 1259 182 58 determina

464 1311 120 73 tio
532 1311 154 73 actus
635 1311 273 73 simpliciter,
857 1311 154 73 sicut
959 1311 154 73 plane
1062 1311 222 73 contingit
1232 1311 102 73 ex
1284 1311 154 73 parte
1386 1311 256 73 intellectus
1591 1311 102 73 in
1642 1311 307 73 determinatione
1898 1311 154 73 actus
2001 1311 290 73 intelligendi:

466 1360 108 66 vt
520 1360 162 66 patet
628 1360 306 66 consideranti.
880 1360 126 66 Est
951 1360 144 66 enim
1041 1360 144 66 alia
1131 1360 306 66 indifferentia
1383 1360 108 66 ad
1437 1360 216 66 volendum
1599 1360 126 66 hoc
1671 1360 126 66 vel
1743 1360 126 66 non
1814 1360 234 66 volendum,
1994 1360 234 66 pertinens
2174 1360 108 66 ad

464 1423 203 62 quoddam
611 1423 259 62 exercitium
815 1423 185 62 actus,
944 1423 166 62 sicut
1055 1423 92 62 &
1092 1423 148 62 illa
1185 1423 148 62 alia
1277 1423 148 62 quae
1370 1423 129 62 est
1443 1423 111 62 ad
1499 1423 222 62 volendum
1665 1423 129 62 hoc
1739 1423 129 62 vel
1813 1423 185 62 aliud.
1943 1423 129 62 Non
2017 1423 148 62 enim
2109 1423 129 62 est
2165 1423 92 62 ra-

460 1474 117 66 tio
527 1474 150 66 quare
627 1474 117 66 per
694 1474 200 66 obiectum
844 1474 167 66 potius
960 1474 200 66 tollatur
1110 1474 117 66 vna
1177 1474 283 66 indifferentia
1410 1474 133 66 quam
1493 1474 150 66 alia:
1593 1474 100 66 vt
1643 1474 133 66 quod
1727 1474 267 66 determinetur
1943 1474 200 66 voluntas
2093 1474 100 66 ad
2127 1474 133 66 volen-

471 1525 126 64 dum
543 1525 126 64 hoc
615 1525 126 64 ita
688 1525 144 64 quod
778 1525 126 64 non
850 1525 181 64 aliud,
976 1525 90 64 &
1012 1525 126 64 non
1085 1525 289 64 determinetur
1319 1525 108 64 ad
1374 1525 217 64 volendum
1536 1525 126 64 hoc
1608 1525 126 64 ita
1680 1525 144 64 quod
1771 1525 126 64 non
1843 1525 181 64 maneat
1969 1525 271 64 indifferens
2186 1525 108 64 ad

472 1581 121 62 non
541 1581 225 62 volendum,
714 1581 208 62 secundum
870 1581 139 62 quod
957 1581 191 62 vtraque
1095 1581 295 62 indifferentia
1338 1581 208 62 tollitur
1494 1581 104 62 ex
1546 1581 156 62 parte
1650 1581 260 62 intellectus
1858 1581 121 62 per
1927 1581 225 62 obiectum:
2100 1581 104 62 vt
2135 1581 121 62 patet

478 1634 93 64 de
524 1634 108 64 se,
586 1634 124 64 quia
663 1634 108 64 non
725 1634 139 64 velle
818 1634 108 64 hoc
880 1634 155 64 bonum,
988 1634 124 64 alio
1066 1634 139 64 simul
1158 1634 186 64 ostenso,
1298 1634 93 64 si
1344 1634 108 64 sit
1406 1634 186 64 voluntas
1545 1634 217 64 rationalis
1715 1634 108 64 non
1777 1634 108 64 est
1839 1634 124 64 nisi
1917 1634 170 64 propter
2040 1634 139 64 velle
2133 1634 155 64 aliud,

475 1688 135 59 quia
560 1688 118 59 non
627 1688 152 59 velle
729 1688 118 59 hoc
797 1688 152 59 bonum
898 1688 118 59 nec
966 1688 152 59 velle
1067 1688 169 59 aliud,
1186 1688 118 59 non
1254 1688 118 59 est
1321 1688 203 59 voluntas
1474 1688 271 59 simpliciter:
1694 1688 135 59 quia
1778 1688 118 59 non
1846 1688 118 59 est
1914 1688 203 59 voluntas
2066 1688 135 59 siue
2134 1688 118 59 actus

476 1746 236 68 voluntatis
661 1746 135 68 nisi
745 1746 151 68 boni,
846 1746 118 68 nec
914 1746 118 68 est
981 1746 135 68 mali
1065 1746 135 68 nisi
1149 1746 135 68 quia
1233 1746 185 68 apparet
1368 1746 168 68 bonum.
1486 1746 151 68 Multo
1587 1746 185 68 fortius
1721 1746 135 68 ergo
1806 1746 202 68 voluntas
1957 1746 118 68 non
2024 1746 185 68 deserit
2142 1746 118 68 velle

470 1794 140 78 vnum
558 1794 175 78 bonum,
681 1794 140 78 nisi
768 1794 140 78 quia
856 1794 140 78 vult
943 1794 175 78 aliud:
1066 1794 88 78 &
1101 1794 123 78 sic
1171 1794 105 78 si
1224 1794 158 78 manet
1329 1794 298 78 indifferentia
1574 1794 123 78 quo
1644 1794 105 78 ad
1697 1794 158 78 actus
1802 1794 105 78 de
1854 1794 193 78 volendo
1994 1794 123 78 hoc
2064 1794 123 78 vel
2134 1794 123 78 non
2187 1794 70 78 vo

473 1845 169 63 lendo,
591 1845 236 63 necessario
777 1845 270 63 consimiliter
997 1845 152 63 manet
1098 1845 118 63 quo
1165 1845 101 63 ad
1216 1845 186 63 obiecta
1351 1845 101 63 de
1402 1845 186 63 volendo
1537 1845 118 63 hoc
1604 1845 118 63 vel
1672 1845 169 63 aliud,
1790 1845 84 63 &
1824 1845 118 63 sic
1892 1845 253 63 impossibile
2094 1845 118 63 est
2162 1845 135 63 quod

461 1903 120 74 sit
529 1903 273 74 determinatio
751 1903 154 74 actus
854 1903 102 74 re
905 1903 171 74 spectu
1024 1903 188 74 obiecti
1161 1903 102 74 de
1212 1903 188 74 volendo
1349 1903 120 74 hoc
1417 1903 120 74 ita
1486 1903 137 74 quod
1571 1903 120 74 non
1639 1903 171 74 aliud,
1759 1903 85 74 &
1793 1903 171 74 maneat
1912 1903 290 74 indifferentia
2134 1903 120 74 actus

464 1960 200 66 respectu
614 1960 117 66 sui
681 1960 300 66 contradictorii
931 1960 100 66 de
981 1960 117 66 hoc
1048 1960 183 66 volendo
1181 1960 117 66 vel
1248 1960 117 66 non
1314 1960 200 66 volendo:
1465 1960 150 66 sicut
1565 1960 250 66 impossibile
1765 1960 117 66 est
1831 1960 133 66 quod
1915 1960 183 66 dicunt,
2048 1960 133 66 quod
2115 1960 133 66 liber-

461 2011 113 65 tas
525 2011 113 65 est
590 2011 97 65 in
638 2011 209 65 voluntate
799 2011 113 65 quo
864 2011 97 65 ad
912 2011 226 65 exercitium
1089 2011 145 65 actus
1186 2011 97 65 de
1234 2011 113 65 hoc
1299 2011 177 65 volendo
1427 2011 113 65 vel
1492 2011 113 65 non
1556 2011 193 65 volendo,
1701 2011 113 65 non
1766 2011 145 65 autem
1862 2011 113 65 quo
1927 2011 97 65 ad
1975 2011 306 65 determinationem

463 2062 140 73 actus
557 2062 93 73 ad
603 2062 187 73 obiectum
743 2062 93 73 de
790 2062 171 73 volendo
914 2062 109 73 hoc
976 2062 109 73 vel
1039 2062 155 73 aliud,
1147 2062 109 73 cum
1210 2062 187 73 vtrumque
1349 2062 109 73 sit
1412 2062 171 73 quiddam
1536 2062 218 73 exercitium
1707 2062 155 73 actus,
1816 2062 109 73 vel
1878 2062 140 73 vnius
1971 2062 140 73 circa
2064 2062 171 73 diuersa
2189 2062 93 73 ob

469 2113 140 66 iecta,
567 2113 98 66 vel
623 2113 223 66 contrariorum
804 2113 126 66 circa
888 2113 112 66 idem
958 2113 181 66 obiectum.
1097 2113 84 66 Et
1139 2113 98 66 sic
1195 2113 126 66 patet
1279 2113 112 66 quod
1349 2113 126 66 nulla
1432 2113 98 66 est
1488 2113 195 66 distinctio
1642 2113 112 66 quae
1712 2113 140 66 dicunt
1809 2113 112 66 quod
1879 2113 168 66 voluntas
2005 2113 140 66 potest
2102 2113 140 66 moueri
2186 2113 70 66 vel

470 2177 93 54 ad
517 2177 295 54 determinationem
765 2177 140 54 actus
858 2177 109 54 vel
920 2177 93 54 ad
967 2177 217 54 exercitium
1138 2177 155 54 actus,
1246 2177 124 54 quia
1324 2177 248 54 determinatio
1526 2177 93 54 ad
1572 2177 186 54 obiectum
1712 2177 140 54 nihil
1805 2177 140 54 aliud
1898 2177 109 54 est
1960 2177 124 54 quam
2038 2177 171 54 ablatio
2146 2177 109 54 vnius

466 2228 190 65 exercitii
612 2228 146 65 actus:
714 2228 117 65 quae
787 2228 102 65 non
846 2228 146 65 potest
948 2228 160 65 auferri
1065 2228 117 65 alia
1138 2228 175 65 manente,
1269 2228 88 65 vt
1313 2228 102 65 est
1371 2228 160 65 dictum:
1488 2228 88 65 vt
1531 2228 102 65 sic
1590 2228 233 65 intelligamus
1780 2228 160 65 triplex
1896 2228 204 65 exercitium
2057 2228 88 65 in
2101 2228 117 65 actu
2159 2228 102 65 volum

471 2274 169 71 tatis.
590 2274 169 71 Duplex
708 2274 135 71 enim
793 2274 237 71 exercitium
979 2274 152 71 actus
1080 2274 203 71 conuenit
1233 2274 102 71 ei
1283 2274 152 71 circa
1385 2274 203 71 seipsam:
1537 2274 135 71 vnum
1622 2274 118 71 quo
1690 2274 102 71 ad
1740 2274 152 71 actus
1842 2274 186 71 volendi
1977 2274 220 71 positiuos
2130 2274 118 71 diuer

461 2325 119 82 sos
529 2325 153 82 circa
631 2325 187 82 obiecta
768 2325 204 82 diuersa:
921 2325 222 82 cuiusmodi
1091 2325 222 82 consistit
1262 2325 102 82 in
1313 2325 187 82 volendo
1449 2325 119 82 hoc
1517 2325 119 82 vel
1586 2325 187 82 volendo
1722 2325 170 82 illud.
1841 2325 187 82 Alterum
1977 2325 119 82 quo
2046 2325 102 82 ad
2097 2325 153 82 actus
2182 2325 68 82 vo

468 2379 153 75 lendi
570 2379 239 75 contrarios
758 2379 153 75 circa
860 2379 136 75 idem
945 2379 222 75 obiectum,
1116 2379 222 75 cuiusmodi
1286 2379 222 75 consistit
1457 2379 102 75 in
1508 2379 119 75 hoc
1576 2379 188 75 volendo
1712 2379 119 75 vel
1781 2379 205 75 nolendo.
1934 2379 85 75 &
1968 2379 136 75 haec
2053 2379 119 75 duo
2105 2379 153 75 exerci-

465 2436 111 70 tia
528 2436 111 70 iam
592 2436 237 70 tetigerunt.
781 2436 174 70 Tertium
908 2436 142 70 autem
1003 2436 221 70 exercitium
1177 2436 190 70 conuenit
1319 2436 95 70 ei
1367 2436 142 70 circa
1461 2436 142 70 vires
1556 2436 142 70 alias
1651 2436 95 70 in
1699 2436 174 70 mouendo
1825 2436 142 70 ipsas
1920 2436 95 70 ad
1967 2436 206 70 exercitia
2126 2436 158 70 suorum

472 2492 188 77 actuum,
609 2492 137 77 quid
694 2492 154 77 etiam
797 2492 239 77 tetigerunt
985 2492 120 77 iam
1053 2492 171 77 supra,
1172 2492 120 77 quo
1241 2492 103 77 ad
1292 2492 154 77 modum
1395 2492 188 77 mouendi
1531 2492 103 77 in
1583 2492 120 77 hoc
1651 2492 154 77 alias
1753 2492 154 77 vires
1856 2492 85 77 a
1890 2492 239 77 voluntate.
2078 2492 137 77 quod
2146 2492 103 77 repe

469 2546 129 73 tunt
549 2546 113 73 cum
614 2546 209 73 sequitur.
775 2546 97 73 Si
823 2546 177 73 velimus
952 2546 145 73 autem
1049 2546 161 73 dicere
1162 2546 226 73 voluntatem
1339 2546 177 73 motiuam
1468 2546 177 73 aliarum
1597 2546 161 73 virium
1709 2546 177 73 quantum
1838 2546 97 73 ad
1886 2546 226 73 exercitium
2064 2546 161 73 actus,
2160 2546 97 73 opor

465 2598 111 66 tet
528 2598 111 66 hoc
592 2598 206 66 intelligi
750 2598 142 66 dicto
845 2598 142 66 modo,
940 2598 95 66 vt
988 2598 190 66 scilicet
1130 2598 269 66 praesupposita
1352 2598 127 66 eius
1431 2598 174 66 motione
1557 2598 95 66 ex
1605 2598 269 66 apprehensione
1827 2598 142 66 boni,
1922 2598 95 66 in
1969 2598 111 66 quo
2032 2598 111 66 est
2080 2598 174 66 perfectio

474 2654 168 70 aliarum
596 2654 244 70 potentiarum,
794 2654 137 70 insit
886 2654 92 70 ei
931 2654 137 70 quasi
1023 2654 107 70 vis
1084 2654 198 70 impulsiua
1236 2654 92 70 vt
1282 2654 137 70 aliae
1374 2654 137 70 vires
1465 2654 229 70 applicentur
1648 2654 92 70 ad
1694 2654 122 70 suas
1770 2654 229 70 operationes
1953 2654 92 70 si
1999 2654 122 70 sint
2075 2654 168 70 actiuae
2197 2654 92 70 in

466 2707 153 78 mouendo
577 2707 167 78 aliquae,
702 2707 83 78 si
744 2707 111 78 sint
813 2707 167 78 passiuae
938 2707 83 78 in
980 2707 139 78 moueri
1077 2707 83 78 ab
1119 2707 125 78 alio.
1202 2707 83 78 Et
1244 2707 97 78 est
1300 2707 181 78 dicendum.
1438 2707 167 78 secundum
1563 2707 111 78 quod
1633 2707 125 78 patet
1716 2707 83 78 ex
1758 2707 97 78 iam
1814 2707 153 78 dictis,
1925 2707 111 78 quod
1994 2707 125 78 licet
2077 2707 167 78 voluntas
2202 2707 83 78 ha

473 2756 116 69 beat
545 2756 102 69 vim
603 2756 160 69 motiuam
719 2756 160 69 aliarum
835 2756 160 69 virium,
951 2756 102 69 hoc
1009 2756 131 69 tamen
1096 2756 102 69 non
1154 2756 102 69 sit
1212 2756 174 69 secundum
1343 2756 116 69 hunc
1415 2756 131 69 modum
1502 2756 116 69 quem
1575 2756 102 69 iam
1633 2756 189 69 repetunt,
1778 2756 102 69 sed
1836 2756 174 69 secundum
1966 2756 131 69 alium
2053 2756 218 69 praedictum:
2213 2756 44 69 &

464 2816 159 70 propter
579 2816 130 70 illum
666 2816 130 70 habet
752 2816 173 70 voluntas
882 2816 202 70 libertatem
1041 2816 144 70 plenam
1142 2816 130 70 super
1229 2816 130 70 actum
1315 2816 159 70 volendi
1431 2816 231 70 simplicitur,
1619 2816 72 70 &
1648 2816 130 70 super
1734 2816 159 70 triplex
1850 2816 202 70 exercitium
2009 2816 116 70 eius
2066 2816 188 70 praetactum.

492 2872 191 64 Sequitur.
640 2872 177 64 Officium
772 2872 118 64 enim
846 2872 206 64 voluntatis
1008 2872 103 64 est
1067 2872 133 64 alias
1155 2872 133 64 vires
1243 2872 177 64 excitare
1376 2872 88 64 ad
1420 2872 118 64 suas
1494 2872 236 64 perfectiones
1685 2872 236 64 assequendas,
1877 2872 74 64 &
1906 2872 191 64 praecipue
2039 2872 206 64 intellectum,

471 2924 90 62 vt
516 2924 120 62 fiat
591 2924 90 62 in
637 2924 105 62 sua
697 2924 151 62 vltima
802 2924 241 62 perfectione,
998 2924 120 62 quae
1073 2924 105 62 est
1134 2924 226 62 intelligere
1314 2924 166 62 diuinam
1435 2924 211 62 essentiam.
1600 2924 105 62 Hoc
1661 2924 120 62 enim
1736 2924 196 62 finalitur
1887 2924 166 62 appetit
2007 2924 196 62 voluntas:
2158 2924 75 62 &
2173 2924 75 62 cum

462 2968 102 84 hoc
521 2968 175 84 acquirit
652 2968 233 84 intellectus,
841 2968 116 84 tunc
913 2968 175 84 voluntas
1044 2968 102 84 est
1103 2968 87 84 in
1146 2968 102 84 sua
1204 2968 145 84 vltima
1306 2968 233 84 perfectione,
1495 2968 87 84 in
1539 2968 116 84 quae
1612 2968 145 84 sistit
1714 2968 116 84 suus
1786 2968 204 84 appetitus,
1946 2968 116 84 quia
2019 2968 87 84 ad
2048 2968 204 84 perfectionem

466 3022 218 81 intellectus
641 3022 189 81 finaliter
787 3022 160 81 tendit.
903 3022 175 81 Dicendum
1034 3022 116 81 quod
1107 3022 131 81 verum
1195 3022 102 81 est
1253 3022 116 81 quod
1326 3022 175 81 voluntas
1457 3022 131 81 alias
1544 3022 131 81 vires
1631 3022 73 81 &
1661 3022 189 81 praecipue
1806 3022 218 81 intellectum
1981 3022 87 81 ad
2025 3022 116 81 suas
2083 3022 160 81 perfectio

471 3077 104 82 nes
530 3077 178 82 excitat,
664 3077 178 82 secundum
797 3077 133 82 modum
886 3077 118 82 quem
960 3077 252 82 assignauimus,
1167 3077 133 82 licet
1256 3077 104 82 non
1315 3077 178 82 secundum
1448 3077 133 82 modum
1537 3077 118 82 quem
1611 3077 118 82 illi
1685 3077 222 82 confingunt.
1863 3077 104 82 Sed
1922 3077 118 82 quod
1996 3077 104 82 hoc
2056 3077 192 82 finalitur
2189 3077 59 82 ex

456 3142 140 83 parte
550 3142 233 83 intellectus
736 3142 171 83 appetat
860 3142 202 83 voluntas:
1015 3142 186 83 scilicet
1154 3142 155 83 ipsius
1263 3142 233 83 intellectus
1449 3142 248 83 perfectionem
1650 3142 124 83 quae
1728 3142 109 83 est
1790 3142 93 83 in
1836 3142 248 83 intelligendo
2038 3142 171 83 diuinam
2146 3142 109 83 essen
