2449 3753
189 331 139 83 tiam,
281 331 155 83 potius
390 331 124 83 quam
467 331 139 83 suam,
560 331 186 83 propriam
699 331 248 83 perfectionem
901 331 124 83 quae
978 331 108 83 est
1040 331 93 83 in
1086 331 201 83 diligendo
1241 331 155 83 ipsam:
1349 331 108 83 hoc
1411 331 108 83 est
1473 331 170 83 falsum.
1597 331 108 83 Hoc
1659 331 124 83 enim
1736 331 77 83 a
1767 331 155 83 natura
1876 331 170 83 inditum

195 400 109 72 est
258 400 203 72 vnicuique
414 400 203 72 appetitui
570 400 125 72 quod
648 400 125 72 plus
726 400 125 72 suam
803 400 249 72 persectionem
1006 400 172 72 appetat
1131 400 125 72 quam
1209 400 234 72 cuiuscumque
1396 400 203 72 alterius.
1552 400 78 72 &
1583 400 109 72 sic
1645 400 187 72 voluntas
1786 400 203 72 finalitur
1926 400 78 72 ap-

208 454 130 71 petit
294 454 130 71 suam,
381 454 174 71 propriam
511 454 246 71 perfectionem,
714 454 101 71 nec
772 454 101 71 est
830 454 87 71 in
873 454 101 71 sua
931 454 145 71 vltima
1032 454 217 71 perfectione
1206 454 101 71 per
1264 454 232 71 perfectionem
1452 454 188 71 cuiusquam
1597 454 174 71 alterius
1727 454 174 71 quousque
1857 454 116 71 suam
1930 454 101 71 pro

198 522 135 57 priam
288 522 240 57 perfectionem
483 522 240 57 adipiscatur:
679 522 135 57 citra
769 522 120 57 quam
844 522 210 57 nullatenus
1009 522 165 57 sistit.
1129 522 75 57 &
1159 522 105 57 est
1219 522 120 57 illa
1294 522 135 57 multo
1384 522 210 57 persectior
1549 522 120 57 quam
1625 522 195 57 quacumque
1775 522 135 57 alia:
1850 522 150 57 quemadmo

201 569 110 60 dum
264 569 221 60 perfectius
438 569 110 60 est
501 569 252 60 transformari
705 569 95 60 in
753 569 110 60 rem
816 569 173 60 nobilem
942 569 126 60 quam
1020 569 221 60 assimilari
1194 569 142 60 illi:
1288 569 189 60 secundum
1430 569 126 60 quod
1509 569 142 60 alias
1603 569 268 60 declarauimus.
1824 569 205 60 Sequitur.

193 618 96 67 Et
241 618 128 67 ideo
321 618 128 67 quia
401 618 96 67 in
449 618 112 67 via
513 618 144 67 vitae
609 618 224 67 praesentis
786 618 112 67 non
850 618 160 67 potest
962 618 240 67 intellectus
1154 618 208 67 attingere
1314 618 128 67 suam
1394 618 256 67 perfectionem
1603 618 112 67 nec
1667 618 112 67 per
1731 618 224 67 consequens
1891 618 112 67 volum

205 670 121 63 tas:
280 670 196 63 propterea
431 670 91 63 si
476 670 91 63 in
522 670 106 63 via
582 670 181 63 voluntas
718 670 121 63 quae
793 670 91 63 in
838 670 91 63 se
884 670 106 63 est
944 670 241 63 imperfectior
1140 670 226 63 intellectu,
1321 670 151 63 debeat
1427 670 151 63 altius
1532 670 166 63 eleuari
1653 670 121 63 quam
1728 670 241 63 intellectus,
1909 670 91 63 opor

201 737 103 56 tet
260 737 117 56 quod
333 737 103 56 hoc
392 737 103 56 sit
451 737 103 56 per
510 737 176 56 altiorem
642 737 176 56 habitum,
774 737 88 56 vt
818 737 117 56 pote
891 737 103 56 per
950 737 220 56 charitatem,
1126 737 117 56 quam
1200 737 103 56 sit
1258 737 161 56 habitus
1376 737 220 56 intellectus
1552 737 103 56 qui
1611 737 103 56 est
1669 737 132 56 lumen
1757 737 147 56 fidei.
1860 737 176 56 Dicendum

211 782 121 69 quod
286 782 91 69 in
332 782 106 69 via
392 782 212 69 praesentis
559 782 136 69 vitae
649 782 106 69 nec
710 782 227 69 intellectus
891 782 106 69 nec
952 782 181 69 voluntas
1088 782 166 69 possunt
1209 782 197 69 attingere
1360 782 121 69 suam
1436 782 257 69 perfectionem:
1647 782 76 69 &
1677 782 106 69 hoc
1738 782 121 69 quia
1798 782 197 69 intellectus

204 841 192 62 perfectio
352 841 192 62 consistit
499 841 88 62 in
543 841 177 62 perfecta
676 841 162 62 diuinae
794 841 192 62 essentiae
941 841 221 62 cognitione,
1118 841 118 62 quae
1192 841 103 62 non
1251 841 162 62 habetur
1369 841 118 62 nisi
1443 841 88 62 in
1487 841 118 62 eius
1560 841 147 62 aperta
1664 841 177 62 visione.
1796 841 192 62 Perfectio
1929 841 59 62 au

205 894 105 61 tem
265 894 210 61 voluntatis
430 894 105 61 non
490 894 195 61 consistit
640 894 120 61 nisi
715 894 90 61 in
760 894 180 61 perfecta
895 894 120 61 eius
970 894 225 61 dilectione,
1149 894 120 61 quae
1224 894 180 61 requirit
1359 894 165 61 apertam
1479 894 180 61 visionem
1614 894 255 61 praecedentem,
1824 894 105 61 non
1884 894 90 61 vt
1914 894 75 61 cau

204 936 113 66 sam
268 936 177 66 propter
397 936 129 66 quam
477 936 129 66 sit,
558 936 96 66 vt
606 936 129 66 illi
686 936 209 66 intendunt
847 936 96 66 in
895 936 209 66 principio
1056 936 145 66 huius
1153 936 225 66 clausulae:
1330 936 145 66 quais
1426 936 193 66 scilicet
1571 936 193 66 voluntas
1716 936 129 66 suam
1796 936 161 66 habeat
1893 936 96 66 per-

196 992 211 61 fectionem
358 992 114 61 non
423 992 98 61 in
472 992 114 61 se,
537 992 114 61 sed
602 992 98 61 in
651 992 130 61 ipso
733 992 260 61 intellectum,
944 992 98 61 vt
993 992 114 61 iam
1058 992 163 61 dictum
1172 992 130 61 est,
1253 992 114 61 sed
1318 992 98 61 vt
1367 992 163 61 causam
1481 992 130 61 sine
1562 992 114 61 qua
1627 992 130 61 non.
1708 992 146 61 Habet
1806 992 130 61 enim
1871 992 114 61 volum

200 1051 109 56 tas
263 1051 94 56 in
310 1051 94 56 se
357 1051 125 56 suam
435 1051 250 56 perfectionem
638 1051 188 56 supiorem
779 1051 234 56 perfectione
966 1051 250 56 intellectus:
1169 1051 188 56 secundum
1310 1051 125 56 quod
1388 1051 109 56 hoc
1451 1051 141 56 alibi
1544 1051 156 56 latius
1654 1051 266 56 declarauimus.
1873 1051 94 56 Et
1904 1051 78 56 sic

213 1103 180 65 voluntas
348 1103 90 65 in
393 1103 105 65 via
453 1103 105 65 non
513 1103 135 65 solum
603 1103 150 65 altius
708 1103 180 65 eleuatur
843 1103 105 65 per
903 1103 180 65 altiorem
1038 1103 165 65 habitum
1158 1103 120 65 quam
1233 1103 105 65 sit
1293 1103 165 65 habitus
1413 1103 240 65 intellectus,
1608 1103 105 65 sed
1668 1103 75 65 &
1698 1103 120 65 ipsa
1773 1103 105 65 est
1833 1103 90 65 ex
1863 1103 120 65 seipsa

209 1159 154 60 altior
316 1159 184 60 potentia
454 1159 77 60 &
485 1159 154 60 altius
593 1159 169 60 eleuata
715 1159 123 60 quam
792 1159 107 60 sit
854 1159 246 60 intellectus,
1053 1159 92 60 vt
1099 1159 200 60 similiter
1253 1159 138 60 alibi
1345 1159 261 60 declarauimus:
1560 1159 107 60 ita
1621 1159 123 60 quod
1698 1159 169 60 habitus
1806 1159 184 60 voluntatis

203 1210 100 65 qui
260 1210 100 65 est
317 1210 185 65 charitas,
459 1210 100 65 non
516 1210 128 65 solum
602 1210 100 65 sit
659 1210 143 65 altior
759 1210 114 65 quam
830 1210 100 65 sit
887 1210 157 65 habitus
1001 1210 214 65 intellectus
1172 1210 86 65 in
1215 1210 114 65 via,
1286 1210 100 65 qui
1343 1210 100 65 est
1400 1210 143 65 fides:
1500 1210 100 65 sed
1557 1210 128 65 etiam
1643 1210 114 65 quam
1714 1210 100 65 sit
1771 1210 185 65 quicumque
1914 1210 100 65 ha-

201 1267 156 56 bitus
305 1267 260 56 intellectus
513 1267 104 56 in
564 1267 191 56 patria.
703 1267 87 56 &
738 1267 121 56 hoc
807 1267 139 56 quia
894 1267 260 56 persectione
1102 1267 225 56 aequiuoca
1275 1267 243 56 perfectior
1465 1267 121 56 est
1535 1267 191 56 habitus
1673 1267 260 56 intellectus
1881 1267 104 56 in
1916 1267 69 56 pa

194 1318 133 60 tria
277 1318 133 60 quam
360 1318 100 60 in
410 1318 133 60 via:
493 1318 183 60 vniuoce
626 1318 149 60 autem
726 1318 232 60 persectior
908 1318 116 60 est
975 1318 183 60 habitus
1107 1318 232 60 voluntatis
1290 1318 100 60 in
1340 1318 166 60 patria
1456 1318 133 60 quam
1539 1318 100 60 in
1589 1318 133 60 via:
1672 1318 100 60 eo
1721 1318 133 60 quod
1804 1318 133 60 idem
1871 1318 116 60 habi-

200 1376 122 60 tus
269 1376 174 60 numero
391 1376 243 60 voluntatis
582 1376 122 60 qui
652 1376 122 60 est
721 1376 104 60 in
773 1376 122 60 via
843 1376 139 60 erit
930 1376 104 60 in
982 1376 191 60 patria,
1121 1376 156 60 licet
1225 1376 278 60 augmentatus:
1451 1376 139 60 quia
1538 1376 209 60 charitas
1695 1376 191 60 nunquam
1816 1376 174 60 excidit.

197 1426 174 63 Habitus
324 1426 142 63 autem
419 1426 237 63 intellectus
609 1426 190 63 mutatur,
751 1426 127 63 quia
830 1426 142 63 fides
925 1426 158 63 omnino
1036 1426 206 63 euacuatur
1194 1426 222 63 adueniente
1369 1426 190 63 visione:
1511 1426 190 63 secundum
1654 1426 174 63 Aposto.
1780 1426 158 63 primae
1875 1426 111 63 Cori.

202 1481 130 63 xiii.
288 1481 187 63 Sequitur.
432 1481 86 63 Et
475 1481 115 63 quia
548 1481 173 63 voluntas
677 1481 144 63 fertur
778 1481 187 63 finaliter
922 1481 86 63 in
966 1481 231 63 perfectionem
1153 1481 216 63 intellectus
1326 1481 173 63 secundum
1456 1481 115 63 quod
1528 1481 86 63 in
1571 1481 130 63 illam
1657 1481 144 63 tendit
1758 1481 101 63 non
1816 1481 159 63 sistens
1931 1481 86 63 in

199 1541 168 62 propria
321 1541 229 62 perfectione
504 1541 107 62 sua
565 1541 122 62 quam
641 1541 137 62 habet
733 1541 92 62 ex
779 1541 168 62 obiecto
901 1541 122 62 suo,
977 1541 107 62 pro
1038 1541 137 62 tanto
1130 1541 168 62 dicitur
1252 1541 137 62 ferri
1344 1541 92 62 in
1390 1541 107 62 rem
1451 1541 153 62 extra.
1558 1541 229 62 intellectus
1741 1541 137 62 autem
1832 1541 137 62 solum
1909 1541 76 62 fer

203 1591 106 61 tur
264 1591 91 61 in
309 1591 243 61 perfectionem
507 1591 122 61 quam
583 1591 137 61 habet
674 1591 91 61 ab
719 1591 167 61 obiecto
841 1591 182 61 proprio.
977 1591 182 61 Dicendum
1114 1591 122 61 quod
1190 1591 106 61 hoc
1251 1591 137 61 totum
1342 1591 152 61 falsum
1448 1591 122 61 est.
1524 1591 182 61 secundum
1661 1591 122 61 quod
1737 1591 152 61 litera
1843 1591 152 61 iacet:
1934 1591 46 61 &

204 1645 202 64 contrarium
362 1645 217 64 simplicitur
536 1645 130 64 verum
622 1645 116 64 est:
695 1645 116 64 quia
767 1645 217 64 intellectus
940 1645 144 64 tendit
1041 1645 188 64 finalitur
1186 1645 87 64 in
1229 1645 231 64 perfectionem
1417 1645 202 64 voluntatis
1576 1645 101 64 non
1633 1645 159 64 sistens
1749 1645 87 64 in
1792 1645 116 64 sua,
1850 1645 130 64 propria

198 1702 238 64 perfectione
389 1702 127 64 quam
468 1702 143 64 habet
564 1702 95 64 ex
611 1702 175 64 obiecto
738 1702 127 64 suo:
818 1702 79 64 &
850 1702 111 64 pro
913 1702 143 64 tanto
1009 1702 238 64 intellectus
1199 1702 159 64 tendit
1311 1702 207 64 finaliter
1469 1702 95 64 in
1517 1702 111 64 rem
1581 1702 159 64 extra,
1692 1702 95 64 vt
1740 1702 111 64 est
1803 1702 127 64 res:
1867 1702 111 64 volun

191 1756 109 58 tas
254 1756 140 58 autem
347 1756 140 58 solum
440 1756 156 58 fertur
549 1756 109 58 per
612 1756 93 58 se
658 1756 93 58 in
705 1756 249 58 perfectionem
907 1756 124 58 quam
985 1756 140 58 habet
1078 1756 93 58 ab
1125 1756 171 58 obiecto
1250 1756 187 58 proprio,
1390 1756 93 58 vt
1436 1756 109 58 est
1499 1756 124 58 res.
1576 1756 78 58 &
1608 1756 93 58 si
1654 1756 156 58 aliquo
1763 1756 124 58 modo
1825 1756 156 58 intendit

207 1814 225 62 perfectionem
389 1814 225 62 intellectus,
572 1814 126 62 illam
656 1814 168 62 intendit
783 1814 126 62 solum
867 1814 84 62 vt
909 1814 98 62 est
965 1814 140 62 ratio,
1063 1814 70 62 &
1091 1814 98 62 hoc
1148 1814 98 62 per
1204 1814 154 62 accidem
1316 1814 168 62 scilicet
1442 1814 84 62 vt
1485 1814 98 62 eam
1541 1814 126 62 ducat
1625 1814 84 62 in
1667 1814 112 62 suam
1737 1814 225 62 perfectionem
1906 1814 70 62 pro

197 1868 155 62 priam.
305 1868 201 62 Sequitur.
460 1868 93 62 Vt
506 1868 170 62 similis
630 1868 108 62 sit
692 1868 217 62 comparatio
863 1868 232 62 intellectus
1049 1868 77 62 &
1080 1868 217 62 voluntaris
1250 1868 201 62 referendo
1405 1868 124 62 ipsa
1482 1868 93 62 ad
1529 1868 186 62 obiecta,
1668 1868 170 62 propria
1792 1868 155 62 tantum
1901 1868 108 62 quo

196 1919 96 61 ad
244 1919 144 61 modum
340 1919 176 61 essendi
469 1919 112 61 in,
533 1919 241 61 obiectorum:
725 1919 128 61 quia
805 1919 144 61 sicut
902 1919 241 61 intellectum
1094 1919 112 61 est
1158 1919 96 61 in
1206 1919 257 61 intelligente
1415 1919 112 61 non
1479 1919 112 61 per
1543 1919 176 61 speciem
1671 1919 225 61 impressam,
1848 1919 112 61 sed
1896 1919 80 61 per

192 1969 137 66 actum
283 1969 107 66 quo
344 1969 244 66 intelligitur
542 1969 107 66 qui
603 1969 107 66 est
664 1969 91 66 in
710 1969 259 66 intelligente:
923 1969 107 66 ita
984 1969 168 66 volitum
1106 1969 107 66 est
1167 1969 91 66 in
1212 1969 168 66 volente
1334 1969 107 66 per
1395 1969 137 66 actum
1486 1969 168 66 volendi
1608 1969 107 66 quo
1669 1969 183 66 voluntas
1806 1969 122 66 vult
1882 1969 137 66 ipsum

192 2022 124 71 qui
263 2022 124 71 est
334 2022 107 71 in
388 2022 142 71 ipso
476 2022 213 71 volente,
636 2022 124 71 per
707 2022 142 71 quem
796 2022 213 71 voluntas
956 2022 213 71 existens
1115 2022 107 71 in
1169 2022 142 71 actu
1257 2022 160 71 habet
1364 2022 124 71 vim
1435 2022 195 71 mouendi
1577 2022 160 71 alias
1683 2022 178 71 vires.
1790 2022 195 71 Dicendum,

198 2078 131 68 quod
280 2078 115 68 hoc
345 2078 148 68 totum
444 2078 115 68 est
509 2078 180 68 falsum:
640 2078 131 68 quia
722 2078 164 68 omnino
837 2078 115 68 est
903 2078 230 68 dissimilis
1083 2078 230 68 comparatio
1263 2078 246 68 intellectus
1460 2078 82 68 &
1493 2078 230 68 voluntatis
1673 2078 213 68 referendo
1837 2078 131 68 ipsa
1919 2078 98 68 ad

193 2128 179 67 obiecta
323 2128 179 67 propria
453 2128 163 67 tantum
567 2128 114 67 quo
632 2128 98 67 ad
680 2128 146 67 modum
778 2128 179 67 essendi
908 2128 114 67 in,
973 2128 130 67 quia
1054 2128 244 67 intellectum
1249 2128 98 67 vt
1298 2128 244 67 intellectum
1493 2128 244 67 simpliciter
1688 2128 130 67 esse
1770 2128 146 67 habet
1867 2128 98 67 in
1916 2128 98 67 in

198 2181 244 62 telligente
389 2181 87 62 &
424 2181 122 62 non
494 2181 139 62 nisi
581 2181 105 62 in
633 2181 296 62 intelligente,
877 2181 105 62 vt
929 2181 105 62 in
982 2181 139 62 illo
1069 2181 139 62 quem
1156 2181 227 62 informat:
1330 2181 192 62 volitum
1470 2181 157 62 autem
1574 2181 105 62 vt
1626 2181 192 62 volitum
1766 2181 157 62 nullo
1870 2181 139 62 modo

190 2231 149 63 habet
290 2231 132 63 esse
373 2231 99 63 in
422 2231 199 63 volente:
571 2231 116 63 sed
637 2231 166 63 potius
753 2231 215 63 econuerso
919 2231 166 63 volens
1035 2231 99 63 in
1084 2231 182 63 volito,
1217 2231 99 63 vt
1266 2231 99 63 in
1316 2231 99 63 eo
1366 2231 99 63 in
1415 2231 132 63 quod
1498 2231 298 63 transformatur.
1746 2231 132 63 Quid
1829 2231 149 63 autem
1912 2231 66 63 se

191 2293 189 65 quitur.
328 2293 154 65 Sicut
431 2293 257 65 intellectum
637 2293 120 65 est
706 2293 103 65 in
757 2293 274 65 intelligente
980 2293 120 65 &c.
1049 2293 223 65 Similiter
1220 2293 172 65 falsum
1340 2293 137 65 est.
1426 2293 189 65 Quoniam
1563 2293 172 65 duplex
1683 2293 120 65 est
1752 2293 172 65 actus,
1872 2293 137 65 qui-

195 2350 117 62 dam
262 2350 117 62 qui
329 2350 117 62 est
395 2350 183 62 factio,
529 2350 117 62 qui
595 2350 117 62 non
662 2350 117 62 est
729 2350 100 62 in
779 2350 200 62 faciente
929 2350 117 62 sed
995 2350 100 62 in
1045 2350 100 62 re
1096 2350 150 62 extra
1196 2350 133 62 quae
1279 2350 117 62 est
1346 2350 167 62 facta,
1462 2350 100 62 vt
1512 2350 250 62 illuminatio
1712 2350 83 62 a
1746 2350 133 62 sole
1829 2350 100 62 in
1862 2350 117 62 illu-

195 2397 167 65 minato
312 2397 134 65 est.
396 2397 150 65 Alius
496 2397 117 65 est
563 2397 150 65 actus
663 2397 117 65 qui
730 2397 117 65 est
797 2397 217 65 operatio,
964 2397 117 65 qui
1031 2397 117 65 non
1098 2397 117 65 est
1164 2397 134 65 nisi
1248 2397 100 65 in
1298 2397 200 65 operante
1448 2397 100 65 vt
1498 2397 100 65 in
1549 2397 217 65 subiecto:
1716 2397 117 65 sed
1783 2397 134 65 alio
1866 2397 84 65 &
1883 2397 100 65 alio

197 2453 141 64 modo
285 2453 106 64 in
338 2453 282 64 intellectiua
567 2453 106 64 vi
620 2453 88 64 &
655 2453 106 64 in
708 2453 229 64 volitiua:
884 2453 141 64 quia
972 2453 211 64 operatio
1130 2453 282 64 intellectiua
1359 2453 158 64 habet
1465 2453 141 64 esse
1553 2453 106 64 in
1605 2453 246 64 intellectu
1799 2453 176 64 quoquo
1905 2453 70 64 mo

192 2505 105 65 do
245 2505 105 65 ab
298 2505 140 65 ipso
385 2505 210 65 obiecto,
543 2505 88 65 &
578 2505 175 65 sistit
701 2505 105 65 in
754 2505 140 65 ipso
841 2505 193 65 obiecto
982 2505 105 65 vt
1034 2505 123 65 quo
1104 2505 263 65 perficitur.
1315 2505 105 65 Et
1367 2505 140 65 quia
1455 2505 140 65 iste
1543 2505 158 65 actus
1648 2505 140 65 siue
1736 2505 210 65 operatio
1893 2505 123 65 ha-

190 2562 125 64 bet
262 2562 143 64 esse
351 2562 108 64 in
405 2562 251 64 intellectu
602 2562 108 64 ab
656 2562 197 64 obiecto
799 2562 125 64 per
871 2562 161 64 ipsum
979 2562 233 64 obiectum,
1158 2562 179 64 quoquo
1283 2562 143 64 modo
1373 2562 161 64 habet
1480 2562 143 64 esse
1570 2562 108 64 in
1624 2562 143 64 ipso
1713 2562 251 64 intellectu
1892 2562 90 64 ip-

191 2614 126 60 sum
263 2614 234 60 obiectum.
443 2614 216 60 Operatio
606 2614 144 60 vero
696 2614 216 60 volitiua
858 2614 162 60 habet
966 2614 144 60 esse
1056 2614 108 60 in
1111 2614 198 60 volente
1255 2614 162 60 nullo
1363 2614 144 60 modo
1453 2614 108 60 ab
1507 2614 144 60 ipso
1597 2614 198 60 obiecto
1742 2614 198 60 volito,
1868 2614 108 60 nisi

192 2661 168 64 sicut
304 2661 149 64 sine
397 2661 130 64 quo
472 2661 149 64 non:
565 2661 186 64 fertur
696 2661 168 64 autem
808 2661 130 64 per
882 2661 168 64 ipsum
994 2661 168 64 actum
1106 2661 205 64 volendi
1255 2661 112 64 in
1311 2661 242 64 obiectum,
1497 2661 112 64 vt
1553 2661 112 64 in
1609 2661 149 64 quod
1684 2661 298 64 transformatur.

195 2717 104 66 Et
247 2717 139 66 quia
334 2717 139 66 iste
420 2717 156 66 actus
525 2717 139 66 siue
612 2717 208 66 operatio
768 2717 122 66 non
837 2717 156 66 habet
942 2717 139 66 esse
1029 2717 104 66 in
1081 2717 226 66 voluntate
1254 2717 104 66 ab
1306 2717 139 66 ipso
1393 2717 208 66 obiecto,
1550 2717 122 66 sed
1619 2717 174 66 potius
1741 2717 87 66 a
1776 2717 174 66 seipso
1880 2717 104 66 solo

190 2777 164 73 nullo
299 2777 146 73 modo
391 2777 128 73 per
464 2777 164 73 ipsum
573 2777 164 73 actum
683 2777 201 73 volendi
829 2777 164 73 habet
938 2777 146 73 esse
1030 2777 201 73 volitum
1176 2777 110 73 in
1230 2777 219 73 volente.
1395 2777 91 73 &
1431 2777 128 73 sic
1504 2777 183 73 omnino
1632 2777 128 73 est
1705 2777 256 73 dissimile.
1888 2777 91 73 Se-

196 2836 203 64 quitur.
343 2836 111 64 Et
398 2836 148 64 haec
491 2836 295 64 conuenienter
731 2836 314 64 intelliguntur
989 2836 111 64 in
1044 2836 184 64 simili
1173 2836 203 64 quodam.
1321 2836 240 64 Supposito
1505 2836 148 64 enim
1598 2836 148 64 motu
1690 2836 184 64 locali
1819 2836 184 64 cordis
1930 2836 55 64 a

194 2883 240 70 generante
378 2883 129 70 qui
452 2883 129 70 est
525 2883 184 70 primus
654 2883 166 70 motus
765 2883 111 70 ex
820 2883 111 70 se
875 2883 111 70 in
931 2883 221 70 animali,
1097 2883 166 70 sicut
1207 2883 111 70 in
1262 2883 147 70 toto
1354 2883 166 70 mundo
1465 2883 166 70 motus
1576 2883 184 70 caeli,
1705 2883 129 70 vis
1778 2883 184 70 motiua
1907 2883 111 70 in

190 2946 168 59 corde
303 2946 112 59 ad
359 2946 337 59 apprehensionem
639 2946 187 59 sensus
770 2946 168 59 habet
883 2946 225 59 virtutem
1051 2946 112 59 vt
1107 2946 112 59 ex
1164 2946 112 59 ea
1220 2946 225 59 sequatur
1388 2946 168 59 motus
1500 2946 112 59 in
1557 2946 299 59 quibuscunque
1800 2946 168 59 aliis
1893 2946 94 59 par

198 2995 168 63 tibus
310 2995 243 63 corporis:
497 2995 131 63 qui
572 2995 336 63 diuersificatur
852 2995 224 63 secundum
1020 2995 299 63 diuersitatem
1262 2995 336 63 apprehensionis
1542 2995 93 63 &
1579 2995 299 63 alterationis
1822 2995 168 63 primo
1915 2995 75 63 fa

191 3042 139 63 ctae
278 3042 105 63 in
330 3042 174 63 corde.
452 3042 122 63 Sic
522 3042 139 63 enim
609 3042 105 63 ad
661 3042 314 63 apprehensionem
923 3042 279 63 delectabilis
1149 3042 122 63 cor
1219 3042 192 63 mouetur
1358 3042 105 63 ad
1411 3042 209 63 pudenda:
1568 3042 209 63 secundum
1725 3042 139 63 quod
1812 3042 139 63 haec
1881 3042 105 63 pla-

185 3102 112 63 ne
241 3102 244 63 traduntur
429 3102 112 63 ab
485 3102 262 63 Aristotele
691 3102 112 63 de
747 3102 169 63 causa
860 3102 169 63 motus
972 3102 94 63 &
1010 3102 281 63 progressuum
1235 3102 262 63 animalium:
1441 3102 94 63 &
1478 3102 112 63 in
1534 3102 187 63 tertio
1665 3102 112 63 de
1722 3102 169 63 anima
1834 3102 150 63 cap.
1909 3102 75 63 de

191 3160 227 57 mouente.
361 3160 227 57 Dicendum
531 3160 151 57 quod
626 3160 189 57 simile
758 3160 132 57 hoc
833 3160 151 57 quod
928 3160 113 57 de
985 3160 170 57 corde
1098 3160 227 57 inducunt
1268 3160 132 57 pro
1344 3160 132 57 se,
1419 3160 113 57 ab
1476 3160 151 57 illa
1570 3160 189 57 parte:
1703 3160 132 57 Vis
1778 3160 189 57 motiua
1910 3160 113 57 in

198 3215 173 72 corde
313 3215 96 72 &
352 3215 231 72 caetera,
525 3215 192 72 multum
659 3215 173 72 facit
775 3215 135 72 pro
852 3215 192 72 nobis:
986 3215 135 72 pro
1063 3215 173 72 parte
1178 3215 154 72 eius
1275 3215 288 72 praecedente
1505 3215 115 72 in
1563 3215 135 72 qua
1640 3215 192 72 nullam
1755 3215 231 72 perpendunt
