2455 3743
451 255 111 99 cum
515 255 175 99 effectu
642 255 143 99 tamen
737 255 111 99 pro
801 255 127 99 illo
880 255 207 99 instanti,
1039 255 111 99 sed
1103 255 111 99 pro
1167 255 127 99 toto
1246 255 175 99 tempore
1373 255 254 99 praecedente.
1580 255 95 99 Et
1628 255 95 99 in
1676 255 127 99 illo
1755 255 191 99 instanti
1898 255 95 99 in
1946 255 111 99 quo
2009 255 191 99 voluntas
2137 255 111 99 vult.

456 342 231 59 oppositum,
638 342 231 59 obliquatur
820 342 165 59 ratio,
935 342 132 59 etsi
1018 342 116 59 non
1084 342 215 59 totaliter
1249 342 248 59 excaecatur.
1447 342 132 59 Quod
1530 342 198 59 arguitur
1678 342 165 59 contra
1794 342 132 59 hoc,
1876 342 132 59 quod
1959 342 132 59 tunc
2041 342 198 59 secundum
2173 342 83 59 po-

459 395 197 70 sitionem
607 395 132 70 stat
689 395 148 70 ratio
788 395 99 70 in
837 395 165 70 apice:
952 395 197 70 Dicendum
1100 395 132 70 quod
1183 395 165 70 falsum
1298 395 132 70 est:
1380 395 115 70 sed
1446 395 115 70 pro
1512 395 132 70 toto
1594 395 181 70 tempore
1725 395 263 70 praecedenti.
1939 395 247 70 Impossibile
2137 395 115 70 est
2186 395 66 70 au

465 450 120 58 tem
534 450 258 58 simpliciter
740 450 275 58 corruptibile
964 450 138 58 poni
1050 450 138 58 esse
1136 450 103 58 in
1187 450 172 58 vltimo
1308 450 206 58 instanti
1463 450 138 58 suae
1549 450 292 58 corruptionis,
1789 450 120 58 sed
1858 450 224 58 solummodo
2030 450 103 58 in
2082 450 138 58 illo
2168 450 120 58 non

464 508 130 60 esse
545 508 163 60 habet.
659 508 114 60 Est
724 508 163 60 igitur
838 508 196 60 sciendum
985 508 130 60 quod
1067 508 179 60 aliquid
1197 508 114 60 est
1262 508 212 60 possibile
1425 508 261 60 simpliciter,
1637 508 98 60 vt
1686 508 196 60 rationem
1832 508 228 60 existentem
2012 508 98 60 in
2060 508 147 60 apice
2142 508 114 60 recti

469 567 187 58 tudinis
605 567 102 58 in
656 567 238 58 intellectu
843 567 170 58 humano
963 567 204 58 viatoris
1116 567 238 58 obliquari:
1303 567 119 58 est
1371 567 153 58 tamen
1473 567 170 58 alteri
1592 567 323 58 incompossibile:
1865 567 102 58 vt
1916 567 204 58 scilicet
2052 567 204 58 obliquetur

469 613 102 58 in
520 613 153 58 eodem
622 613 204 58 instanti
775 613 102 58 in
826 613 119 58 quo
894 613 153 58 stat:
996 613 119 58 sed
1064 613 119 58 est
1132 613 255 58 simpliciter
1336 613 238 58 possibile,
1523 613 136 58 quia
1608 613 119 58 non
1676 613 187 58 transit
1812 613 102 58 in
1863 613 187 58 instans
1999 613 102 58 in
2050 613 119 58 quo
2118 613 119 58 non
2169 613 85 58 pos

460 669 119 66 sit
528 669 221 66 obliquari
698 669 254 66 rectitudine
901 669 254 66 praecedente
1105 669 102 66 in
1155 669 136 66 toto
1240 669 187 66 tempore
1376 669 271 66 praecedenti.
1596 669 119 66 Est
1664 669 153 66 autem
1766 669 187 66 aliquid
1902 669 237 66 ipossibile
2071 669 187 66 simplici-

463 721 121 60 ter,
539 721 91 60 vt
584 721 151 60 apicem
690 721 242 60 rectitudinis
886 721 166 60 hominis
1007 721 136 60 beati
1098 721 136 60 posse
1189 721 212 60 obliquari,
1355 721 106 60 non
1416 721 136 60 tamen
1507 721 106 60 est
1567 721 272 60 incompossibile
1794 721 151 60 alicui
1900 721 151 60 alteri
2006 721 91 60 si
2051 721 212 60 obliquetur
2202 721 61 60 ma

456 774 155 58 nente
559 774 103 58 in
611 774 155 58 apice
714 774 275 58 rectitudinis
938 774 241 58 intellectu
1127 774 189 58 diuino.
1265 774 120 58 Est
1334 774 172 58 tertio
1454 774 189 58 aliquid
1592 774 258 58 simpliciter
1798 774 258 58 impossibile
2005 774 86 58 &
2039 774 120 58 alt
2108 774 120 58 eri
2177 774 120 58 in-

460 826 295 65 compossibile,
703 826 104 65 vt
755 826 174 65 apicem
877 826 278 65 rectitudinis
1102 826 156 65 beati
1207 826 156 65 posse
1311 826 226 65 obliquari
1485 826 104 65 in
1537 826 156 65 eodem
1641 826 208 65 instanti
1797 826 104 65 in
1849 826 122 65 quo
1919 826 156 65 stat.
2023 826 87 65 &
2058 826 139 65 tali
2145 826 139 65 modo

460 885 210 57 opponens
617 885 157 57 putat
721 885 262 57 impossibile
931 885 140 57 esse
1018 885 140 57 quod
1106 885 244 57 intellectu
1298 885 192 57 manente
1437 885 105 57 in
1490 885 157 57 apice
1594 885 279 57 rectitudinis
1821 885 210 57 voluntas
1979 885 175 57 possit
2101 885 105 57 in
2136 885 122 57 oppo-

465 934 152 57 situm
566 934 118 57 cum
634 934 203 57 effectu:
786 934 135 57 quia
871 934 101 57 si
921 934 253 57 intellectus
1124 934 270 57 determinaret
1344 934 253 57 voluntatem,
1546 934 118 57 non
1614 934 152 57 solum
1715 934 152 57 esset
1817 934 304 57 incompossibile
2053 934 203 57 voluntatem

465 988 149 72 posse
565 988 100 72 in
615 988 216 72 oppositum
781 988 100 72 in
831 988 133 72 illo
914 988 199 72 instanti
1063 988 100 72 in
1113 988 116 72 quo
1179 988 133 72 stat
1262 988 232 72 rectitudo:
1445 988 133 72 immo
1528 988 149 72 esset
1627 988 166 72 omnino
1743 988 199 72 secundum
1893 988 100 72 se
1943 988 266 72 impossibile:
2158 988 133 72 quid

460 1048 117 62 est
527 1048 117 62 fal
594 1048 134 62 sum.
678 1048 101 62 Et
729 1048 117 62 sic
796 1048 134 62 quod
880 1048 201 62 voluntas
1031 1048 117 62 non
1098 1048 168 62 potest
1215 1048 101 62 in
1266 1048 218 62 oppositum
1434 1048 117 62 cum
1501 1048 218 62 effectum,
1669 1048 117 62 non
1736 1048 117 62 est
1803 1048 185 62 propter
1937 1048 185 62 aliquam
2055 1048 201 62 impossibi-

464 1096 215 62 litatem,
625 1096 125 62 sed
697 1096 197 62 propter
840 1096 161 62 solam
948 1096 430 62 incompossibilitatem:
1324 1096 90 62 &
1360 1096 125 62 hoc
1432 1096 125 62 non
1503 1096 125 62 per
1575 1096 125 62 se,
1647 1096 125 62 sed
1718 1096 233 62 solummodo
1898 1096 125 62 per
1969 1096 233 62 accidens.
2131 1096 125 62 Volum

467 1156 118 59 tas
535 1156 135 59 enim
619 1156 185 59 quantum
754 1156 118 59 est
821 1156 101 59 ex
872 1156 101 59 se
922 1156 84 59 &
956 1156 101 59 ex
1007 1156 135 59 actu
1091 1156 118 59 suo
1158 1156 135 59 sine
1243 1156 135 59 omni
1327 1156 371 59 incompossibilitate
1647 1156 118 59 per
1715 1156 101 59 se
1765 1156 152 59 dicta
1866 1156 169 59 potest
1984 1156 118 59 cum
2052 1156 185 59 effectu
2187 1156 101 59 in

462 1210 240 64 oppositum,
650 1210 137 64 stan
736 1210 103 64 te
788 1210 154 64 apice
890 1210 274 64 rectitudinis
1113 1210 274 64 intellectus:
1336 1210 137 64 quia
1422 1210 103 64 ex
1473 1210 103 64 se
1525 1210 137 64 sunt
1611 1210 223 64 solummodo
1782 1210 240 64 disparata,
1971 1210 120 64 non
2039 1210 154 64 autem
2125 1210 120 64 repu-

477 1259 186 62 gnantia
612 1259 169 62 aliqua
731 1259 254 62 oppositione
934 1259 135 62 quin
1018 1259 186 62 possint
1154 1259 135 62 esse
1238 1259 152 62 simul
1340 1259 101 62 in
1390 1259 152 62 eodem
1492 1259 220 62 instanti,
1661 1259 152 62 sicut
1763 1259 186 62 currere
1898 1259 101 62 in
1949 1259 152 62 forte
2050 1259 85 62 &
2084 1259 152 62 stare
2185 1259 101 62 in

470 1312 208 63 Platone.
625 1312 138 63 Quia
712 1312 156 63 autem
816 1312 156 63 velle
919 1312 225 63 oppositum
1092 1312 121 63 cum
1161 1312 190 63 effectu
1300 1312 242 63 necessario
1490 1312 156 63 ponit
1594 1312 294 63 obliquationem
1836 1312 208 63 rationis
1992 1312 138 63 quae
2078 1312 121 63 per
2147 1312 104 63 se
2182 1312 69 63 op

464 1374 192 60 ponitur
603 1374 157 60 apici
707 1374 296 60 rectitudinis,
951 1374 192 60 idcirco
1091 1374 122 60 per
1160 1374 157 60 illam
1265 1374 296 60 obliquationem
1509 1374 87 60 &
1544 1374 122 60 ita
1613 1374 122 60 per
1683 1374 209 60 accidens
1840 1374 226 60 contingit
2014 1374 139 60 quod
2084 1374 174 60 voluntas

467 1423 96 62 in
515 1423 129 62 illo
596 1423 193 62 instanti
740 1423 113 62 non
804 1423 161 62 possit
917 1423 96 62 in
965 1423 225 62 oppositum:
1142 1423 113 62 sed
1206 1423 113 62 per
1271 1423 96 62 se
1319 1423 80 62 &
1351 1423 241 62 simpliciter
1544 1423 177 62 potest,
1672 1423 113 62 ita
1737 1423 129 62 quod
1817 1423 113 62 cum
1881 1423 241 62 naturaliter
2074 1423 145 62 velle
2155 1423 96 62 oppo

461 1475 157 62 situm
565 1475 227 62 praecedat
740 1475 297 62 obliquationem
984 1475 157 62 sicut
1088 1475 157 62 causa
1193 1475 227 62 effectum,
1368 1475 157 62 licet
1472 1475 140 62 ambo
1559 1475 140 62 sint
1647 1475 157 62 simul
1751 1475 87 62 &
1786 1475 105 62 in
1838 1475 157 62 eodem
1943 1475 209 62 instanti
2083 1475 174 62 secundum

470 1529 136 55 rem,
555 1529 85 55 &
589 1529 136 55 apex
675 1529 273 55 rectitudinis
896 1529 239 55 nequaquam,
1084 1529 119 55 sed
1152 1529 222 55 solummodo
1323 1529 239 55 praecessit
1510 1529 102 55 in
1562 1529 188 55 tempore
1698 1529 273 55 praecedente,
1920 1529 119 55 cum
1988 1529 102 55 in
2039 1529 154 55 signo
2125 1529 136 55 poste-

460 1581 152 62 riore
562 1581 169 62 habeat
680 1581 135 62 esse
764 1581 85 62 &
798 1581 152 62 fieri
900 1581 135 62 illa
984 1581 254 62 obliquatio:
1187 1581 85 62 &
1221 1581 101 62 in
1272 1581 152 62 signo
1373 1581 169 62 priore
1491 1581 152 62 actus
1593 1581 186 62 volendi
1728 1581 237 62 oppositum,
1914 1581 152 62 sicut
2015 1581 203 62 secundum
2168 1581 135 62 natu

460 1633 120 67 ram
528 1633 137 67 vnum
614 1633 223 67 praecedit
786 1633 206 67 alterum,
940 1633 120 67 ita
1009 1633 154 67 etiam
1112 1633 137 67 quod
1197 1633 103 67 in
1249 1633 154 67 eodem
1352 1633 154 67 signo
1455 1633 137 67 sunt
1541 1633 257 67 naturaliter
1746 1633 137 67 apex
1832 1633 274 67 rectitudinis
2055 1633 86 67 &
2089 1633 154 67 velle
2175 1633 86 67 op-

470 1688 203 67 positum,
623 1688 220 67 inquantum
792 1688 102 67 ex
843 1688 102 67 se
894 1688 119 67 non
962 1688 203 67 repugnat
1114 1688 271 67 naturaliter,
1335 1688 153 67 licet
1436 1688 203 67 secundum
1589 1688 119 67 rem
1657 1688 85 67 &
1691 1688 203 67 effectum
1843 1688 119 67 non
1911 1688 119 67 est
1979 1688 102 67 in
2030 1688 153 67 eodem
2131 1688 153 67 signo

470 1748 130 58 apex
551 1748 260 58 rectitudinis
762 1748 81 58 &
794 1748 146 58 velle
892 1748 227 58 oppositum,
1070 1748 97 58 vt
1119 1748 162 58 dictum
1232 1748 130 58 est.
1313 1748 97 58 Et
1362 1748 114 58 sic
1427 1748 146 58 sicut
1524 1748 97 58 ea
1573 1748 130 58 quae
1654 1748 130 58 sunt
1735 1748 146 58 simul
1832 1748 243 58 simpliciter
2027 1748 97 58 in
2076 1748 146 58 eodem
2173 1748 114 58 in-

466 1792 189 61 stanti,
603 1792 138 61 sunt
689 1792 155 61 tamen
793 1792 103 61 in
844 1792 138 61 alio
930 1792 86 61 &
965 1792 138 61 alio
1051 1792 172 61 signo,
1171 1792 138 61 quia
1257 1792 120 61 non
1326 1792 138 61 sunt
1412 1792 155 61 simul
1515 1792 189 61 natura,
1653 1792 120 61 sed
1722 1792 189 61 ordinem
1859 1792 172 61 habent
1980 1792 206 61 naturae,
2135 1792 120 61 sic
2186 1792 69 61 ea

470 1853 131 61 quae
551 1853 115 61 non
617 1853 131 61 sunt
699 1853 147 61 simul
797 1853 246 61 simpliciter
993 1853 115 61 nec
1059 1853 98 61 in
1108 1853 147 61 eodem
1206 1853 213 61 instanti,
1370 1853 131 61 sunt
1452 1853 147 61 tamen
1550 1853 147 61 simul
1648 1853 98 61 in
1697 1853 147 61 eodem
1796 1853 164 61 signo,
1910 1853 131 61 quia
1992 1853 131 61 sunt
2074 1853 147 61 simul
2172 1853 115 61 na-

473 1900 150 66 tura,
573 1900 83 66 &
606 1900 166 66 nullam
723 1900 166 66 habent
839 1900 216 66 naturarum
1006 1900 283 66 repugnantiam,
1238 1900 116 66 aut
1305 1900 183 66 ordinem
1438 1900 183 66 naturae
1571 1900 150 66 inter
1671 1900 116 66 se,
1737 1900 116 66 ita
1804 1900 133 66 quod
1887 1900 183 66 quantum
2020 1900 116 66 est
2087 1900 100 66 ex
2137 1900 100 66 se
2170 1900 83 66 pos

475 1956 139 56 sent
562 1956 139 56 esse
649 1956 104 56 in
701 1956 157 56 eodem
805 1956 226 56 instanti.
980 1956 139 56 Quod
1067 1956 209 56 arguitur
1223 1956 192 56 vltimo,
1363 1956 139 56 quod
1450 1956 226 56 rectitudo
1624 1956 104 56 in
1676 1956 226 56 voluntate
1850 1956 122 56 non
1920 1956 157 56 ponit
2007 1956 244 56 rectitudinem

476 2010 93 62 in
523 2010 187 62 ratione,
663 2010 140 62 quare
756 2010 109 62 nec
819 2010 218 62 obliquatio
990 2010 280 62 obliquationem:
1223 2010 187 62 Dicendum
1363 2010 124 62 quod
1440 2010 109 62 non
1503 2010 202 62 sequitur:
1658 2010 124 62 quia
1736 2010 187 62 facilius
1876 2010 109 62 est
1938 2010 202 62 destruere
2094 2010 124 62 quam
2156 2010 93 62 con-

470 2064 174 59 struere
597 2064 95 59 eo
644 2064 126 59 quod
723 2064 142 59 plura
818 2064 95 59 ad
865 2064 142 59 illud
960 2064 253 59 requiruntur.
1165 2064 237 59 Quemadmodum
1354 2064 126 59 enim
1433 2064 174 59 videmus
1559 2064 126 59 quod
1638 2064 95 59 ad
1686 2064 111 59 hoc
1749 2064 95 59 vt
1796 2064 189 59 operatio
1938 2064 126 59 quae
2017 2064 111 59 est
2080 2064 158 59 visio,
2175 2064 79 59 sit

480 2119 172 60 perfecta,
612 2119 93 60 duo
665 2119 198 60 requiruinem
824 2119 159 60 scilicet
943 2119 79 60 vt
982 2119 93 60 sit
1035 2119 159 60 obiectum
1154 2119 159 60 perfecte
1273 2119 145 60 mouens:
1379 2119 66 60 &
1406 2119 132 60 virtus
1498 2119 159 60 intenta:
1617 2119 145 60 alterum
1723 2119 119 60 tamen
1802 2119 159 60 sufficit
1921 2119 93 60 per
1974 2119 106 60 suum
2040 2119 159 60 defectum
2159 2119 79 60 vt
2186 2119 66 60 non

469 2172 98 62 sit
525 2172 183 62 perfecta,
666 2172 98 62 sic
722 2172 84 62 ad
764 2172 183 62 perfectam
905 2172 225 62 rectitudinem
1088 2172 211 62 intellectus
1256 2172 98 62 duo
1313 2172 197 62 requirunem
1467 2172 169 62 scilicet
1594 2172 84 62 vt
1636 2172 98 62 sit
1692 2172 169 62 obiectum
1819 2172 127 62 recte
1903 2172 141 62 mouens
2002 2172 70 62 &
2030 2172 211 62 intellectus
2199 2172 84 62 di

470 2221 139 68 recte
562 2221 217 68 intendens:
732 2221 170 68 alterum
856 2221 139 68 tamen
949 2221 186 68 sufficit
1088 2221 93 68 vt
1135 2221 217 68 obliquetur
1305 2221 108 68 per
1367 2221 124 68 suum
1444 2221 201 68 defectum:
1598 2221 77 68 &
1629 2221 124 68 ideo
1707 2221 186 68 voluntas
1846 2221 170 68 obliqua
1970 2221 217 68 retrahendo
2140 2221 108 68 eam
2186 2221 62 68 ip

470 2279 112 56 sam
534 2279 208 56 obliquat:
694 2279 144 56 recta
790 2279 144 56 autem
886 2279 112 56 non
951 2279 112 56 dat
1015 2279 128 56 illa
1095 2279 128 56 duo:
1175 2279 80 56 &
1207 2279 128 56 ideo
1287 2279 112 56 non
1351 2279 112 56 per
1415 2279 96 56 se
1463 2279 240 56 rectificat:
1655 2279 128 56 etsi
1735 2279 176 56 aliquid
1864 2279 160 56 faciat
1976 2279 224 56 retrahendo
2136 2279 112 56 ipsam

471 2330 102 65 ab
522 2330 186 65 obiecto
657 2330 254 65 obliquante,
861 2330 119 65 per
928 2330 135 65 quam
1013 2330 271 65 retractionem
1233 2330 152 65 minus
1335 2330 119 65 est
1402 2330 220 65 obliquata
1572 2330 169 65 saltem
1690 2330 203 65 secundum
1843 2330 169 65 actum:
1961 2330 135 65 quia
2046 2330 203 65 obliquum
2181 2330 68 65 re

474 2385 163 59 cipit
583 2385 163 59 magis
691 2385 91 59 &
727 2385 181 59 minus:
854 2385 181 59 rectum
981 2385 163 59 autem
1090 2385 145 59 non,
1180 2385 145 59 quia
1271 2385 235 59 consistit
1452 2385 109 59 in
1488 2385 163 59 puncto.

807 2433 120 62 Irca
882 2433 179 62 secundum
1016 2433 194 62 arguitur,
1166 2433 120 62 quod
1241 2433 90 62 in
1285 2433 135 62 nulla
1375 2433 209 62 substantia
1539 2433 254 62 intellectuali
1749 2433 149 62 potest
1853 2433 120 62 esse
1928 2433 149 62 virtus
2033 2433 90 62 ad
2063 2433 179 62 contraria.

809 2491 143 71 Primo
904 2491 95 71 ex
952 2491 143 71 parte
1047 2491 238 71 intellectus
1237 2491 127 71 quod
1317 2491 111 71 non
1380 2491 159 71 potest
1491 2491 95 71 in
1539 2491 206 71 contraria
1697 2491 111 71 per
1760 2491 174 71 habitum
1887 2491 174 71 aliquem
2014 2491 127 71 sic.
2093 2491 190 71 quiaquid

813 2552 113 61 per
878 2552 97 61 se
926 2552 81 61 &
959 2552 113 61 per
1023 2552 130 61 suam
1104 2552 178 61 naturam
1234 2552 97 61 ad
1282 2552 178 61 aliquid
1412 2552 146 61 genus
1509 2552 113 61 est
1574 2552 259 61 determinatum
1784 2552 81 61 &
1817 2552 211 61 similiter
1979 2552 97 61 ad
2027 2552 194 61 speciem,
2173 2552 113 61 non

810 2610 159 56 potest
921 2610 127 56 esse
1001 2610 143 56 ratio
1096 2610 286 56 representatiua
1334 2610 270 56 contrariorum:
1557 2610 175 56 habitus
1684 2610 111 56 est
1748 2610 222 56 huiusmodi.
1922 2610 127 56 ergo
2002 2610 111 56 &c.
2065 2610 143 56 Maior
2145 2610 111 56 proba

807 2655 141 62 tur,
895 2655 141 62 quia
984 2655 141 62 omne
1072 2655 141 62 tale
1160 2655 141 62 quid
1248 2655 247 62 potentiale
1442 2655 123 62 est
1512 2655 123 62 non
1583 2655 159 62 natum
1688 2655 123 62 per
1759 2655 106 62 se
1812 2655 176 62 mouere
1935 2655 211 62 virtutem
2076 2655 176 62 actualem

820 2712 101 64 per
877 2712 159 64 aliquid
993 2712 116 64 quod
1066 2712 101 64 est
1124 2712 87 64 in
1167 2712 101 64 se.
1225 2712 116 64 ltem
1297 2712 116 64 quod
1370 2712 116 64 tale
1442 2712 101 64 est
1500 2712 72 64 &
1529 2712 116 64 alia
1601 2712 72 64 a
1630 2712 87 64 se
1674 2712 116 64 quae
1746 2712 116 64 sunt
1819 2712 159 64 eiusdem
1934 2712 159 64 generis
2050 2712 188 64 differunt
2195 2712 87 64 ad

466 2764 140 59 minus
560 2764 109 59 per
622 2764 218 59 contrarias
793 2764 265 59 differentias,
1011 2764 171 59 propter
1136 2764 124 59 quod
1213 2764 109 59 non
1276 2764 156 59 potest
1385 2764 124 59 illa
1462 2764 249 59 praesentare:
1665 2764 140 59 quare
1758 2764 140 59 multo
1851 2764 140 59 minus
1945 2764 109 59 res
2007 2764 171 59 aliorum
2116 2764 140 59 generum

466 2817 172 66 propter
591 2817 172 66 maiorem
716 2817 234 66 distantiam.
903 2817 187 66 Diuersum
1044 2817 125 66 enim
1122 2817 109 66 aut
1184 2817 219 66 contrarium
1356 2817 109 66 non
1419 2817 109 66 est
1481 2817 281 66 praesentatiuum
1715 2817 172 66 diuersi
1840 2817 109 66 aut
1903 2817 219 66 contrarii:
2059 2817 187 66 impossibi-

463 2868 84 64 le
505 2868 112 64 enim
575 2868 98 64 est
631 2868 112 64 quod
702 2868 154 64 aliquid
814 2868 98 64 sit
870 2868 210 64 expressiuum
1038 2868 168 64 alterius
1165 2868 112 64 nisi
1235 2868 140 64 habeat
1333 2868 84 64 in
1375 2868 84 64 se
1417 2868 126 64 omnes
1501 2868 210 64 conditiones
1670 2868 126 64 eius.
1754 2868 126 64 Minor
1838 2868 182 64 scribitur
1978 2868 84 64 in
2006 2868 239 64 praedicamentis.

470 2923 156 55 Secundo
583 2923 113 55 sic.
654 2923 128 55 illud
739 2923 113 55 quid
810 2923 128 55 solum
895 2923 184 55 habilitat
1037 2923 184 55 potentiam
1179 2923 85 55 ad
1222 2923 128 55 actum
1307 2923 99 55 non
1364 2923 99 55 est
1420 2923 128 55 ratio
1505 2923 184 55 elicitiua
1647 2923 142 55 illius
1747 2923 170 55 obiectum
1874 2923 241 55 praesentando.
2073 2923 99 55 Non
2130 2923 113 55 enim
2186 2923 57 55 ha

474 2974 125 55 bitus
557 2974 125 55 artis
641 2974 97 55 est
696 2974 125 55 ratio
780 2974 222 55 intelligendi
960 2974 236 55 artificiatum.
1155 2974 153 55 habitus
1266 2974 97 55 est
1321 2974 194 55 huiusmodi:
1474 2974 111 55 haec
1544 2974 111 55 enim
1613 2974 97 55 est
1669 2974 111 55 eius
1738 2974 153 55 natura.
1849 2974 111 55 ergo
1919 2974 97 55 &c.
1974 2974 111 55 Quia
2044 2974 181 55 similiter
2169 2974 69 55 non

473 3029 139 69 possit
571 3029 84 69 in
612 3029 181 69 contraria
752 3029 98 69 per
807 3029 167 69 speciem,
933 3029 167 69 arguitur
1058 3029 111 69 sic.
1128 3029 111 69 quia
1197 3029 84 69 si
1239 3029 153 69 species
1351 3029 237 69 representaret
1546 3029 181 69 contraria
1685 3029 84 69 vt
1727 3029 153 69 species
1838 3029 167 69 alicuius
1963 3029 195 69 quiditatis
2117 3029 84 69 id
2158 3029 111 69 quid

466 3078 108 71 est
527 3078 215 71 contrarium
696 3078 138 71 illi,
788 3078 138 71 multo
880 3078 138 71 magis
973 3078 246 71 praesentaret
1172 3078 215 71 singularia
1341 3078 108 71 sub
1403 3078 138 71 illa,
1495 3078 77 71 &
1526 3078 246 71 prprietates:
1726 3078 108 71 hoc
1787 3078 138 71 autem
1879 3078 108 71 est
1941 3078 169 71 falsum,
2064 3078 123 71 quia
2140 3078 92 71 ad
2171 3078 77 71 il-

465 3139 102 81 la
516 3139 119 81 non
584 3139 102 81 se
635 3139 204 81 extendit
789 3139 187 81 species
925 3139 221 81 essentiae
1095 3139 204 81 speciei.
1248 3139 136 81 ergo
1333 3139 119 81 &c.
1402 3139 136 81 Quia
1487 3139 204 81 voluntas
1640 3139 119 81 non
1708 3139 170 81 possit
1827 3139 102 81 in
1878 3139 238 81 contraria,
2066 3139 221 81 arguitur:
