2466 3697
140 265 139 76 quia
227 265 104 76 ad
279 265 157 76 talia
383 265 122 76 non
453 265 209 76 extendit
610 265 104 76 se
662 265 174 76 natura
784 265 226 76 elementi:
958 265 139 76 ergo
1045 265 87 76 a
1080 265 174 76 simili
1202 265 122 76 nec
1271 265 226 76 voluntas.
1445 265 139 76 ITem
1532 265 209 76 voluntas
1689 265 174 76 potest
1811 265 104 76 so
1846 265 52 76 A

142 322 117 61 lum
209 322 150 61 exire
309 322 100 61 in
359 322 150 61 actum
459 322 100 61 ad
509 322 250 61 praesentiam
709 322 217 61 alterius:
876 322 150 61 quare
976 322 100 61 ad
1026 322 150 61 nihil
1126 322 167 61 potest
1243 322 100 61 ex
1293 322 117 61 se:
1359 322 150 61 quare
1460 322 150 61 neque
1560 322 100 61 ad
1610 322 233 61 contraria.
1793 322 117 61 OP-
1843 322 50 61 I

144 380 167 67 positum
265 380 183 67 arguitur
402 380 106 67 per
463 380 228 67 Philosopum.
646 380 106 67 ix.
707 380 243 67 Metaphysicae
904 380 106 67 vbi
965 380 122 67 vult
1041 380 122 67 quod
1117 380 198 67 potentiae
1269 380 213 67 rationales
1437 380 152 67 eaedem
1543 380 167 67 possunt
1665 380 91 67 in
1710 380 213 67 contraria:

140 440 151 62 omnis
241 440 235 62 substantia
426 440 302 62 intellectualis
677 440 118 62 est
745 440 252 62 rationalis:
946 440 84 62 &
980 440 101 62 ex
1030 440 151 62 parte
1131 440 269 62 intellectus:
1349 440 84 62 &
1382 440 101 62 ex
1433 440 151 62 parte
1533 440 252 62 voluntatis:
1735 440 134 62 ergo
1802 440 84 62 &c.

164 488 213 55 DIcendum
324 488 142 55 quod
413 488 160 55 posse
520 488 107 55 in
573 488 249 55 contraria:
769 488 178 55 potest
893 488 231 55 intelligi
1071 488 320 55 multipliciter.
1338 488 124 55 Vno
1409 488 142 55 modo
1498 488 107 55 ex
1551 488 160 55 parte
1658 488 249 55 obiectorum

139 543 140 65 quae
227 543 140 65 sunt
315 543 158 65 bonum
420 543 88 65 &
455 543 158 65 malum
560 543 105 65 ex
613 543 158 65 parte
718 543 263 65 voluntatis:
929 543 158 65 verum
1034 543 88 65 &
1069 543 175 65 falsum
1192 543 105 65 ex
1245 543 158 65 parte
1350 543 281 65 intellectus.
1578 543 105 65 Et
1630 543 140 65 quod
1718 543 105 65 in
1753 543 123 65 talia

141 596 219 63 contraria
309 596 101 63 ex
360 596 101 63 se
410 596 168 63 possit
528 596 151 63 omnis
629 596 236 63 substantia
814 596 320 63 intellectualis:
1083 596 168 63 clarum
1201 596 118 63 est
1268 596 84 63 &
1302 596 118 63 per
1369 596 236 63 voluntatem
1554 596 84 63 &
1588 596 118 63 per
1638 596 236 63 intellectum.

140 647 177 64 Potest
264 647 141 64 enim
352 647 141 64 homo
441 647 124 64 per
511 647 247 64 voluntatem
706 647 159 64 velle
812 647 159 64 bonum
918 647 88 64 &
953 647 159 64 velle
1059 647 177 64 malum:
1183 647 159 64 licet
1289 647 124 64 non
1360 647 159 64 malum
1466 647 141 64 nisi
1554 647 124 64 sub
1625 647 247 64 apparentia
1801 647 71 64 bo

141 706 116 56 ni.
208 706 165 56 Potest
323 706 149 56 etiam
422 706 248 56 intellectus
621 706 248 56 intelligere
819 706 149 56 verum
918 706 83 56 &
951 706 165 56 falsum
1067 706 116 56 tam
1133 706 248 56 speculabile
1331 706 132 56 quam
1413 706 231 56 operabile:
1595 706 149 56 licet
1694 706 116 56 non
1744 706 132 56 falsum

143 755 135 57 nisi
228 755 118 57 sub
295 755 236 57 apparentia
481 755 152 57 veri.
582 755 135 57 Alio
667 755 135 57 modo
751 755 270 57 intelligitur
971 755 152 57 posse
1072 755 101 57 in
1123 755 220 57 contraria
1292 755 101 57 ex
1342 755 152 57 parte
1444 755 169 57 actuum
1562 755 152 57 circa
1663 755 186 57 obiecta
1782 755 84 57 com

142 808 186 65 traria:
278 808 102 65 vt
329 808 170 65 fugere
447 808 153 65 malum
549 808 85 65 &
583 808 203 65 consequi
735 808 153 65 bonum
837 808 102 65 ex
888 808 153 65 parte
990 808 254 65 voluntatis:
1193 808 220 65 assentire
1362 808 203 65 veritati
1515 808 85 65 &
1549 808 237 65 dissentire
1718 808 153 65 falsita

145 863 102 63 ti
196 863 102 63 ex
247 863 153 63 parte
349 863 272 63 intellectus.
569 863 102 63 Et
620 863 119 63 hoc
688 863 136 63 modo
773 863 153 63 etiam
875 863 170 63 clarum
994 863 119 63 est
1061 863 136 63 quod
1146 863 187 63 possunt
1282 863 102 63 in
1333 863 238 63 contraria.
1520 863 119 63 Sed
1588 863 119 63 hoc
1655 863 119 63 non
1723 863 119 63 est
1774 863 102 63 vere

140 922 150 66 posse
241 922 100 66 in
291 922 234 66 contraria:
474 922 117 66 sed
541 922 100 66 in
591 922 184 66 actibus
725 922 251 66 substantiae
926 922 301 66 intellectualis
1176 922 117 66 per
1243 922 234 66 voluntatem
1427 922 117 66 aut
1494 922 251 66 intellectum
1694 922 134 66 vere
1761 922 117 66 posse

140 975 105 59 in
193 975 228 59 contraria
369 975 281 59 intelligitur
597 975 105 59 in
650 975 193 59 actibus
790 975 246 59 contrariis
983 975 158 59 circa
1089 975 140 59 idem
1177 975 228 59 obiectum:
1352 975 228 59 cuiusmodi
1528 975 105 59 ex
1580 975 158 59 parte
1668 975 211 59 voluntatis

139 1020 140 58 sunt
227 1020 175 58 fugere
350 1020 88 58 &
385 1020 123 58 non
455 1020 193 58 fugere:
595 1020 210 58 consequi
752 1020 88 58 &
787 1020 123 58 non
857 1020 210 58 consequi
1015 1020 158 58 idem.
1120 1020 228 58 Similiter
1295 1020 105 58 ex
1348 1020 158 58 parte
1453 1020 263 58 intellectus
1663 1020 228 58 assentire
1820 1020 53 58 &

144 1083 123 58 non
215 1083 245 58 assentire:
407 1083 245 58 dissentire
600 1083 88 58 &
635 1083 123 58 non
705 1083 245 58 dissentire
897 1083 175 58 eidem.
1020 1083 123 58 Hoc
1090 1083 140 58 ergo
1178 1083 140 58 modo
1265 1083 280 58 intelligendo
1493 1083 245 58 contraria,
1685 1083 140 58 DIco
1773 1083 140 58 quod

142 1130 146 63 omnis
239 1130 227 63 substantia
418 1130 292 63 intellectualis
661 1130 162 63 potest
775 1130 97 63 in
824 1130 227 63 contraria:
1002 1130 114 63 sed
1067 1130 130 63 sola
1148 1130 227 63 voluntate:
1327 1130 130 63 quia
1408 1130 130 63 ipsa
1489 1130 130 63 sola
1571 1130 162 63 libera
1684 1130 114 63 est
1749 1130 81 63 &
1782 1130 81 63 a
1798 1130 81 63 nul

147 1183 99 63 lo
197 1183 298 63 determinabilis
445 1183 116 63 aut
511 1183 248 63 determinata
709 1183 132 63 nisi
792 1183 83 63 a
825 1183 149 63 summo
924 1183 132 63 bono
1007 1183 281 63 principaliter
1238 1183 248 63 intellecto:
1437 1183 198 63 secundum
1585 1183 132 63 quod
1668 1183 116 63 hoc
1734 1183 99 63 de
1767 1183 116 63 volum

146 1233 136 60 tate
231 1233 153 60 alias
333 1233 272 60 declarauimus
554 1233 289 60 sufficienter.
793 1233 119 60 PER
861 1233 255 60 intellectum
1065 1233 153 60 autem
1167 1233 119 60 non
1235 1233 170 60 potest
1354 1233 102 60 in
1405 1233 238 60 contraria:
1593 1233 136 60 quia
1678 1233 136 60 ipse
1763 1233 119 60 sic
1814 1233 68 60 de

140 1291 246 61 terminatur
334 1291 193 61 quantum
474 1291 123 61 est
545 1291 105 61 ex
598 1291 105 61 se
650 1291 123 61 per
721 1291 158 61 verum
826 1291 123 61 vel
896 1291 211 61 apparens
1055 1291 176 61 verum:
1178 1291 105 61 vt
1230 1291 158 61 nullo
1336 1291 141 61 modo
1424 1291 176 61 possit
1547 1291 105 61 ab
1600 1291 105 61 eo
1652 1291 264 61 dissentire:

143 1342 118 66 sed
211 1342 186 66 necesse
346 1342 118 66 est
414 1342 101 66 ei
464 1342 237 66 assentire.
650 1342 220 66 Similiter
820 1342 118 66 per
887 1342 169 66 falsum
1006 1342 118 66 aut
1073 1342 203 66 apparens
1225 1342 186 66 falsum:
1361 1342 101 66 vt
1411 1342 152 66 nullo
1513 1342 135 66 modo
1598 1342 169 66 possit
1716 1342 101 66 ei
1750 1342 135 66 consen

145 1394 145 66 tire:
242 1394 113 66 sed
306 1394 177 66 necesse
435 1394 113 66 est
499 1394 97 66 ab
547 1394 97 66 eo
596 1394 145 66 ipsum
692 1394 242 66 dissentire:
886 1394 97 66 et
934 1394 97 66 si
982 1394 161 66 aliqua
1095 1394 209 66 quandoque
1256 1394 145 66 adsit
1353 1394 97 66 ei
1401 1394 193 66 facultas
1546 1394 242 66 assentiendi
1739 1394 97 66 ei
1787 1394 129 66 quod

137 1451 137 61 sibi
223 1451 189 61 apparet
360 1451 189 61 falsum:
497 1451 120 61 vel
566 1451 223 61 econuerso
738 1451 275 61 dissentiendi
961 1451 103 61 ei
1012 1451 137 61 quod
1098 1451 137 61 sibi
1184 1451 189 61 apparet
1321 1451 172 61 verum:
1442 1451 120 61 hoc
1510 1451 155 61 solum
1613 1451 172 61 potest
1733 1451 120 61 per
1802 1451 120 61 do-

137 1505 168 63 minium
255 1505 84 63 &
289 1505 235 63 libertatem
473 1505 252 63 voluntatis:
675 1505 118 63 ita
743 1505 135 63 quod
827 1505 202 63 libertas
978 1505 235 63 voluntatis
1163 1505 118 63 non
1230 1505 219 63 dependeat
1398 1505 101 63 ab
1449 1505 269 63 intellectum:
1667 1505 101 63 vt
1718 1505 168 63 aliqui
1819 1505 67 63 vo

135 1552 135 74 lunt
219 1552 185 74 dicere:
354 1552 118 74 sed
421 1552 151 74 magis
522 1552 235 74 econuerso.
707 1552 219 74 Similiter
875 1552 118 74 nec
942 1552 168 74 aliqua
1060 1552 168 74 virium
1178 1552 303 74 appetitiuarum:
1430 1552 135 74 puta
1514 1552 269 74 irascibilis,
1733 1552 118 74 aut
1783 1552 101 74 cen-

137 1607 280 63 cupiscibilis:
367 1607 132 63 siue
450 1607 165 63 fuerit
565 1607 231 63 sensibilis
747 1607 132 63 siue
829 1607 313 63 intellectualis:
1093 1607 132 63 quia
1176 1607 181 63 seipsas
1308 1607 99 63 ad
1357 1607 148 63 actus
1456 1607 132 63 suos
1539 1607 115 63 non
1605 1607 264 63 determinant:
1803 1607 82 63 nec

135 1661 97 65 in
183 1661 178 65 seipsis
312 1661 113 65 est
377 1661 210 65 refrenare
538 1661 258 65 executionem:
748 1661 113 65 sed
813 1661 113 65 est
877 1661 97 65 ex
926 1661 145 65 parte
1023 1661 226 65 voluntatis
1200 1661 97 65 in
1249 1661 178 65 homine:
1378 1661 129 65 quia
1458 1661 113 65 vis
1523 1661 194 65 volitiua
1668 1661 113 65 est
1717 1661 161 65 superior

134 1721 101 55 vi
185 1721 237 55 irascibili
371 1721 85 55 &
405 1721 321 55 concupiscibili:
675 1721 85 55 &
709 1721 101 55 de
760 1721 101 55 se
811 1721 186 55 libera.
946 1721 135 55 QVod
1030 1721 135 55 ergo
1115 1721 203 55 arguitur
1267 1721 135 55 quod
1352 1721 237 55 substantia
1538 1721 304 55 intellectualis
1791 1721 118 55 non

142 1768 170 68 potest
261 1768 102 68 in
312 1768 221 68 contraria
482 1768 119 68 per
550 1768 255 68 intellectum
754 1768 119 68 quo
822 1768 102 68 ad
873 1768 187 68 obiecta
1009 1768 238 68 contraria:
1195 1768 170 68 falsum
1314 1768 119 68 est
1382 1768 136 68 hoc:
1467 1768 153 68 sicut
1569 1768 85 68 &
1603 1768 102 68 de
1654 1768 238 68 voluntate:
1824 1768 51 68 &

134 1818 195 72 secundum
280 1818 114 72 hoc
345 1818 195 72 procedit
492 1818 163 72 vltima
606 1818 163 72 ratio:
720 1818 130 72 quia
801 1818 163 72 aliter
915 1818 146 72 posse
1013 1818 98 72 in
1061 1818 212 72 contraria
1224 1818 130 72 quam
1305 1818 277 72 contrarietate
1533 1818 228 72 obiectorum
1712 1818 114 72 vel
1761 1818 114 72 actum

134 1872 103 63 um
185 1872 155 63 circa
289 1872 155 63 ipsa,
392 1872 120 63 non
461 1872 241 63 intelligit
650 1872 258 63 Philosophus
857 1872 224 63 potentiam
1029 1872 241 63 rationalem
1218 1872 241 63 cognitiuam
1407 1872 155 63 posse
1511 1872 103 63 in
1562 1872 241 63 contraria:
1752 1872 86 63 &
1769 1872 103 63 quod

133 1925 151 65 magis
234 1925 134 65 est:
318 1925 118 65 nec
385 1925 235 65 volitiuam.
570 1925 185 65 Ponebat
704 1925 134 65 enim
788 1925 134 65 (uvt
872 1925 202 65 videtur)
1023 1925 235 65 voluntatem
1208 1925 218 65 inclinari
1376 1925 118 65 per
1443 1925 252 65 intellectum
1645 1925 84 65 &
1662 1925 218 65 necessitari

131 1984 106 61 in
184 1984 159 61 actum
291 1984 142 61 suum
379 1984 124 61 quo
450 1984 106 61 ad
503 1984 159 61 velle
610 1984 89 61 &
645 1984 266 61 executionem
858 1984 195 61 operis:
999 1984 106 61 si
1052 1984 159 61 adsit
1159 1984 230 61 facultas:
1336 1984 142 61 quia
1424 1984 106 61 vt
1478 1984 159 61 dicit
1584 1984 106 61 de
1637 1984 195 61 motibus
1761 1984 124 61 anima

128 2030 162 68 lium:
236 2030 198 68 Quomodo
380 2030 162 68 autem
488 2030 270 68 intellectus
704 2030 234 68 quandoque
884 2030 234 68 operatur,
1064 2030 234 68 quandoque
1244 2030 126 68 non
1316 2030 234 68 operatur:
1496 2030 126 68 aut
1568 2030 162 68 etiam
1676 2030 162 68 mouet
1766 2030 126 68 quamn

135 2088 162 59 doque,
248 2088 211 59 quandoque
410 2088 146 59 autem
508 2088 113 59 non
572 2088 162 59 mouet:
686 2088 178 59 videtur
815 2088 211 59 similiter
977 2088 194 59 accidere
1123 2088 275 59 syllogizanti.
1350 2088 113 59 cum
1415 2088 130 59 enim
1496 2088 130 59 duas
1577 2088 275 59 propositiones
1804 2088 113 59 in-

122 2145 250 54 tellexerit,
322 2145 83 54 &
355 2145 266 54 conclusionem
572 2145 233 54 intellexit
755 2145 83 54 &
788 2145 233 54 composuit.
971 2145 133 54 Haec
1054 2145 150 54 autem
1154 2145 100 54 ex
1204 2145 166 54 duabus
1320 2145 316 54 propositionibus
1587 2145 216 54 conclusio
1753 2145 116 54 fit
1803 2145 83 54 ope

131 2189 155 66 ratio:
240 2189 186 66 secundum
380 2189 124 66 quod
457 2189 140 66 alibi
550 2189 264 66 declarauimus:
768 2189 78 66 &
799 2189 202 66 similiter
954 2189 217 66 ostendimus
1125 2189 124 66 quod
1202 2189 140 66 illud
1295 2189 109 66 non
1357 2189 109 66 est
1419 2189 155 66 verum:
1528 2189 109 66 sic
1590 2189 124 66 enim
1668 2189 109 66 non
1730 2189 124 66 plus
1792 2189 93 66 pos-

127 2244 105 62 set
187 2244 90 62 in
232 2244 181 62 opposita
368 2244 120 62 quam
443 2244 211 62 appetitiua
608 2244 211 62 sensitiua.
774 2244 90 62 Et
819 2244 105 62 est
879 2244 120 62 tota
954 2244 135 62 ratio
1045 2244 135 62 quare
1135 2244 150 62 potest
1240 2244 90 62 in
1285 2244 135 62 vero,
1376 2244 211 62 contraria:
1541 2244 120 62 quia
1616 2244 181 62 scilicet
1752 2244 105 62 est
1797 2244 90 62 sui-

126 2292 166 68 ipsius
243 2292 199 68 volitiua
392 2292 83 68 &
425 2292 100 68 ad
475 2292 199 68 actionem
625 2292 299 68 determinatiua.
874 2292 133 68 QVod
957 2292 150 68 autem
1057 2292 199 68 arguitur
1206 2292 150 68 primo
1306 2292 133 68 quod
1389 2292 116 68 per
1455 2292 183 68 habitum
1588 2292 116 68 non
1655 2292 166 68 potest
1771 2292 150 68 intel
1854 2292 50 68 l

125 2350 177 68 lectus
249 2350 106 68 in
302 2350 247 68 contraria:
497 2350 141 68 quia
585 2350 124 68 est
656 2350 265 68 determinati
868 2350 212 68 generis:
1027 2350 247 68 argumentum
1221 2350 124 68 hoc
1292 2350 88 68 &
1327 2350 141 68 alia
1416 2350 124 68 duo
1486 2350 230 68 sequentia
1663 2350 212 68 quaerunt
1805 2350 88 68 per

130 2403 125 68 quid
209 2403 234 68 intellectus
396 2403 219 68 intelligit
568 2403 109 68 cum
630 2403 109 68 sit
693 2403 156 68 virtus
802 2403 172 68 passiua
927 2403 78 68 &
959 2403 109 68 non
1021 2403 219 68 intelligit
1193 2403 109 68 per
1255 2403 125 68 suam
1334 2403 188 68 speciem.
1474 2403 94 68 Et
1521 2403 188 68 conantur
1662 2403 156 68 aliqui
1755 2403 141 68 convin-

123 2452 126 78 cere
202 2452 126 78 quod
281 2452 111 78 per
345 2452 174 78 species
471 2452 142 78 rerum
566 2452 237 78 intellectui
756 2452 221 78 impressas:
930 2452 95 78 vt
977 2452 142 78 earum
1072 2452 269 78 similitudines
1293 2452 126 78 quae
1372 2452 126 78 sunt
1451 2452 206 78 verissime
1609 2452 237 78 expressiuae
1783 2452 111 78 rerum

129 2507 73 67 &
159 2507 203 67 simillimae
318 2507 116 67 eis,
391 2507 116 67 quod
463 2507 174 67 nituntur
594 2507 160 67 probare
710 2507 261 67 auctoritatibus
928 2507 261 67 philosophorum:
1146 2507 116 67 quia
1219 2507 160 67 dicitur
1335 2507 87 67 in
1378 2507 131 67 libro
1465 2507 87 67 de
1509 2507 160 67 causis:
1625 2507 116 67 quod
1698 2507 131 67 omnis
1770 2507 131 67 intelli

124 2563 154 74 gentia
231 2563 138 74 plena
323 2563 108 74 est
385 2563 169 74 formis,
508 2563 123 74 quod
585 2563 108 74 non
646 2563 169 74 oportet
769 2563 154 74 aliter
877 2563 154 74 exponi
984 2563 123 74 quam
1061 2563 92 74 de
1107 2563 154 74 formis
1215 2563 77 74 &
1246 2563 200 74 essentiis
1399 2563 138 74 rerum
1491 2563 123 74 quae
1568 2563 231 74 intellectui
1737 2563 154 74 intelli-

120 2614 154 74 gentiae
232 2614 252 74 praesentantur:
442 2614 70 74 &
470 2614 112 74 sunt
540 2614 84 74 in
582 2614 112 74 ipso
652 2614 84 74 vt
694 2614 154 74 cognita
806 2614 84 74 in
848 2614 224 74 cognoscente.
1031 2614 98 74 sed
1087 2614 112 74 quia
1157 2614 154 74 seipsis
1269 2614 210 74 praesentari
1437 2614 98 74 non
1493 2614 168 74 praesent
1619 2614 112 74 quia
1689 2614 98 74 non
1731 2614 168 74 subsistunt

123 2667 89 77 in
168 2667 89 77 se
213 2667 134 77 extra
302 2667 209 77 singularia
466 2667 104 77 nec
526 2667 194 77 inhaerent
675 2667 239 77 intellectui:
868 2667 164 77 oportet
988 2667 119 77 quod
1062 2667 253 77 praesententur
1271 2667 104 77 per
1331 2667 164 77 aliquid
1450 2667 194 77 inhaerens
1599 2667 119 77 illi
1673 2667 89 77 si
1703 2667 194 77 naturaliter

123 2722 262 74 praesententur.
342 2722 116 74 Vnde
414 2722 145 74 dicunt
516 2722 116 74 quod
589 2722 247 74 praesentantur
792 2722 102 74 per
850 2722 131 74 rerum
938 2722 174 74 species.
1068 2722 116 74 QVod
1141 2722 131 74 etiam
1228 2722 204 74 confirmant
1388 2722 102 74 per
1446 2722 204 74 Philosopum
1606 2722 102 74 qui
1664 2722 131 74 dicit
1752 2722 145 74 tertio
1839 2722 58 74 de

122 2764 143 94 anima
217 2764 127 94 quod
296 2764 238 94 intellectus
487 2764 111 94 est
550 2764 143 94 locus
645 2764 222 94 specierum:
819 2764 127 94 quid
899 2764 222 94 verissimum
1073 2764 127 94 est:
1152 2764 174 94 sumendo
1279 2764 174 94 species
1406 2764 143 94 sicut
1501 2764 158 94 formas
1612 2764 79 94 &
1643 2764 111 94 pro
1707 2764 174 94 formis.
1818 2764 79 94 Lo-

119 2824 118 70 cus
186 2824 134 70 enim
270 2824 151 70 debet
371 2824 134 70 esse
455 2824 218 70 separatus
623 2824 84 70 a
657 2824 168 70 locato
774 2824 84 70 &
808 2824 235 70 econuerso:
992 2824 84 70 &
1026 2824 185 70 species
1160 2824 235 70 expressae,
1345 2824 218 70 separatae
1513 2824 134 70 sunt
1597 2824 101 70 ab
1647 2824 235 70 intellectu
1832 2824 101 70 in

117 2877 162 64 quantum
235 2877 207 64 huiusmodi,
398 2877 103 64 non
457 2877 103 64 sic
516 2877 133 64 autem
605 2877 162 64 species
723 2877 207 64 inhaerens.
885 2877 118 64 Vnde
959 2877 89 64 de
1003 2877 118 64 esse
1077 2877 133 64 talis
1166 2877 148 64 formae
1269 2877 103 64 vel
1328 2877 162 64 speciei
1446 2877 89 64 in
1491 2877 236 64 intellectum,
1683 2877 133 64 dicit
1756 2877 148 64 expresse

122 2916 240 81 Commentator
314 2916 144 81 supe.
410 2916 112 81 xi.
475 2916 256 81 Metaphysicae
683 2916 176 81 Balneum
811 2916 160 81 duplex
923 2916 144 81 habet
1019 2916 144 81 esse,
1116 2916 128 81 vnum
1196 2916 96 81 in
1244 2916 240 81 intellectu,
1436 2916 176 81 alterum
1564 2916 96 81 in
1612 2916 192 81 materia:
1757 2916 80 81 &
1789 2916 128 81 nisi
1853 2916 64 81 es

108 2979 116 70 set
175 2979 182 70 materia
307 2979 165 70 balnei
423 2979 149 70 verum
522 2979 182 70 balneum
654 2979 149 70 esset
753 2979 99 70 in
803 2979 165 70 anima,
918 2979 83 70 &
951 2979 149 70 esset
1051 2979 149 70 eadem
1150 2979 149 70 forma
1249 2979 231 70 principium
1431 2979 149 70 motus
1530 2979 215 70 desiderii
1695 2979 83 70 &
1728 2979 165 70 finis.
1827 2979 83 70 Con

115 3031 109 73 stat
184 3031 123 73 autem
266 3031 109 73 quod
334 3031 109 73 etsi
402 3031 96 73 ita
457 3031 137 73 esset,
553 3031 109 73 quod
621 3031 123 73 tamen
703 3031 123 73 nullo
785 3031 109 73 modo
853 3031 150 73 balneum
963 3031 82 73 in
1004 3031 123 73 anima
1085 3031 123 73 esset
1167 3031 123 73 forma
1249 3031 96 73 vel
1304 3031 150 73 species
1413 3031 82 73 ei
1454 3031 178 73 impressa:
1591 3031 109 73 quia
1659 3031 109 73 illa
1728 3031 96 73 non
1782 3031 123 73 eadem
1851 3031 68 73 est

103 3088 139 86 forma
195 3088 108 86 cum
257 3088 124 86 illa
335 3088 124 86 quae
412 3088 108 86 est
474 3088 93 86 in
521 3088 155 86 anima.
629 3088 93 86 Et
676 3088 108 86 sic
737 3088 170 86 propter
861 3088 124 86 illa
939 3088 139 86 dicta
1032 3088 108 86 non
1094 3088 170 86 oportet
1218 3088 155 86 ponere
1326 3088 139 86 alias
1419 3088 170 86 species
1543 3088 93 86 in
1589 3088 217 86 intellectu
1760 3088 124 86 quam
1822 3088 108 86 ipsas
