2467 3798
153 338 121 91 non
222 338 208 91 sequitur
378 338 139 91 eam:
465 338 208 91 Dicendum
621 338 139 91 quod
708 338 156 91 verum
812 338 139 91 est:
899 338 104 91 vt
951 338 156 91 causa
1055 338 191 91 propter
1194 338 139 91 quam
1280 338 139 91 sit,
1367 338 208 91 sequitur
1523 338 156 91 tamen
1627 338 121 91 eam
1697 338 104 91 vt
1749 338 173 91 causam
1853 338 104 91 fine

152 409 116 79 qua
219 409 116 79 non
285 409 199 79 scilicet
435 409 183 79 propter
568 409 282 79 perceptionem,
800 409 133 79 quia
884 409 150 79 tamen
983 409 150 79 etiam
1083 409 216 79 perceptio
1249 409 116 79 est
1316 409 116 79 per
1382 409 100 79 se
1432 409 282 79 delectabilis,
1665 409 150 79 adhuc
1764 409 116 79 non
1831 409 150 79 sequi

157 459 115 78 tur
222 459 148 78 illam
321 459 131 78 nisi
403 459 115 78 per
469 459 214 78 accidens:
633 459 115 78 sed
699 459 115 78 per
765 459 99 78 se
814 459 197 78 sequitur
962 459 263 78 perceptionem
1176 459 181 78 ratione
1307 459 197 78 percepti
1455 459 131 78 quid
1537 459 148 78 habet
1636 459 115 78 vim
1701 459 115 78 per
1767 459 99 78 se
1800 459 148 78 actiuam

163 532 225 69 passionis
336 532 104 69 vt
388 532 156 69 patet
491 532 104 69 ex
526 532 225 69 praedictis.

496 583 137 55 Irca
581 583 188 55 quartum
718 583 205 55 arguitur
872 583 137 55 quod
957 583 205 55 formalis
1111 583 154 55 ratio
1213 583 188 55 doloris
1350 583 120 55 sit
1418 583 102 55 in
1469 583 102 55 vi
1520 583 290 55 apprehensiua.
1759 583 154 55 Primo
1845 583 102 55 sic:

499 623 93 72 In
546 623 124 72 illa
624 623 93 72 vi
670 623 109 72 est
732 623 186 72 formalis
872 623 140 72 ratio
965 623 171 72 doloris
1089 623 93 72 in
1135 623 109 72 qua
1197 623 109 72 est
1260 623 186 72 formalis
1399 623 140 72 ratio
1492 623 109 72 sui
1554 623 202 72 contraris
1709 623 186 72 scilicet
1833 623 109 72 dele-

498 678 229 66 ctationis:
678 678 131 66 quia
759 678 213 66 contraria
923 678 131 66 sunt
1005 678 131 66 nata
1086 678 131 66 esse
1168 678 147 66 circa
1266 678 147 66 idem:
1365 678 196 66 Formalis
1512 678 147 66 autem
1610 678 147 66 ratio
1692 678 245 66 delectationis

507 734 115 66 est
572 734 99 66 in
622 734 99 66 vi
671 734 279 66 apprehensiua:
901 734 181 66 dicente
1032 734 181 66 Auicen.
1163 734 148 66 viii.
1262 734 279 66 Metaphysicae.
1492 734 230 66 Delectatio
1672 734 115 66 est
1722 734 213 66 apprehensio

499 786 256 71 conuenientis
707 786 80 71 &
739 786 240 71 sensibilis.
931 786 192 71 Laetatio
1075 786 112 71 est
1139 786 240 71 apprehensio
1330 786 224 71 sensibilis
1506 786 256 71 conuenientis
1714 786 80 71 &
1730 786 208 71 intellectua

459 838 141 72 lis.
548 838 247 72 Delectatio
742 838 124 72 est
813 838 265 72 apprehensio
1025 838 318 72 intelligibilis
1290 838 300 72 conuenientis.
1537 838 265 72 Apprehensio
1750 838 124 72 non
1820 838 124 72 est
1873 838 71 72 ni

157 889 109 78 si
211 889 109 78 in
266 889 109 78 vi
320 889 309 78 apprehensiua.
575 889 145 78 ergo
666 889 127 78 &c.
739 889 200 78 Secundo
884 889 145 78 sic.
975 889 109 78 in
1030 889 109 78 eo
1084 889 145 78 quid
1175 889 164 78 mouet
1284 889 182 78 corpus
1412 889 218 78 secundum
1575 889 255 78 qualitates
1775 889 182 78 calidi
1884 889 55 78 &

155 944 208 83 frigidi,
311 944 121 83 est
380 944 156 83 dolor
484 944 260 83 formaliter:
692 944 139 83 quia
779 944 260 83 passionibus
987 944 191 83 mouetur
1125 944 173 83 corpus
1247 944 225 83 animalis.
1420 944 121 83 hoc
1489 944 156 83 autem
1593 944 121 83 est
1663 944 260 83 apprehensio
1853 944 87 83 se-

152 996 169 84 cundum
270 996 236 84 philosopum
456 996 101 84 in
507 996 101 84 de
557 996 186 84 motibus
692 996 236 84 animalium.
878 996 135 84 ergo
963 996 118 84 &c.
1030 996 186 84 Contra.
1165 996 152 84 Omnis
1267 996 169 84 passio
1385 996 118 84 est
1452 996 152 84 motus
1554 996 101 84 ad
1604 996 135 84 rem,
1689 996 101 84 in
1739 996 118 84 rem
1790 996 152 84 tendere

146 1058 202 77 proprium
298 1058 118 77 est
365 1058 219 77 appetitus
533 1058 118 77 non
601 1058 320 77 apprehensionis:
870 1058 135 77 quia
954 1058 219 77 apphensio
1123 1058 118 77 est
1190 1058 152 77 motus
1291 1058 118 77 rei
1359 1058 101 77 in
1409 1058 185 77 animam.
1544 1058 135 77 ergo
1628 1058 118 77 &c.
1695 1058 202 77 Dicendum
1830 1058 101 77 quod

149 1106 166 78 omnis
259 1106 332 78 passioanimalis
536 1106 258 78 dispositio
739 1106 129 78 est
812 1106 111 78 ad
868 1106 277 78 operationem
1089 1106 148 78 siue
1181 1106 166 78 motum
1292 1106 129 78 vel
1365 1106 240 78 causandum
1550 1106 129 78 vel
1624 1106 295 78 continuandum
1845 1106 92 78 vel

148 1159 305 76 subtrahendum.
399 1159 197 76 Oportet
543 1159 144 76 ergo
633 1159 144 76 quod
722 1159 126 76 sit
794 1159 108 76 in
848 1159 108 76 eo
902 1159 179 76 maxime
1028 1159 144 76 quod
1117 1159 126 76 est
1189 1159 162 76 causa
1297 1159 162 76 motus
1405 1159 144 76 siue
1494 1159 269 76 operationis
1710 1159 126 76 vel
1781 1159 144 76 eius
1853 1159 90 76 con

145 1209 279 81 tinuationis
368 1209 130 81 vel
443 1209 335 81 subtractionis:
721 1209 130 81 hoc
796 1209 130 81 est
870 1209 242 81 appetitus
1056 1209 130 81 non
1130 1209 297 81 apprehensio:
1372 1209 149 81 quia
1465 1209 112 81 ad
1521 1209 204 81 impetum
1669 1209 242 81 appetitus
1837 1209 112 81 moue

143 1268 129 73 tur
216 1268 276 73 apprehensio
437 1268 129 73 vel
511 1268 111 73 ad
567 1268 166 73 motus
677 1268 332 73 continuationem
954 1268 129 73 vel
1027 1268 111 73 ad
1083 1268 147 73 eius
1175 1268 313 73 subtractionem
1433 1268 129 73 vel
1507 1268 111 73 ad
1562 1268 203 73 aliquam
1709 1268 166 73 aliam
1802 1268 147 73 appre-

154 1320 222 78 hensionem
325 1320 137 78 quam
410 1320 171 78 prius:
529 1320 85 78 &
564 1320 239 78 quaecunque
751 1320 205 78 mouentur
905 1320 102 78 in
956 1320 188 78 animali
1093 1320 137 78 motu
1178 1320 205 78 animalis
1332 1320 222 78 inquantum
1502 1320 119 78 est
1571 1320 188 78 animal.
1707 1320 188 78 Idcirco
1844 1320 137 78 ergo

158 1374 135 86 dico
242 1374 135 86 quod
327 1374 101 86 in
377 1374 135 86 solo
462 1374 202 86 appetitu
613 1374 152 86 habet
714 1374 135 86 esse
799 1374 152 86 omnis
900 1374 185 86 passio:
1035 1374 84 86 &
1068 1374 118 86 ita
1136 1374 169 86 dolor:
1254 1374 169 86 Aliter
1372 1374 135 86 enim
1456 1374 219 86 appetitus
1625 1374 101 86 in
1675 1374 185 86 animali
1810 1374 118 86 non
1861 1374 84 86 est

144 1436 186 82 mouens
274 1436 167 82 motum
386 1436 149 82 nisi
479 1436 149 82 quia
572 1436 130 82 per
646 1436 334 82 apprehensionem
924 1436 204 82 mouetur
1073 1436 279 82 alteratione
1296 1436 149 82 quae
1389 1436 130 82 est
1463 1436 204 82 passio.
1612 1436 93 82 &
1649 1436 149 82 tunc
1742 1436 241 82 appetendo

154 1480 151 81 mouet
255 1480 151 81 alia,
356 1480 185 81 dicente
490 1480 168 81 Damas.
607 1480 168 81 libro.
725 1480 117 81 ii.
792 1480 134 81 cap.
875 1480 168 81 xxiii.
993 1480 168 81 Passio
1110 1480 117 81 est
1177 1480 151 81 motus
1278 1480 218 81 appetitus
1446 1480 235 81 sensibilis
1630 1480 101 81 in
1681 1480 268 81 imaginatione
1882 1480 67 81 bo

149 1535 103 73 ni
200 1535 85 73 &
234 1535 154 73 mali.
337 1535 103 73 Et
388 1535 205 73 loquitur
542 1535 103 73 de
593 1535 205 73 passione
747 1535 239 73 sensitiua:
935 1535 154 73 quare
1038 1535 85 73 &
1072 1535 222 73 consimili
1243 1535 137 73 modo
1329 1535 137 73 erit
1414 1535 103 73 de
1465 1535 205 73 passione
1619 1535 291 73 intellectiua.
1841 1535 103 73 ltem

151 1588 211 77 Augustinus
317 1588 151 77 quarto
422 1588 91 77 de
468 1588 166 77 Ciuita.
588 1588 121 77 cap.
664 1588 136 77 iiii.
754 1588 196 77 commendat
905 1588 226 77 philosophos
1086 1588 226 77 appellantes
1267 1588 196 77 passiones
1418 1588 272 77 parturbationes
1644 1588 75 77 &
1674 1588 226 77 affectiones
1855 1588 121 77 quas

162 1640 139 76 dam,
248 1640 139 76 quae
335 1640 156 76 plane
439 1640 121 76 non
508 1640 139 76 sunt
595 1640 139 76 nisi
681 1640 104 76 in
733 1640 104 76 vi
785 1640 260 76 appetitiua.
993 1640 87 76 &
1028 1640 208 76 secundum
1184 1640 139 76 hoc,
1270 1640 121 76 est
1340 1640 243 76 concedenda
1530 1640 173 76 vltima
1652 1640 173 76 ratio.
1773 1640 104 76 Ad
1807 1640 139 76 primam

152 1698 94 76 in
199 1698 219 76 oppositum:
372 1698 125 76 quod
450 1698 219 76 delectatio
623 1698 110 76 est
685 1698 94 76 in
732 1698 94 76 vi
779 1698 251 76 apprhensiua:
983 1698 188 76 dicendum
1124 1698 125 76 quod
1202 1698 157 76 falsum
1312 1698 125 76 est:
1390 1698 125 76 immo
1469 1698 94 76 in
1516 1698 94 76 vi
1563 1698 235 76 appetitiua:
1751 1698 110 76 per
1814 1698 125 76 quam
1876 1698 63 76 ap

155 1749 239 86 prehensiuam
346 1749 175 86 detinet
473 1749 223 86 appetitiua
648 1749 95 86 in
696 1749 111 86 sua
760 1749 239 86 operatione.
951 1749 175 86 propter
1078 1749 127 86 quid
1157 1749 143 86 dicit
1253 1749 255 86 Philosophus.
1460 1749 95 86 x.
1507 1749 175 86 Ethico.
1635 1749 223 86 Delectatio
1794 1749 143 86 confir-

154 1801 115 79 mat
219 1801 247 79 operationes
417 1801 82 79 &
450 1801 264 79 diuturniores
665 1801 165 79 facit.
780 1801 132 79 Quia
863 1801 214 79 inducitur
1028 1801 198 79 secundum
1176 1801 214 79 Auicennam
1341 1801 132 79 quod
1424 1801 231 79 delectatio
1605 1801 115 79 est
1671 1801 247 79 apprehensio
1853 1801 82 79 con

155 1856 218 77 uenientis:
327 1856 187 77 Dicendum
467 1856 125 77 quod
545 1856 156 77 opinio
655 1856 203 77 aliquorum
811 1856 140 77 fuit,
904 1856 125 77 quod
982 1856 218 77 delectatio
1154 1856 109 77 est
1216 1856 125 77 ipsa
1294 1856 187 77 operatio
1435 1856 94 77 in
1482 1856 109 77 qua
1544 1856 203 77 consistit
1700 1856 109 77 rei
1747 1856 187 77 perfectio.

155 1913 99 75 Et
205 1913 132 75 isti
288 1913 198 75 dicerent
436 1913 132 75 quod
519 1913 231 75 delectatio
701 1913 231 75 formaliter
883 1913 149 75 esset
982 1913 132 75 ipsa
1064 1913 264 75 apprehensio:
1279 1913 83 75 &
1312 1913 116 75 ita
1378 1913 99 75 in
1428 1913 99 75 vi
1477 1913 264 75 apprehensiua
1692 1913 99 75 in
1742 1913 116 75 qua
1808 1913 116 75 est
1857 1913 83 75 ips

158 1958 108 81 sa
212 1958 269 81 apprehensio
427 1958 108 81 vt
481 1958 215 81 procedit
643 1958 269 81 argumentum.
858 1958 126 81 Sed
930 1958 126 81 non
1002 1958 126 81 est
1073 1958 144 81 ita.
1163 1958 144 81 Immo
1253 1958 162 81 licet
1361 1958 126 81 sit
1432 1958 341 81 inseparabiliter
1720 1958 233 81 coniuncta
1881 1958 72 81 ei

161 2018 110 76 non
224 2018 142 76 tamen
319 2018 110 76 est
382 2018 126 76 idem
461 2018 142 76 illi,
555 2018 173 76 dicente
681 2018 236 76 Philosopho.
870 2018 95 76 x.
918 2018 173 76 Ethico.
1044 2018 268 76 Delectationes
1265 2018 126 76 sunt
1343 2018 221 76 propinquae
1517 2018 189 76 operibus
1659 2018 79 76 &
1690 2018 252 76 indiscretae:
1879 2018 79 76 sic

158 2071 106 83 vt
211 2071 177 83 habeat
335 2071 282 83 dubitationem
564 2071 106 83 si
617 2071 141 83 idem
706 2071 124 83 est
776 2071 212 83 operatio
935 2071 300 83 delectationi:
1182 2071 300 83 inconueniens.
1429 2071 124 83 nim
1500 2071 124 83 sed
1571 2071 194 83 propter
1712 2071 124 83 non
1765 2071 194 83 separari,

166 2126 215 74 videtur
323 2126 157 74 idem
421 2126 274 74 quibusdam.
637 2126 215 74 Ponendo
793 2126 157 74 ergo
891 2126 157 74 quod
989 2126 255 74 differunt
1185 2126 98 74 &
1224 2126 137 74 est
1303 2126 215 74 quiddam
1459 2126 274 74 consequens
1675 2126 294 74 operationem
1890 2126 59 74 &

159 2180 210 73 firmans
312 2180 134 73 eam
388 2180 95 73 &
426 2180 134 73 hoc
502 2180 134 73 non
579 2180 153 73 nisi
674 2180 153 73 quia
769 2180 134 73 per
846 2180 248 73 appetitum
1036 2180 172 73 tenet
1151 2180 191 73 sensum
1284 2180 114 73 in
1342 2180 134 73 sua
1418 2180 286 73 operatione:
1647 2180 95 73 &
1685 2180 153 73 quod
1761 2180 191 73 secundum

154 2229 131 81 hoc
229 2229 131 81 sit
304 2229 112 81 in
360 2229 205 81 virtute
509 2229 280 81 appetitiua:
733 2229 187 81 dictum
864 2229 168 81 illud
976 2229 205 81 Auicen.
1125 2229 168 81 debet
1237 2229 187 81 exponi
1368 2229 224 81 secundum
1536 2229 336 81 praedicationem
1798 2229 149 81 causae

153 2291 276 85 efficientis
373 2291 110 85 vt
429 2291 258 85 delectatio
631 2291 202 85 dicatur
778 2291 276 85 apprehensio
999 2291 295 85 conuenientis
1239 2291 147 85 quod
1331 2291 110 85 ex
1386 2291 147 85 illa
1478 2291 295 85 consequitur.
1717 2291 110 85 Ad
1754 2291 184 85 secundam

162 2337 147 94 quod
254 2337 165 94 dolor
364 2337 165 94 mouet
474 2337 184 94 corpus
603 2337 221 94 secundum
768 2337 257 94 qualitates
971 2337 257 94 sensibiles
1173 2337 92 94 &
1210 2337 129 94 hoc
1283 2337 129 94 per
1357 2337 349 94 apprehensionem:
1651 2337 221 94 Dicendum
1816 2337 110 94 ad
1853 2337 92 94 hu-

160 2389 114 89 ius
225 2389 277 89 declarationem
453 2389 130 89 quod
534 2389 98 89 in
583 2389 130 89 motu
665 2389 196 89 animalis
811 2389 196 89 secundum
958 2389 130 89 quod
1040 2389 163 89 tactum
1154 2389 114 89 est
1219 2389 98 89 in
1268 2389 228 89 quaestione
1447 2389 261 89 praecedenti:
1659 2389 114 89 est
1724 2389 179 89 quoddam
1854 2389 130 89 quod

162 2446 171 78 mouet
276 2446 133 78 non
352 2446 190 78 motum,
485 2446 152 78 quod
580 2446 133 78 est
656 2446 266 78 conueniens
865 2446 133 78 vel
941 2446 323 78 disconueniens
1208 2446 304 78 apprehensum,
1455 2446 152 78 quid
1550 2446 171 78 mouet
1664 2446 247 78 alterando
1835 2446 114 78 par-

164 2498 133 79 tes
240 2498 248 79 organicas
431 2498 229 79 secundum
602 2498 210 79 calidum
755 2498 95 79 &
793 2498 248 79 frigidum.
983 2498 210 79 Quoddam
1136 2498 152 79 vero
1231 2498 133 79 est
1307 2498 191 79 mouens
1441 2498 191 79 motum.
1574 2498 95 79 &
1612 2498 133 79 hoc
1688 2498 248 79 multiplex
1860 2498 95 79 est

164 2558 151 72 circa
265 2558 168 72 partem
382 2558 252 72 sensitiuam:
584 2558 168 72 quorum
701 2558 168 72 primum
819 2558 117 72 est
886 2558 151 72 ipsae
987 2558 168 72 partes
1104 2558 235 72 organicae:
1289 2558 134 72 quae
1373 2558 151 72 motae
1473 2558 117 72 per
1540 2558 269 72 alterationem
1759 2558 201 72 secundum
1893 2558 67 72 ca

164 2612 161 80 lidum
271 2612 89 80 &
307 2612 215 80 frigidum
468 2612 179 80 mouent
594 2612 125 80 vim
665 2612 251 80 sensitiuam
862 2612 268 80 appetitiuam
1077 2612 251 80 existentem
1274 2612 107 80 in
1328 2612 161 80 illis
1435 2612 215 80 secundum
1596 2612 233 80 passiones
1775 2612 197 80 timoris
1900 2612 54 80 &

160 2662 197 79 doloris
303 2662 90 79 &
339 2662 251 79 huiusmodi.
536 2662 197 79 Secundo
680 2662 179 79 mouens
805 2662 161 79 motum
913 2662 125 79 est
984 2662 143 79 ipsa
1074 2662 125 79 vis
1146 2662 251 79 appetitiua
1343 2662 143 79 quae
1432 2662 233 79 informata
1612 2662 215 79 passione
1773 2662 125 79 per
1827 2662 125 79 illam

163 2717 179 75 elicit
289 2717 143 75 suam
378 2717 215 75 propriam
539 2717 269 75 operationem
754 2717 143 75 quae
844 2717 125 75 est
916 2717 233 75 appetere.
1095 2717 179 75 Tertio
1220 2717 179 75 mouens
1346 2717 161 75 motum
1453 2717 125 75 est
1525 2717 143 75 ipsa
1615 2717 125 75 vis
1686 2717 251 75 appetitiua
1865 2717 90 75 exi

162 2763 175 97 stens
278 2763 253 97 informata
472 2763 272 97 operatione
686 2763 272 97 appetendi:
900 2763 136 97 qua
978 2763 175 97 mouet
1094 2763 194 97 membra
1230 2763 117 97 ad
1288 2763 272 97 fugiendum,
1502 2763 136 97 vel
1580 2763 253 97 imitandum
1774 2763 117 97 id
1832 2763 155 97 quod

171 2824 274 78 appetitur:
387 2824 156 78 quid
484 2824 156 78 erat
582 2824 196 78 primum
719 2824 196 78 mouens
856 2824 98 78 &
895 2824 235 78 terminus
1071 2824 196 78 motus.
1208 2824 98 78 &
1247 2824 176 78 illud
1364 2824 215 78 vltimum
1521 2824 176 78 motum
1638 2824 137 78 non
1716 2824 137 78 est
1775 2824 176 78 necesse

171 2879 164 78 aliud
280 2879 200 78 mouere:
425 2879 127 78 sed
498 2879 182 78 potest
625 2879 145 78 esse
716 2879 164 78 motum
825 2879 127 78 non
898 2879 200 78 mouens.
1043 2879 218 78 secundum
1207 2879 145 78 quod
1298 2879 109 78 de
1352 2879 164 78 primo
1461 2879 200 78 istorum
1607 2879 164 78 dicit
1698 2879 254 78 philosophous

163 2931 109 75 de
217 2931 199 75 motibus
362 2931 235 75 animalium
543 2931 145 75 sic.
634 2931 163 75 Mouet
742 2931 181 75 primum
869 2931 145 75 quod
959 2931 272 75 appetibile,
1177 2931 145 75 quod
1267 2931 181 75 quidem
1394 2931 127 75 non
1466 2931 163 75 motum
1575 2931 181 75 mouet.
1702 2931 145 75 Quia
1792 2931 163 75 autem
1883 2931 72 75 mo

166 2984 136 77 uet
243 2984 253 77 alterando
438 2984 195 77 partes
574 2984 253 77 organicas
769 2984 234 77 secundum
944 2984 214 77 calidum
1100 2984 97 77 &
1139 2984 234 77 frigidum
1314 2984 97 77 &
1353 2984 253 77 huiusmodi
1548 2984 351 77 dispositiones,
1821 2984 136 77 expo-

165 3033 146 81 nit:
256 3033 219 81 subdens.
420 3033 110 81 In
475 3033 201 81 animali
621 3033 183 81 potest
749 3033 91 81 &
786 3033 164 81 maius
895 3033 91 81 &
932 3033 164 81 minus
1041 3033 164 81 fieri
1151 3033 91 81 &
1187 3033 201 81 figurae
1333 3033 256 81 permutari,
1534 3033 219 81 partibus
1698 3033 201 81 propter
1826 3033 128 81 calo-

164 3094 127 69 rem
236 3094 91 69 &
273 3094 290 69 frigiditatem
509 3094 254 69 alteratis.
708 3094 218 69 Alterant
872 3094 163 69 autem
981 3094 254 69 phantasiae
1180 3094 91 69 &
1217 3094 200 69 sensus.
1362 3094 109 69 Ex
1416 3094 127 69 qua
1489 3094 163 69 autem
1598 3094 109 69 vi
1652 3094 91 69 &
1689 3094 200 69 quomodo
1834 3094 127 69 sic
1888 3094 73 69 mo

177 3144 129 76 uet
250 3144 202 76 exponit
397 3144 221 76 continue
563 3144 221 76 subdens.
728 3144 239 76 Phantasia
912 3144 166 76 autem
1023 3144 92 76 &
1060 3144 313 76 intelligentia
1317 3144 184 76 habent
1446 3144 166 76 rerum
1556 3144 239 76 virtutem.
1740 3144 184 76 Aliquo
1851 3144 110 76 enim

168 3194 135 102 modo
253 3194 186 102 species
388 3194 237 102 intellecta
574 3194 169 102 calidi
692 3194 85 102 &
726 3194 186 102 frigidi
862 3194 118 102 aut
929 3194 271 102 delectabilis
1149 3194 85 102 &
1183 3194 254 102 tristabilis
1386 3194 152 102 talis
1487 3194 186 102 existit
1623 3194 169 102 qualis
1741 3194 169 102 quidem
1860 3194 85 102 &
1876 3194 85 102 re
