2402 3702
132 241 122 84 bet
201 241 295 84 praedicamenti
444 241 156 84 etiam
548 241 104 84 in
601 241 295 84 generalissimo
844 241 260 84 considerata
1052 241 243 84 compositum
1243 241 139 84 quid
1330 241 191 84 nominat
1469 241 104 84 ex
1521 241 139 84 esse
1608 241 226 84 latissimo
1781 241 87 84 &
1799 241 104 84 ali-

138 316 119 70 quo
206 316 119 70 cui
274 316 154 70 illud
377 316 222 70 conuenit,
547 316 119 70 vti
616 316 154 70 alias
718 316 290 70 declarauimus.
957 316 102 70 Et
1008 316 205 70 secundum
1161 316 136 70 hunc
1247 316 154 70 modum
1349 316 171 70 potest
1469 316 171 70 exponi
1588 316 154 70 illud
1690 316 171 70 dictum
1793 316 102 70 Boe-

139 373 115 63 tii
204 373 98 63 de
253 373 164 63 Hebdo.
368 373 197 63 Diuersum
516 373 115 63 est
582 373 131 63 esse
664 373 82 63 &
697 373 98 63 id
746 373 131 63 quid
828 373 131 63 est.
910 373 131 63 quod
992 373 164 63 quidem
1107 373 98 63 id
1156 373 131 63 quid
1238 373 115 63 est
1304 373 115 63 non
1370 373 115 63 est
1435 373 148 63 ipsum
1534 373 131 63 esse
1616 373 98 63 vt
1665 373 148 63 dicit
1764 373 164 63 ibidem

135 427 112 54 sed
199 427 176 54 accepta
327 427 176 54 essendi
455 427 144 54 forma
551 427 128 54 est.
632 427 112 54 Sed
696 427 112 54 hoc
760 427 112 54 non
824 427 144 54 aliud
920 427 112 54 re:
984 427 112 54 sed
1048 427 224 54 intentione
1224 427 144 54 sola:
1320 427 96 54 si
1368 427 128 54 enim
1448 427 128 54 sola
1529 427 176 54 ratione
1657 427 224 54 differrent
1817 427 80 54 nul

135 477 112 59 lam
199 477 191 59 facerent
342 477 287 59 compositionem.
582 477 80 59 &
614 477 112 59 est
677 477 191 59 vtrumque
821 477 255 59 participatio
1028 477 80 59 &
1060 477 239 59 pertialitas
1252 477 175 59 quaedam
1379 477 96 59 in
1427 477 96 59 se
1475 477 191 59 respectu
1619 477 128 59 esse
1699 477 112 59 Dei
1762 477 80 59 &
1778 477 112 59 respe

141 534 104 63 ctu
200 534 119 63 eius
275 534 119 63 quod
349 534 104 63 est
408 534 89 63 id
453 534 119 63 quod
527 534 104 63 est
586 534 133 63 Deus:
675 534 89 63 in
720 534 104 63 quo
779 534 119 63 esse
853 534 74 63 &
883 534 89 63 id
927 534 119 63 quid
1001 534 104 63 est
1061 534 119 63 siue
1135 534 119 63 quod
1209 534 104 63 est
1268 534 163 63 aliquid
1387 534 119 63 siue
1461 534 193 63 aliquitas
1609 534 133 63 eius:
1698 534 193 63 differunt
1832 534 59 63 so

144 587 93 61 la
191 587 186 61 ratione.
331 587 124 61 Vnum
409 587 140 61 tamen
502 587 186 61 illorum,
642 587 93 61 vt
688 587 140 61 ipsum
782 587 140 61 esse,
875 587 109 61 est
937 587 140 61 quasi
1030 587 171 61 quiddam
1155 587 249 61 participatum
1357 587 93 61 ab
1403 587 93 61 eo
1450 587 124 61 quod
1528 587 109 61 est
1590 587 171 61 aliquid
1714 587 93 61 in
1761 587 155 61 ipso:-

134 643 120 58 non
203 643 155 58 autem
306 643 240 58 econuerso.
495 643 189 58 dicente
632 643 189 58 Boetio.
769 643 137 58 Quod
855 643 120 58 est
924 643 240 58 participat
1113 643 189 58 aliquo.
1250 643 120 58 sed
1319 643 155 58 ipsum
1422 643 137 58 esse
1508 643 155 58 nullo
1611 643 137 58 modo
1697 643 172 58 aliquo
1800 643 86 58 par

135 696 193 57 ticipat.
280 696 97 57 Et
328 696 113 57 sic
393 696 177 57 mensura
522 696 177 57 dicitur
650 696 113 57 hic
715 696 274 57 propriissime:
940 696 129 57 quia
1021 696 177 57 naturam
1150 696 193 57 continet
1295 696 145 57 puram
1392 696 145 57 esse,
1488 696 81 57 &
1520 696 193 57 secundum
1665 696 209 57 veritatem
1810 696 81 57 sim

140 752 236 60 plicitatis:
329 752 79 60 &
361 752 189 60 essentia
502 752 157 60 creata
612 752 173 60 dicitur
738 752 220 60 mensurata:
911 752 126 60 quia
990 752 189 60 continet
1132 752 126 60 esse
1210 752 79 60 &
1242 752 236 60 aliquitatem
1431 752 94 60 vt
1478 752 252 60 participatam
1682 752 110 60 per
1745 752 173 60 quandam

143 807 230 61 imitationem
327 807 92 61 ad
372 807 123 61 esse
449 807 77 61 &
480 807 230 61 aliquitatem
664 807 107 61 Dei
725 807 77 61 &
755 807 107 61 per
817 807 169 61 quandam
939 807 276 61 compositionem.
1169 807 77 61 &
1200 807 107 61 sic
1261 807 123 61 velt
1338 807 153 61 natura
1445 807 92 61 in
1491 807 123 61 quae
1567 807 138 61 debet
1659 807 123 61 esse
1736 807 138 61 ratio
1812 807 77 61 vni

141 854 238 69 geneitatis
328 854 153 69 inter
430 854 204 69 mensuram
583 854 85 69 &
617 854 255 69 mensuratum:
821 854 102 69 in
872 854 136 69 ipsa
957 854 187 69 mensura
1092 854 119 69 est
1160 854 119 69 sub
1228 854 170 69 quadam
1347 854 272 69 simplicitate
1568 854 85 69 &
1602 854 221 69 claritate
1772 854 85 69 &
1789 854 102 69 puri

141 912 134 63 tate
225 912 252 63 spirituali:
427 912 101 63 in
477 912 134 63 ipso
561 912 218 63 mensurato
729 912 118 63 sub
797 912 168 63 quadam
914 912 235 63 grossitie,
1099 912 269 63 obscuritate,
1318 912 84 63 &
1351 912 252 63 impuritatis
1553 912 252 63 admixtione.
1738 912 151 63 Propter

140 964 125 65 quod
218 964 187 65 respectu
358 964 109 65 Dei
421 964 202 65 quaelibet
576 964 202 65 creaturae
732 964 202 65 essentia,
888 964 202 65 materiale
1044 964 125 65 quid
1121 964 187 65 dicitur:
1262 964 171 65 propter
1386 964 125 65 quid
1464 964 140 65 etiam
1557 964 125 65 Deus
1635 964 109 65 non
1698 964 171 65 proprie
1822 964 109 65 di-

146 1015 131 71 citur
234 1015 102 71 ens
292 1015 102 71 sed
350 1015 131 71 esse:
438 1015 189 71 creaturae
583 1015 117 71 vero
656 1015 175 71 essentia
787 1015 189 71 econuerso
933 1015 102 71 non
991 1015 160 71 proprie
1108 1015 160 71 dicitur
1224 1015 131 71 esse:
1311 1015 102 71 sed
1370 1015 117 71 ens,
1443 1015 117 71 quod
1515 1015 175 71 includit
1646 1015 131 71 esse.
1734 1015 73 71 &
1763 1015 117 71 quod
1821 1015 73 71 est

135 1071 101 61 vt
186 1071 184 61 commune
320 1071 201 61 analogum
470 1071 101 61 ad
521 1071 134 61 deum
604 1071 84 61 &
638 1071 218 61 essentiam
805 1071 218 61 creaturae
973 1071 117 61 non
1040 1071 184 61 proprie
1174 1071 184 61 dicitur
1308 1071 151 61 ipsum
1408 1071 134 61 ens:
1492 1071 117 61 sed
1559 1071 151 61 ipsum
1660 1071 151 61 esse:
1760 1071 101 61 vt
1794 1071 101 61 esse

133 1119 107 58 sit
194 1119 137 58 ipsum
285 1119 213 58 latissimum
453 1119 168 58 coniter
575 1119 183 58 analogum
712 1119 91 58 ad
758 1119 122 58 esse
834 1119 122 58 dei,
910 1119 107 58 hoc
971 1119 107 58 est
1032 1119 122 58 quod
1108 1119 107 58 est
1169 1119 122 58 ipse
1246 1119 122 58 Deus
1322 1119 107 58 qui
1383 1119 107 58 non
1444 1119 107 58 est
1505 1119 122 58 nisi
1581 1119 137 58 esse:
1672 1119 91 58 et
1718 1119 91 58 ad
1764 1119 122 58 esse
1825 1119 76 58 cre

136 1175 154 58 aturae,
248 1175 98 58 hoc
304 1175 98 58 est
360 1175 98 58 non
416 1175 112 58 quod
486 1175 168 58 praecise
611 1175 98 58 est
667 1175 112 58 ipsa
737 1175 168 58 essentia
863 1175 196 58 creaturae:
1017 1175 112 58 quia
1087 1175 112 58 ipsa
1157 1175 98 58 est
1213 1175 154 58 aliquid
1325 1175 154 58 praeter
1437 1175 126 58 esse:
1520 1175 112 58 quae
1590 1175 140 58 quidem
1688 1175 182 58 aliquitas
1828 1175 98 58 non

138 1229 149 58 cadit
238 1229 183 58 proprie
371 1229 100 58 in
421 1229 166 58 altero
537 1229 166 58 membro
653 1229 116 58 cum
720 1229 216 58 diuiditur
886 1229 149 58 esse:
985 1229 116 58 sed
1052 1229 100 58 in
1102 1229 133 58 quod
1185 1229 133 58 esse
1268 1229 233 58 descendens
1451 1229 116 58 per
1517 1229 249 58 identitatem
1716 1229 166 58 realem
1833 1229 100 58 in

130 1286 222 65 grossatur
301 1286 85 65 &
335 1286 239 65 obscuratur
522 1286 102 65 vt
573 1286 119 65 sit
642 1286 188 65 quaedam
778 1286 273 65 participatio
1000 1286 85 65 &
1034 1286 273 65 participatum
1256 1286 154 65 esse.
1358 1286 154 65 Sicut
1461 1286 154 65 autem
1563 1286 136 65 Deus
1648 1286 154 65 minus
1733 1286 154 65 proprie

136 1336 205 63 loquendo
289 1336 188 63 dicitur
426 1336 119 63 ens
494 1336 119 63 vel
562 1336 256 63 substantia,
767 1336 102 63 vt
818 1336 119 63 ens
887 1336 85 63 &
921 1336 239 63 substantia
1108 1336 136 63 sint
1194 1336 188 63 analoga
1330 1336 188 63 quaedam
1467 1336 102 63 ad
1518 1336 119 63 ens
1586 1336 136 63 siue
1654 1336 239 63 substantiam,

143 1385 108 68 quae
211 1385 95 68 est
265 1385 122 68 deus:
346 1385 68 68 &
373 1385 81 68 ad
414 1385 95 68 ens
468 1385 108 68 siue
536 1385 216 68 substantiam,
711 1385 108 68 quae
779 1385 95 68 est
833 1385 176 68 creatura:
968 1385 216 68 consimiliter
1144 1385 81 68 in
1185 1385 108 68 tali
1252 1385 135 68 genere
1347 1385 122 68 entis
1428 1385 68 68 &
1455 1385 216 68 substantiae,
1631 1385 149 68 mensura
1739 1385 95 68 est
1793 1385 95 68 ens
1834 1385 54 68 si

141 1441 84 64 ue
183 1441 197 64 substantia
338 1441 113 64 quae
408 1441 99 64 est
465 1441 127 64 deus:
549 1441 197 64 mensuratum
704 1441 113 64 vero
774 1441 99 64 ens
831 1441 113 64 siue
901 1441 197 64 substantia
1056 1441 113 64 quae
1126 1441 99 64 est
1182 1441 169 64 essentia
1309 1441 197 64 creaturae.
1464 1441 127 64 Sicut
1548 1441 127 64 autem
1633 1441 169 64 secundum
1759 1441 99 64 iam
1816 1441 99 64 di-

140 1497 131 65 ctum
221 1497 147 65 modum
319 1497 131 65 esse
401 1497 245 65 simpliciter
597 1497 114 65 est
662 1497 131 65 vnum
744 1497 147 65 genus
841 1497 98 65 in
890 1497 114 65 quo
956 1497 180 65 mensura
1086 1497 114 65 est
1152 1497 163 65 primum
1266 1497 131 65 esse
1347 1497 131 65 quod
1429 1497 114 65 est
1494 1497 147 65 deus:
1592 1497 82 65 &
1625 1497 228 65 mensuratum
1788 1497 98 65 ipsa

131 1552 185 67 essentia
269 1552 216 67 creaturae:
439 1552 77 67 &
470 1552 108 67 hoc
532 1552 108 67 per
594 1552 108 67 se:
655 1552 93 67 et
702 1552 108 67 per
763 1552 108 67 hoc
825 1552 123 67 ipsa
902 1552 185 67 essentia
1041 1552 201 67 creaturae
1195 1552 201 67 continens
1350 1552 93 67 in
1396 1552 93 67 se
1442 1552 123 67 esse
1520 1552 93 67 vt
1566 1552 170 67 aliquid
1689 1552 123 67 sui:
1767 1552 108 67 sic
1813 1552 77 67 ens

135 1602 139 66 quod
222 1602 191 66 proprie
361 1602 191 66 dicitur
500 1602 122 66 ens
569 1602 104 66 in
621 1602 226 66 creaturis
795 1602 122 66 est
865 1602 139 66 vnum
951 1602 174 66 genus:
1073 1602 104 66 in
1125 1602 122 66 quo
1195 1602 226 66 consimili
1369 1602 139 66 modo
1456 1602 122 66 iam
1525 1602 156 66 dicto
1629 1602 122 66 ens
1699 1602 122 66 est
1751 1602 139 66 primum

135 1657 132 59 quid
218 1657 116 59 est
284 1657 182 59 mensura
416 1657 198 59 aliorum.
565 1657 116 59 Hoc
631 1657 132 59 enim
714 1657 116 59 ens
780 1657 215 59 diuiditur
945 1657 99 59 in
995 1657 116 59 ens
1061 1657 132 59 quod
1143 1657 116 59 non
1210 1657 116 59 est
1276 1657 132 59 nisi
1358 1657 132 59 ens:
1441 1657 83 59 &
1474 1657 99 59 in
1523 1657 116 59 ens
1590 1657 132 59 quid
1672 1657 116 59 est
1722 1657 165 59 alicuius

138 1708 100 64 vt
188 1708 149 64 sicut
288 1708 133 64 deus
371 1708 116 64 est
437 1708 133 64 esse
520 1708 100 64 in
570 1708 116 64 sua
637 1708 199 64 puritate
786 1708 116 64 non
852 1708 116 64 per
919 1708 199 64 alicuius
1068 1708 266 64 appositionem
1284 1708 133 64 quod
1367 1708 149 64 facit
1467 1708 282 64 compositionem
1699 1708 116 64 cum
1766 1708 149 64 ipso:

139 1764 83 69 &
173 1764 133 69 ideo
256 1764 166 69 primum
372 1764 133 69 esse
455 1764 150 69 inter
555 1764 150 69 omnia
654 1764 150 69 esse:
754 1764 116 69 sic
821 1764 233 69 substantia
1003 1764 116 69 est
1070 1764 116 69 ens
1136 1764 100 69 in
1186 1764 216 69 entitatis
1352 1764 150 69 talis
1452 1764 199 69 puritate
1602 1764 116 69 non
1668 1764 116 69 per
1718 1764 166 69 alicuius

132 1819 268 67 additionem:
347 1819 89 67 &
382 1819 143 67 ideo
472 1819 179 67 primum
597 1819 125 67 ens
668 1819 161 67 inter
775 1819 161 67 entia
883 1819 232 67 inquantum
1061 1819 197 67 proprie
1204 1819 161 67 entia
1311 1819 232 67 dicuntur:
1490 1819 161 67 sicut
1597 1819 143 67 deus
1686 1819 125 67 est
1740 1819 143 67 primum

143 1871 116 54 esse
215 1871 130 54 inter
302 1871 116 54 alia
374 1871 130 54 esse.
461 1871 87 54 Et
505 1871 130 54 sicut
592 1871 116 54 esse
664 1871 116 54 quod
737 1871 174 54 conuenit
867 1871 188 54 essentiae
1012 1871 203 54 creaturae,
1171 1871 101 54 est
1229 1871 116 54 esse
1302 1871 261 54 participatione
1519 1871 159 54 quadam,
1635 1871 116 54 quid
1708 1871 101 54 per
1766 1871 159 54 quandam

134 1919 265 73 compositionem
353 1919 141 73 habet
447 1919 125 73 esse
525 1919 94 73 in
572 1919 187 73 essentia
712 1919 203 73 creaturae
868 1919 203 73 inquantum
1025 1919 109 73 est
1087 1919 187 73 essentia
1228 1919 250 73 simpliciter:
1431 1919 109 73 sic
1493 1919 187 73 accidens
1634 1919 109 73 est
1696 1919 109 73 ens
1758 1919 109 73 per
1805 1919 94 73 quam

136 1975 105 54 dam
196 1975 301 54 participationem,
452 1975 120 54 quod
527 1975 105 54 per
588 1975 166 54 quandam
708 1975 211 54 vlteriorem
873 1975 256 54 compositionem
1084 1975 135 54 habet
1175 1975 120 54 esse
1250 1975 90 54 in
1295 1975 181 54 essentia
1430 1975 226 54 accidentis:
1611 1975 196 54 inquantum
1746 1975 151 54 accidens

137 2034 118 61 est.
211 2034 177 61 secundum
344 2034 103 61 hoc
403 2034 103 61 nim
461 2034 221 61 substantiae
638 2034 118 61 esse
712 2034 177 61 respectu
845 2034 221 61 accidentis:
1022 2034 103 61 est
1080 2034 118 61 esse
1154 2034 236 61 simpliciter.
1346 2034 74 61 &
1375 2034 103 61 per
1434 2034 206 61 consimilem
1596 2034 265 61 attributionem,
1817 2034 103 61 qua

136 2080 97 58 se
184 2080 146 58 habet
282 2080 130 58 omne
363 2080 146 58 aliud
460 2080 130 58 esse
541 2080 97 58 ad
590 2080 130 58 esse
671 2080 130 58 dei,
752 2080 97 58 se
801 2080 146 58 habet
898 2080 130 58 omne
979 2080 146 58 aliud
1076 2080 114 58 ens
1141 2080 211 58 inquantum
1303 2080 114 58 est
1368 2080 114 58 ens
1433 2080 97 58 ad
1482 2080 114 58 ens
1546 2080 130 58 quid
1628 2080 114 58 est
1676 2080 211 58 substantia.

135 2135 76 65 &
165 2135 121 65 ideo
241 2135 91 65 in
287 2135 152 65 genere
393 2135 137 65 entis
484 2135 121 65 quod
560 2135 106 65 est
621 2135 121 65 cone
697 2135 91 65 ad
742 2135 121 65 sola
818 2135 137 65 decem
909 2135 273 65 praedicamenta,
1137 2135 106 65 ens
1198 2135 121 65 quod
1274 2135 106 65 est
1334 2135 228 65 substantia,
1516 2135 106 65 est
1577 2135 182 65 mensura:
1714 2135 76 65 &
1744 2135 106 65 ens
1805 2135 121 65 quid

134 2186 112 71 est
198 2186 208 71 accidens,
358 2186 112 71 est
422 2186 240 71 mensuratum.
614 2186 144 71 Sicut
710 2186 144 71 autem
806 2186 112 71 ens
870 2186 192 71 secundum
1014 2186 112 71 iam
1078 2186 160 71 dictum
1190 2186 144 71 modum
1286 2186 112 71 est
1350 2186 128 71 vnum
1430 2186 144 71 genus
1526 2186 96 71 ad
1574 2186 144 71 decem
1654 2186 240 71 praedicamenta

137 2240 117 58 sic
204 2240 201 58 accidens
355 2240 117 58 est
422 2240 134 58 vnum
506 2240 151 58 genus
606 2240 268 58 Metaphysicum
824 2240 101 58 ad
874 2240 151 58 nouem
975 2240 285 58 praedicamenta
1209 2240 268 58 accidentium:
1427 2240 134 58 quid
1511 2240 218 58 diuiditur
1678 2240 218 58 consimili
1829 2240 67 58 mo

133 2296 110 61 do,
196 2296 141 61 modis
290 2296 110 61 iam
353 2296 173 61 dictis,
479 2296 94 61 in
526 2296 188 61 accidens
667 2296 126 61 quod
745 2296 110 61 est
808 2296 188 61 alicuius
949 2296 235 61 simpliciter
1138 2296 157 61 absque
1248 2296 126 61 alio
1326 2296 173 61 addito:
1452 2296 126 61 quod
1530 2296 110 61 est
1593 2296 220 61 quantitas:
1765 2296 78 61 &
1797 2296 94 61 in
1828 2296 63 61 ac

135 2346 158 61 cidens
246 2346 126 61 quod
325 2346 111 61 est
388 2346 190 61 alicuius
530 2346 111 61 per
594 2346 158 61 aliud:
704 2346 79 61 &
736 2346 111 61 sic
799 2346 111 61 per
862 2346 190 61 additum:
1005 2346 95 61 vt
1052 2346 126 61 sunt
1131 2346 126 61 alia
1210 2346 221 61 accidentia
1384 2346 126 61 quae
1463 2346 111 61 non
1526 2346 158 61 insunt
1637 2346 126 61 nisi
1716 2346 111 61 per
1764 2346 126 61 quanti

139 2400 180 65 tatem:
265 2400 90 65 &
301 2400 126 65 hoc
373 2400 216 65 loquendo
535 2400 216 65 secundum
697 2400 270 65 philosophos
913 2400 126 65 qui
985 2400 126 65 non
1058 2400 234 65 posuerunt
1238 2400 252 65 accidentia
1436 2400 144 65 nisi
1526 2400 108 65 in
1580 2400 270 65 substantiis
1778 2400 108 65 cor-

138 2453 243 66 poralibus:
329 2453 87 66 &
363 2453 121 66 sic
433 2453 104 66 in
485 2453 174 66 genere
606 2453 260 66 accidentium
814 2453 191 66 mensura
953 2453 191 66 aliorum
1092 2453 121 66 est
1161 2453 243 66 quantitas:
1352 2453 139 66 quia
1439 2453 139 66 alia
1526 2453 121 66 non
1595 2453 208 66 accidunt
1734 2453 156 66 substan

135 2513 112 62 tiae
205 2513 112 62 nisi
275 2513 98 62 per
331 2513 224 62 quantitatem.
513 2513 182 62 Similiter
653 2513 168 62 accidens
779 2513 98 62 per
835 2513 126 62 aliud
919 2513 98 62 est
975 2513 112 62 vnum
1044 2513 126 62 genus
1128 2513 182 62 continens
1268 2513 112 62 octo
1338 2513 112 62 alia
1408 2513 252 62 praedicamenta:
1618 2513 112 62 quod
1688 2513 182 62 diuiditur
1828 2513 84 62 in

139 2560 186 61 accidens
278 2560 108 61 per
340 2560 139 61 aliud
433 2560 232 61 simpliciter
619 2560 155 61 absque
727 2560 124 61 alio
805 2560 155 61 addito
913 2560 124 61 quod
991 2560 108 61 est
1052 2560 186 61 relatio:
1192 2560 124 61 quae
1269 2560 139 61 nihil
1362 2560 108 61 rei
1424 2560 139 61 addit
1517 2560 139 61 super
1610 2560 124 61 suum
1688 2560 232 61 fundamentum

140 2613 110 64 per
203 2613 126 64 quod
282 2613 189 64 accidit,
424 2613 79 64 &
455 2613 94 64 in
502 2613 189 64 accidens
644 2613 110 64 per
707 2613 142 64 aliud
801 2613 173 64 additum
927 2613 126 64 quam
1006 2613 110 64 sit
1069 2613 142 64 illud
1163 2613 110 64 per
1226 2613 126 64 quod
1305 2613 173 64 accidit
1431 2613 236 64 simpliciter
1619 2613 94 64 vt
1667 2613 126 64 sunt
1745 2613 126 64 alia
1808 2613 79 64 se-

141 2673 157 59 ptem:
245 2673 140 59 quia
333 2673 210 59 qualitas
490 2673 192 59 praeter
630 2673 122 59 hoc
700 2673 140 59 quod
787 2673 192 59 accidit
927 2673 122 59 per
997 2673 175 59 aliud:
1120 2673 105 59 vt
1172 2673 122 59 per
1242 2673 280 59 quantitatem:
1469 2673 122 59 rem
1539 2673 210 59 propriam
1697 2673 227 59 absolutam

142 2717 168 65 habet.
260 2717 84 65 &
293 2717 218 65 similiter
461 2717 184 65 caetera
595 2717 134 65 sex.
679 2717 84 65 &
712 2717 117 65 sic
779 2717 151 65 inter
880 2717 151 65 talia
981 2717 235 65 accidentia
1165 2717 134 65 quae
1249 2717 201 65 accidunt
1400 2717 117 65 per
1467 2717 168 65 aliud,
1584 2717 184 65 mensura
1718 2717 117 65 est
1769 2717 117 65 rela-

136 2777 125 56 tio
207 2777 196 56 propter
350 2777 303 56 simplicitatem
600 2777 107 56 in
653 2777 232 56 accidendo
831 2777 125 56 per
903 2777 178 56 aliud.
1027 2777 196 56 Propter
1170 2777 143 56 quod
1259 2777 178 56 tertio
1384 2777 143 56 loco
1473 2777 89 56 a
1509 2777 250 56 Philosopho
1687 2777 196 56 ordinatur

145 2825 132 67 post
228 2825 265 67 substantiam:
443 2825 199 67 secundum
592 2825 132 67 quod
675 2825 149 67 super
775 2825 166 67 ipsius
891 2825 248 67 ordinatione
1089 2825 215 67 immediate
1255 2825 132 67 post
1338 2825 248 67 quantitatem
1536 2825 166 67 magnam
1636 2825 248 67 disputationem

141 2879 159 65 ponit
247 2879 247 65 Simplicius
441 2879 159 65 super
547 2879 318 65 praedicamentum
812 2879 265 65 relationis:
1024 2879 88 65 &
1059 2879 124 65 sic
1129 2879 106 65 in
1182 2879 247 65 procedendo
1376 2879 176 65 semper
1500 2879 106 65 in
1553 2879 212 65 quolibet
1712 2879 176 65 genere
1817 2879 71 65 me

151 2931 189 58 taphysico
297 2931 102 58 est
355 2931 175 58 inuenire
486 2931 116 58 vnum
559 2931 145 58 primum
660 2931 160 58 minimum
777 2931 116 58 quod
849 2931 102 58 est
908 2931 160 58 mensura
1024 2931 160 58 aliorum
1140 2931 87 58 in
1184 2931 160 58 ratione
1300 2931 145 58 illius
1402 2931 189 58 communis:
1548 2931 131 58 licet
1635 2931 102 58 non
1693 2931 175 58 secundum
1824 2931 87 58 id

148 2985 123 67 quid
225 2985 123 67 alia
302 2985 154 67 addunt
410 2985 123 67 nisi
487 2985 108 67 per
548 2985 185 67 accidens
687 2985 93 67 vt
734 2985 139 67 patet
826 2985 93 67 ex
872 2985 170 67 dictis.
996 2985 108 67 Non
1057 2985 139 67 solum
1150 2985 139 67 autem
1242 2985 185 67 secundum
1381 2985 154 67 dictum
1489 2985 139 67 modum
1582 2985 108 67 est
1643 2985 185 67 inuenire
1767 2985 123 67 mensu-

140 3037 106 65 ram
200 3037 91 65 in
246 3037 151 65 genere
352 3037 242 65 metaphysico:
548 3037 121 65 quod
624 3037 181 65 secundum
760 3037 136 65 dicta
851 3037 106 65 non
911 3037 136 65 habet
1002 3037 242 65 communitatem
1198 3037 121 65 nisi
1274 3037 212 65 analogicam
1440 3037 136 65 puram
1531 3037 91 65 in
1576 3037 121 65 quae
1652 3037 106 65 est
1713 3037 136 65 solum
1788 3037 106 65 nomen

137 3087 155 86 comne:
246 3087 78 86 &
277 3087 140 86 nulla
370 3087 124 86 res:
448 3087 140 86 neque
541 3087 186 86 secundum
680 3087 186 86 rationem
820 3087 186 86 naturae,
960 3087 140 86 neque
1053 3087 186 86 secundum
1192 3087 186 86 rationem
1332 3087 310 86 considerationis:
1596 3087 109 86 sed
1658 3087 140 86 etiam
1751 3087 109 86 est
1797 3087 109 86 inue
