2396 3603
171 249 137 87 det.
256 249 222 87 Respondet
428 249 171 87 reuera
547 249 188 87 multis:
684 249 137 87 quia
770 249 120 87 non
838 249 171 87 pietas
958 249 120 87 sed
1026 249 188 87 ambitio
1163 249 103 87 ad
1215 249 205 87 petendum
1369 249 120 87 pro
1437 249 103 87 se
1488 249 308 87 dispensationem
1728 249 171 87 mouetur.

176 322 139 62 Vnde
262 322 226 62 Bernardus
436 322 104 62 in
488 322 208 62 epistola
645 322 104 62 ad
697 322 208 62 Henricum
853 322 243 62 Senonensem
1044 322 330 62 archiepiscopum.
1322 322 156 62 Multi
1426 322 122 62 non
1496 322 156 62 tanta
1600 322 191 62 fiducia
1739 322 87 62 &
1756 322 139 62 alacri

165 375 136 64 tate
250 375 220 64 currerent
419 375 102 64 ad
470 375 203 64 honores,
623 375 102 64 si
674 375 85 64 &
707 375 102 64 se
758 375 237 64 sentirent,
945 375 85 64 &
979 375 170 64 onera,
1097 375 186 64 grauari
1233 375 203 64 profecto
1385 375 237 64 metuerent,
1572 375 119 64 nec
1640 375 119 64 cum
1708 375 153 64 tanto
1792 375 102 64 labo

174 431 101 55 re
225 431 84 55 &
258 431 202 55 periculo
410 431 253 55 quarumlibet
613 431 253 55 affectarent
815 431 186 55 infulas
950 431 253 55 dignitatum.
1153 431 135 55 Nunc
1237 431 135 55 vero
1321 431 135 55 quia
1406 431 135 55 sola
1490 431 236 55 attenditur
1676 431 169 55 gloria
1794 431 84 55 &
1811 431 84 55 non

176 480 154 75 poena,
283 480 139 75 purum
376 480 123 75 esse
453 480 185 75 clericum
591 480 231 75 erubescitur
776 480 92 75 in
822 480 200 75 ecclesia:
976 480 92 75 se
1022 480 92 75 se
1068 480 139 75 viles
1161 480 200 75 aestimant
1315 480 77 75 &
1345 480 215 75 inglorios,
1515 480 108 75 qui
1576 480 200 75 quocumque
1715 480 169 75 eminentio

171 536 96 64 ri
219 536 128 64 loco
299 536 112 64 non
364 536 177 64 fuerint
492 536 225 64 sublimati.
669 536 80 64 &
701 536 161 64 infra.
813 536 161 64 Semper
926 536 209 64 aestuante
1086 536 225 64 desiderio,
1263 536 112 64 quo
1327 536 161 64 vtique
1439 536 145 64 magis
1536 536 96 64 ac
1584 536 145 64 magis
1680 536 80 64 &
1696 536 193 64 dilatentur

172 599 95 60 in
220 599 159 60 plura,
331 599 80 60 &
363 599 95 60 ad
411 599 207 60 caelestia
570 599 255 60 sublimentur.
777 599 80 60 &
808 599 111 60 ita
872 599 143 60 huius
967 599 111 60 rei
1031 599 159 60 gratia
1142 599 111 60 non
1206 599 239 60 pigritantur
1397 599 159 60 crebro
1508 599 159 60 terere
1620 599 159 60 limina
1715 599 175 60 apostolo-

173 639 127 68 rum:
253 639 207 68 inuenturi
412 639 79 68 &
443 639 111 68 ibi
507 639 127 68 quid
586 639 143 68 magis
682 639 191 68 dolendum
825 639 127 68 est:
904 639 143 68 illos
1000 639 191 68 scilicet
1143 639 111 68 qui
1206 639 127 68 suae
1286 639 175 68 faueant
1413 639 191 68 improbae
1556 639 223 68 voluntati.
1731 639 111 68 Non
1795 639 127 68 quod

177 704 157 57 valde
281 704 174 57 Romani
403 704 174 57 curent
525 704 122 57 quo
595 704 140 57 fine
682 704 122 57 res
752 704 262 57 terminetur:
962 704 122 57 sed
1031 704 140 57 quia
1118 704 157 57 valde
1223 704 209 57 diligunt
1380 704 192 57 munera:
1520 704 227 57 sequuntur
1677 704 209 57 retributio

174 742 137 72 nes.
260 742 137 72 Nude
346 742 137 72 nuda
431 742 189 72 loquore
569 742 120 72 non
637 742 172 72 detego
758 742 206 72 verenda:
912 742 120 72 sed
981 742 258 72 inuerecunda
1187 742 206 72 confuto.
1342 742 103 72 De
1393 742 120 72 hoc
1462 742 155 72 libro
1565 742 172 72 tertio
1685 742 103 72 ad
1719 742 172 72 Eugenium

171 800 160 72 papam.
283 800 96 72 An
331 800 112 72 non
395 800 160 72 limina
507 800 240 72 apostolorum
700 800 112 72 iam
764 800 128 72 plus
844 800 176 72 ambitio
972 800 128 72 quam
1052 800 176 72 deuotio
1180 800 160 72 terit:
1292 800 96 72 an
1340 800 112 72 non
1404 800 176 72 vocibus
1533 800 128 72 eius
1613 800 176 72 vestrum
1741 800 128 72 tota
1805 800 80 72 die

172 857 198 64 resultat
320 857 214 64 palatium:
485 857 99 64 An
534 857 115 64 non
600 857 231 64 quaestibus
782 857 132 64 eius
864 857 132 64 tota
947 857 148 64 legum
1046 857 231 64 canonumque
1227 857 231 64 disciplina
1409 857 198 64 insudat:
1557 857 99 64 an
1607 857 115 64 non
1673 857 181 64 spoliis
1788 857 99 64 eius

165 905 146 63 omnis
262 905 162 63 ltalia
376 905 162 63 inhiat
490 905 244 63 inexplebili
685 905 227 63 auiditate:
863 905 97 63 Si
912 905 130 63 vero
993 905 162 63 petens
1107 905 114 63 pro
1172 905 97 63 se
1221 905 292 63 dispensationem
1465 905 179 63 quaerit
1595 905 130 63 quid
1676 905 162 63 oneris
1790 905 114 63 est
1838 905 49 63 &

170 965 217 58 seruitii,
337 965 117 58 aut
404 965 133 58 ergo
487 965 183 58 quaerit
620 965 150 58 illud
720 965 100 58 ex
770 965 217 58 desiderio
937 965 83 58 &
970 965 250 58 affectione,
1170 965 117 58 aut
1236 965 100 58 ex
1286 965 250 58 necessitate
1486 965 83 58 &
1520 965 183 58 timore.
1653 965 150 58 Primo
1753 965 133 58 modo
1819 965 67 58 om

162 1013 135 68 nino
246 1013 118 68 non
314 1013 168 68 licet:
431 1013 135 68 quia
516 1013 152 68 locus
617 1013 219 68 regiminis
785 1013 303 68 desiderantibus
1038 1013 202 68 negandus
1189 1013 135 68 est,
1273 1013 253 68 fugientibus
1475 1013 253 68 offerendus.
1677 1013 101 68 vt
1728 1013 152 68 dicit
1812 1013 84 68 Gre

170 1063 162 74 gorius
283 1063 179 74 octaua,
413 1063 227 74 Quaestione
592 1063 162 74 prima,
706 1063 146 74 caplo
803 1063 97 74 In
852 1063 244 74 scripturis.
1047 1063 130 74 Vnde
1128 1063 162 74 petens
1242 1063 292 74 dispensationem
1486 1063 114 74 pro
1551 1063 114 74 se,
1616 1063 227 74 desiderans
1795 1063 81 74 &
1811 1063 81 74 afa

171 1112 176 77 fectans
299 1112 128 77 onus
379 1112 144 77 atque
476 1112 208 77 seruitium
636 1112 144 77 etiam
732 1112 224 77 intentione
908 1112 240 77 proficiendi
1101 1112 128 77 sibi
1181 1112 80 77 &
1213 1112 160 77 aliis,
1325 1112 144 77 zelum
1421 1112 112 77 dei
1485 1112 144 77 habet
1581 1112 80 77 &
1614 1112 224 77 desiderium
1774 1112 112 77 profi

176 1171 180 70 ciendi,
306 1171 114 70 sed
372 1171 114 70 non
437 1171 196 70 secundum
584 1171 229 70 scientiam:
764 1171 131 70 quia
845 1171 212 70 occupatio
1009 1171 114 70 non
1074 1171 147 70 debet
1172 1171 131 70 esse
1254 1171 163 70 omnino
1368 1171 98 70 in
1417 1171 212 70 desiderio
1581 1171 147 70 etiam
1679 1171 147 70 illis
1760 1171 131 70 quibus

167 1227 189 65 incumbit
309 1227 95 65 in
357 1227 142 65 vnico
451 1227 221 65 beneficio.
625 1227 174 65 dicente
751 1227 189 65 Gregorio
893 1227 95 65 in
940 1227 142 65 glos.
1035 1227 142 65 super
1130 1227 142 65 Exod.
1224 1227 174 65 xxiiii.
1351 1227 158 65 Sancti
1461 1227 126 65 viri
1540 1227 110 65 qui
1603 1227 252 65 exterioribus
1792 1227 95 65 ser-

169 1288 130 68 uire
250 1288 179 68 officii
380 1288 244 68 necessitate
575 1288 211 68 coguntur,
737 1288 195 68 studiose
883 1288 162 68 semper
997 1288 97 68 ad
1046 1288 162 68 cordis
1159 1288 179 68 secreta
1289 1288 227 68 refugiunt.
1468 1288 146 68 Multo
1565 1288 130 68 ergo
1646 1288 146 68 minus
1728 1288 162 68 affectan

168 1341 101 61 da
219 1341 118 61 est
286 1341 101 61 in
337 1341 220 61 pluribus:
506 1341 118 61 cum
573 1341 118 61 vix
641 1341 118 61 sit
709 1341 186 61 aliquis
844 1341 118 61 qui
911 1341 152 61 vnico
1013 1341 220 61 sufficere
1182 1341 186 61 possit,
1317 1341 101 61 vt
1367 1341 169 61 dictum
1486 1341 135 61 est.
1570 1341 186 61 Secundo
1705 1341 135 61 modo
1790 1341 101 61 in
1823 1341 68 61 ca

173 1388 96 65 su
221 1388 145 65 forte
318 1388 177 65 licitum
446 1388 129 65 esse
526 1388 177 65 potest.
655 1388 129 65 Vnde
735 1388 273 65 distinguendum
960 1388 129 65 est:
1041 1388 129 65 quod
1121 1388 161 65 petens
1233 1388 112 65 aut
1298 1388 241 65 imperfectus
1490 1388 112 65 est
1555 1388 241 65 virtutibus:
1747 1388 80 65 &
1763 1388 129 65 plures

177 1443 212 61 supersunt
340 1443 114 61 qui
405 1443 163 61 melius
519 1443 147 61 oneri
617 1443 212 61 beneficii
780 1443 196 61 alterius
926 1443 196 61 impositi
1073 1443 228 61 sufficiunt
1252 1443 130 61 quam
1334 1443 130 61 ipse
1415 1443 147 61 solus
1513 1443 179 61 duobus:
1644 1443 114 61 aut
1709 1443 114 61 tam
1758 1443 130 61 perfe-

180 1495 117 74 ctus
254 1495 102 74 est
312 1495 220 74 virtutibus:
488 1495 88 74 vt
532 1495 146 74 melius
634 1495 190 74 sufficiat
781 1495 132 74 oneri
868 1495 190 74 vtriusque
1015 1495 190 74 beneficii
1161 1495 117 74 quam
1234 1495 161 74 aliquis
1351 1495 102 74 qui
1410 1495 176 74 superest
1542 1495 190 74 sufficere
1688 1495 161 74 poterit
1791 1495 102 74 oneri

172 1554 214 57 alterius.
336 1554 148 57 Primo
435 1554 132 57 modo
518 1554 148 57 adhuc
616 1554 115 57 non
682 1554 148 57 licet
781 1554 165 57 petere
896 1554 115 57 pro
962 1554 115 57 se:
1028 1554 132 57 quia
1111 1554 115 57 hoc
1177 1554 115 57 non
1242 1554 132 57 sine
1325 1554 231 57 temeritate
1506 1554 115 57 aut
1572 1554 214 57 ambitione
1737 1554 132 57 esse
1803 1554 82 57 pos

175 1605 137 64 set.
261 1605 137 64 Hinc
346 1605 154 64 dicit
449 1605 223 64 Gregorius
621 1605 154 64 primo
724 1605 223 64 pastoral.
896 1605 240 64 Virtutibus
1084 1605 206 64 pollens,
1239 1605 189 64 coactus
1376 1605 103 64 ad
1428 1605 189 64 regimen
1565 1605 189 64 veniat:
1685 1605 206 64 virtutibus

186 1667 172 61 vacuus,
312 1667 110 61 nec
374 1667 172 61 coactus
499 1667 188 61 accedat.
640 1667 94 61 Et
687 1667 141 61 sicut
781 1667 110 61 est
844 1667 94 61 de
891 1667 188 61 regimine
1031 1667 156 61 populi
1141 1667 94 61 in
1188 1667 141 61 eodem
1282 1667 219 61 beneficio:
1454 1667 110 61 ita
1516 1667 78 61 &
1548 1667 94 61 de
1595 1667 188 61 seruitio
1720 1667 172 61 ecclesiae

177 1722 159 58 maxime
288 1722 95 58 in
336 1722 206 58 diuersis:
494 1722 127 58 quia
574 1722 143 58 eadem
669 1722 143 58 causa
764 1722 222 58 vtrobique.
938 1722 95 58 Si
986 1722 143 58 autem
1081 1722 111 58 sit
1145 1722 174 58 aliquis
1271 1722 111 58 tam
1335 1722 206 58 perfectus
1494 1722 222 58 virtutibus
1668 1722 79 58 &
1684 1722 206 58 spirituali-

174 1764 119 66 bus
242 1764 136 66 dico
327 1764 85 66 &
361 1764 288 66 corporalibus,
598 1764 102 66 vt
649 1764 170 66 melius
768 1764 221 66 sufficiat
938 1764 119 66 cum
1006 1764 153 66 onere
1107 1764 119 66 sui
1175 1764 221 66 beneficii
1345 1764 136 66 quod
1430 1764 204 66 obtinet,
1583 1764 102 66 ad
1633 1764 221 66 explendum
1786 1764 102 66 onus

173 1817 210 60 beneficii
334 1817 145 60 super
431 1817 129 60 quod
512 1817 242 60 dispensatio
706 1817 226 60 imploranda
884 1817 129 60 est,
965 1817 97 60 vt
1013 1817 81 60 &
1046 1817 226 60 necessitas
1223 1817 242 60 impellentis
1417 1817 307 60 opportunitatis,
1676 1817 113 60 vel
1741 1817 178 60 suaden-

174 1873 108 57 tis
235 1873 231 57 vtilitatis,
420 1873 185 57 publicae
558 1873 123 57 dico
635 1873 108 57 non
697 1873 200 57 priuatae,
851 1873 92 57 ad
897 1873 246 57 dispensandum
1097 1873 185 57 suadeat,
1236 1873 92 57 in
1282 1873 108 57 hoc
1343 1873 123 57 casu
1420 1873 108 57 aut
1482 1873 154 57 habens
1590 1873 215 57 potestatem
1743 1873 139 57 dispen-

168 1926 152 74 sandi
269 1926 185 74 quaerit
404 1926 118 74 cum
472 1926 118 74 quo
539 1926 169 74 possit
657 1926 236 74 dispensare
843 1926 219 74 imponendo
1011 1926 101 74 ei
1062 1926 135 74 onus
1146 1926 219 74 beneficii
1315 1926 219 74 vacantis:
1483 1926 118 74 aut
1551 1926 135 74 non.
1635 1926 101 74 In
1686 1926 185 74 secundo
1804 1926 84 74 mo-

176 1983 100 58 do
226 1983 167 58 adhuc,
344 1983 100 58 vt
394 1983 217 58 arbitror,
561 1983 151 58 nullo
661 1983 134 58 modo
745 1983 167 58 petere
862 1983 167 58 potest
979 1983 100 58 vt
1029 1983 100 58 in
1079 1983 184 58 secundo
1213 1983 217 58 beneficio
1380 1983 217 58 obtinendo
1548 1983 151 58 secum
1648 1983 268 58 dispensetur:

162 2039 85 65 &
196 2039 118 65 hoc
264 2039 186 65 propter
399 2039 186 65 speciem
534 2039 135 65 mali
619 2039 85 65 &
653 2039 237 65 ambitionis
839 2039 271 65 suspitionem.
1058 2039 101 65 De
1109 2039 118 65 hac
1177 2039 186 65 sarcina
1312 2039 186 65 secundi
1447 2039 220 65 beneficii
1616 2039 152 65 credo
1701 2039 186 65 dicendum:

174 2092 151 57 sicut
275 2092 151 57 dicit
375 2092 234 57 Augustinus
559 2092 100 57 de
610 2092 251 57 suscipienda
810 2092 184 57 sarcina
944 2092 251 57 episcopalis
1145 2092 201 57 officii.
1296 2092 151 57 supra
1396 2092 234 57 decimonono
1581 2092 100 57 de
1631 2092 201 57 ciuitate
1782 2092 134 57 dei.

177 2143 127 63 Quam
257 2143 191 63 sarcinam
399 2143 95 63 si
447 2143 159 63 nuilus
558 2143 175 63 imponit
685 2143 191 63 vacandum
828 2143 127 63 est.
908 2143 111 63 Sed
971 2143 95 63 in
1019 2143 127 63 casu
1098 2143 143 63 credo
1193 2143 127 63 quod
1273 2143 175 63 deberet
1400 2143 254 63 sufficienter
1606 2143 206 63 insinuare
1749 2143 143 63 habenti

169 2200 236 68 potestatem
355 2200 253 68 dispensandi
557 2200 101 68 vt
608 2200 236 68 prouideret
793 2200 101 68 de
844 2200 185 68 persona
978 2200 118 68 cui
1046 2200 169 68 posset
1164 2200 253 68 dispensando
1366 2200 202 68 imponere
1518 2200 135 68 onus
1602 2200 169 68 illud:
1720 2200 84 68 &
1754 2200 118 68 sic
1822 2200 101 68 in

170 2254 131 62 eius
252 2254 262 62 dispositione
465 2254 246 62 relinquere,
661 2254 115 62 nec
727 2254 197 62 vlterius
874 2254 197 62 quicquam
1022 2254 164 62 agere.
1136 2254 98 62 Si
1185 2254 131 62 vero
1267 2254 197 62 quaerens
1415 2254 115 62 cum
1480 2254 115 62 quo
1546 2254 164 62 possit
1661 2254 246 62 dispensare,
1841 2254 49 62 &

175 2306 111 62 non
238 2306 111 62 est
302 2306 190 62 inuentus
444 2306 95 62 ab
491 2306 111 62 eo:
554 2306 111 62 cui
618 2306 158 62 potest
728 2306 126 62 onus
807 2306 158 62 illius
918 2306 174 62 secundi
1044 2306 205 62 beneficii
1202 2306 190 62 conferre
1345 2306 95 62 ad
1392 2306 205 62 profectum
1550 2306 221 62 ecclesiae:
1724 2306 95 62 in
1771 2306 111 62 hoc
1819 2306 63 62 ca

173 2357 102 63 su
224 2357 152 63 credo
325 2357 135 63 quod
410 2357 169 63 potest
529 2357 152 63 semet
630 2357 152 63 ipsum
732 2357 186 63 offerre
867 2357 186 63 paratum
1003 2357 102 63 ad
1053 2357 135 63 onus
1138 2357 271 63 suscipiendum
1358 2357 85 63 &
1392 2357 220 63 ecclesiae
1561 2357 254 63 seruiendum:
1764 2357 102 63 ad
1798 2357 85 63 mo-

171 2418 114 55 dum
236 2418 114 55 quo
301 2418 180 55 obtulit
432 2418 98 55 se
481 2418 180 55 Esaias.
612 2418 196 55 secundum
759 2418 131 55 quod
841 2418 180 55 dicitur
972 2418 163 55 Esaiae
1086 2418 163 55 sexto.
1200 2418 163 55 Audiui
1315 2418 147 55 vocem
1413 2418 163 55 domini
1527 2418 213 55 dicentis:
1691 2418 131 55 quem
1756 2418 131 55 mittam

174 2468 80 52 &
206 2468 128 52 quis
286 2468 128 52 ibit
366 2468 160 52 nobis:
478 2468 80 52 &
510 2468 144 52 dixi.
606 2468 128 52 ecce
687 2468 128 52 ego:
767 2468 144 52 mitte
863 2468 112 52 me.
927 2468 80 52 &
959 2468 160 52 dixit,
1071 2468 144 52 vade.
1167 2468 112 52 Hic
1231 2468 144 52 dicit
1327 2468 224 52 Gregorius.
1504 2468 144 52 Sicut
1600 2468 128 52 toto
1680 2468 208 52 desiderio
1824 2468 64 52 de

169 2514 148 59 bemus
267 2514 262 59 occupationem
480 2514 180 59 fugere,
612 2514 115 59 ita
677 2514 98 59 si
726 2514 148 59 desit
825 2514 115 59 qui
890 2514 213 59 praesidet
1054 2514 262 59 occupationis
1268 2514 131 59 onus
1350 2514 180 59 libenti
1481 2514 180 59 necesse
1612 2514 115 59 est
1678 2514 148 59 animo
1760 2514 131 59 subire

173 2569 94 59 Et
220 2569 109 59 hoc
283 2569 94 59 vt
330 2569 141 59 dicit
423 2569 141 59 Augu.
517 2569 172 59 propter
642 2569 250 59 necessitatem
845 2569 234 59 charitatis:
1032 2569 78 59 &
1063 2569 109 59 hoc
1126 2569 125 59 nisi
1204 2569 203 59 probabili
1360 2569 234 59 praecedente
1547 2569 219 59 coniectura
1719 2569 125 59 quod
1782 2569 109 59 oneri

174 2623 128 66 plus
254 2623 144 66 aliis
350 2623 176 66 valeat:
478 2623 80 66 &
510 2623 128 66 quod
590 2623 128 66 tunc
671 2623 112 66 non
735 2623 128 66 nisi
815 2623 112 66 cum
879 2623 160 66 timore
991 2623 192 66 accedat.
1135 2623 176 66 dicente
1263 2623 192 66 Gregorio
1407 2623 96 66 in
1455 2623 144 66 onere
1552 2623 144 66 quasi
1648 2623 224 66 consimili.
1808 2623 80 66 pri

168 2678 120 71 ma,
236 2678 239 71 quaestione
424 2678 171 71 prima.
544 2678 120 71 Non
612 2678 239 71 reputanda.
800 2678 205 71 Quisquis
954 2678 256 71 sacerdotium
1159 2678 120 71 non
1227 2678 102 71 ad
1278 2678 222 71 elationis
1449 2678 188 71 pompam:
1586 2678 120 71 sed
1654 2678 102 71 ad
1688 2678 205 71 vtilitatem

169 2725 190 62 adipisci
312 2725 222 62 desiderat:
487 2725 143 62 prius
582 2725 143 62 vires
677 2725 127 62 suas
756 2725 111 62 cum
820 2725 95 62 eo
867 2725 127 62 quid
947 2725 206 62 subiturus
1105 2725 111 62 est
1169 2725 143 62 onere
1264 2725 206 62 metiatur:
1423 2725 95 62 vt
1470 2725 95 62 si
1518 2725 111 62 est
1581 2725 159 62 impar,
1693 2725 222 62 abstineat:

174 2780 86 66 &
208 2780 103 66 ad
260 2780 103 66 id
311 2780 120 66 cum
380 2780 138 66 metu
466 2780 155 66 etiam
570 2780 120 66 cui
639 2780 103 66 se
690 2780 224 66 sufficere
862 2780 224 66 aestimat,
1034 2780 207 66 accedat.
1189 2780 172 66 Quanto
1310 2780 155 66 magis
1413 2780 138 66 ergo
1499 2780 103 66 ad
1551 2780 138 66 onus
1637 2780 189 66 plurium
1757 2780 138 66 benefi

179 2837 175 55 ciorum:
307 2837 112 55 cui
370 2837 144 55 nullo
466 2837 128 55 modo
546 2837 96 55 se
594 2837 207 55 sufficere
753 2837 207 55 aestimare
913 2837 175 55 potest:
1040 2837 128 55 nisi
1120 2837 255 55 comparatiue:
1328 2837 128 55 quia
1407 2837 128 55 alii
1487 2837 255 55 sufficientes
1695 2837 160 55 omnino
1806 2837 112 55 de-

175 2884 153 67 sunt:
277 2884 85 67 &
311 2884 136 67 tunc
396 2884 153 67 casus
497 2884 255 67 dispensandi
701 2884 119 67 cum
769 2884 102 67 eo
820 2884 221 67 occurrit:
990 2884 102 67 vt
1041 2884 102 67 ei
1091 2884 153 67 plura
1193 2884 221 67 beneficia
1363 2884 153 67 quasi
1465 2884 187 67 propter
1601 2884 238 67 clericorum
1770 2884 119 67 pauci

164 2949 159 54 tatem
270 2949 300 54 committantur.
517 2949 106 54 Et
570 2949 106 54 si
623 2949 123 54 sic
693 2949 212 54 promptum
852 2949 106 54 se
905 2949 194 54 offerre
1046 2949 106 54 vt
1099 2949 123 54 cum
1169 2949 106 54 eo
1222 2949 264 54 dispensetur
1434 2949 106 54 ad
1487 2949 247 54 obtinendum
1680 2949 159 54 simul
1769 2949 123 54 plura

170 2993 214 59 beneficia,
338 2993 214 59 appelletur
505 2993 153 59 petere
612 2993 107 59 pro
673 2993 92 59 se
719 2993 290 59 dispensationem:
963 2993 122 59 dico
1039 2993 122 59 quod
1115 2993 92 59 in
1161 2993 107 59 hoc
1222 2993 122 59 solo
1298 2993 122 59 casu
1375 2993 137 59 licet
1466 2993 153 59 petere
1573 2993 290 59 dispensationem.
1802 2993 92 59 Nisi

165 3040 146 74 forte
262 3040 130 74 quis
344 3040 163 74 habeat
458 3040 228 74 beneficium
636 3040 195 74 intantum
783 3040 146 74 tenue
880 3040 130 74 quod
962 3040 146 74 nullo
1059 3040 130 74 modo
1141 3040 195 74 personae
1287 3040 130 74 suae
1368 3040 228 74 sufficiat.
1547 3040 98 74 In
1596 3040 114 74 hoc
1661 3040 130 74 enim
1743 3040 130 74 casu
1808 3040 81 74 for

163 3093 101 84 te
214 3093 168 84 posset
331 3093 168 84 petere
449 3093 319 84 dispensationem:
717 3093 101 84 ad
767 3093 151 84 modum
868 3093 117 84 quo
935 3093 168 84 pauper
1053 3093 201 84 clericus
1204 3093 117 84 qui
1271 3093 168 84 nullum
1388 3093 168 84 omnino
1506 3093 235 84 beneficium
1691 3093 185 84 adeptus
1808 3093 84 84 est
