2396 3720
113 229 123 71 est
184 229 229 71 liberatus
360 229 141 71 nisi
448 229 159 71 super
554 229 123 71 hoc
624 229 317 71 dispensationem
888 229 123 71 aut
959 229 229 71 licentiam
1135 229 247 71 obtinuerit
1329 229 282 71 competentem.
1558 229 88 71 &
1593 229 141 71 quid
1681 229 159 71 maius
1769 229 106 71 est:

119 285 107 62 si
173 285 142 62 quis
261 285 213 62 promisit
421 285 195 62 intrare
563 285 142 62 vnum
652 285 266 62 monasterium
865 285 107 62 ex
918 285 284 62 religionibus
1149 285 249 62 habentibus
1344 285 142 62 bona
1433 285 249 62 temporalia
1628 285 195 62 mobilia
1770 285 89 62 &
1788 285 89 62 im-

117 339 207 73 mobilia
268 339 245 73 distincta
456 339 226 73 secundum
625 339 320 73 distinctionem
889 339 339 73 monasteriorum,
1171 339 132 73 non
1247 339 188 73 soluit
1379 339 245 73 promissum
1567 339 226 73 intrando
1736 339 169 73 aliud

124 392 163 67 sicut
233 392 218 67 aestimo,
396 392 109 67 vt
451 392 127 67 qui
523 392 163 67 vouit
632 392 200 67 intrare
777 392 272 67 monasterium
995 392 200 67 ordinis
1140 392 181 67 sancti
1267 392 236 67 Benedicti
1449 392 145 67 apud
1539 392 200 67 sanctum
1666 392 200 67 Dionysium

117 446 131 58 non
192 446 188 58 soluit
324 446 244 58 promissum
512 446 225 58 complete
681 446 225 58 intrando
850 446 169 58 illud
962 446 150 58 apud
1056 446 207 58 sanctum
1207 446 244 58 Germanum:
1394 446 150 58 quia
1488 446 150 58 etsi
1582 446 282 58 satisfaciat
1789 446 75 58 re

116 492 193 78 ligioni
257 492 141 78 siue
345 492 176 78 ordini
468 492 263 78 simpliciter
679 492 88 78 &
714 492 105 78 in
766 492 123 78 hoc
837 492 141 78 deo:
924 492 123 78 non
995 492 158 78 tamen
1100 492 246 78 satisfacit
1293 492 246 78 monasterio
1487 492 123 78 cui
1557 492 158 78 fecit
1662 492 141 78 suam
1732 492 141 78 promis

121 555 194 61 sionis:
262 555 106 61 si
315 555 123 61 non
386 555 159 61 velit
492 555 229 61 remittere
668 555 247 61 promissum:
862 555 141 61 quia
950 555 194 61 aliquid
1091 555 159 61 iuris
1197 555 159 61 habet
1303 555 106 61 ex
1356 555 141 61 illo
1444 555 212 61 promisso
1603 555 159 61 illud
1691 555 176 61 monaste-

124 606 139 71 rium
211 606 139 71 quod
298 606 122 71 non
367 606 157 71 habet
472 606 174 71 aliud.
594 606 157 71 secus
698 606 157 71 autem
803 606 122 71 est
872 606 104 71 de
925 606 226 71 religione
1099 606 104 71 in
1151 606 122 71 qua
1221 606 192 71 diuersa
1360 606 244 71 monasteria
1552 606 157 71 nihil
1656 606 139 71 sibi
1726 606 139 71 appro-

122 663 190 63 priant,
260 663 121 63 sed
329 663 208 63 quicquid
485 663 173 63 habent
606 663 208 63 proprium
762 663 121 63 est
831 663 138 63 toti
918 663 225 63 religioni
1091 663 121 63 pro
1160 663 208 63 singulis
1316 663 225 63 fratribus
1489 663 156 63 eius:
1593 663 104 63 vt
1645 663 190 63 quantum
1783 663 121 63 iu-

112 715 126 61 ris
184 715 161 61 habet
291 715 215 61 singulus
453 715 161 61 eorum
561 715 108 61 in
614 715 161 61 bonis
722 715 161 61 vnius
830 715 269 61 monasterii:
1045 715 179 61 tantum
1170 715 161 61 habet
1278 715 108 61 in
1332 715 161 61 bonis
1439 715 233 61 alterius.
1619 715 197 61 Propter
1762 715 144 61 quod

121 775 98 59 ex
170 775 114 59 suo
235 775 196 59 promisso
382 775 147 59 nihil
479 775 130 59 plus
561 775 147 59 iuris
659 775 98 59 in
708 775 147 59 illum
805 775 196 59 acquirit
952 775 130 59 vnum
1034 775 245 59 monasterium
1229 775 130 59 quam
1311 775 163 59 aliud.
1425 775 179 59 propter
1555 775 130 59 quod
1637 775 163 59 vouens
1735 775 130 59 intra-

124 822 104 55 re
176 822 156 55 vnum,
279 822 138 55 sine
366 822 138 55 omni
452 822 190 55 iniuria
590 822 173 55 illius
711 822 173 55 potest
832 822 190 55 intrare
970 822 156 55 aliud
1074 822 86 55 &
1109 822 173 55 soluit
1230 822 207 55 persecte
1385 822 242 55 promissum:
1575 822 104 55 vt
1627 822 225 55 contingit
1800 822 104 55 in

111 876 319 66 religionibus
371 876 220 66 fratrum
530 876 339 66 praedicatorum
810 876 100 66 &
850 876 240 66 Minorum.
1029 876 120 66 Ad
1089 876 280 66 argumentum
1309 876 120 66 in
1369 876 260 66 oppositum
1569 876 160 66 quod
1648 876 220 66 sufficien

119 927 122 64 ter
188 927 227 64 liberatus
363 927 139 64 est:
450 927 139 64 quia
537 927 244 64 aequaliter
728 927 174 64 soluit
850 927 227 64 promissum
1025 927 122 64 quo
1094 927 105 64 ad
1147 927 139 64 tria
1234 927 261 64 essentialia
1443 927 105 64 in
1495 927 174 64 votis:
1617 927 209 64 Dicendum
1756 927 105 64 quod

121 985 122 63 non
190 985 122 63 est
260 985 174 63 verum:
382 985 139 63 quia
469 985 139 63 iste
556 985 122 63 non
626 985 157 63 solum
730 985 226 63 promittit
904 985 244 63 religionem
1096 985 122 63 vbi
1165 985 139 63 tria
1253 985 139 63 vota
1340 985 261 63 essentialia
1549 985 279 63 obseruantur:
1775 985 122 63 sed

122 1036 123 65 vbi
193 1036 159 65 etiam
299 1036 123 65 cum
369 1036 194 65 talibus
510 1036 282 65 obseruantiis
739 1036 282 65 obseruantur.
968 1036 88 65 &
1004 1036 141 65 quid
1092 1036 194 65 amplius
1233 1036 123 65 est
1303 1036 106 65 si
1356 1036 176 65 eaedem
1479 1036 282 65 obseruantiae
1691 1036 176 65 custodi-

120 1085 182 73 rentur:
253 1085 199 73 postquam
402 1085 149 73 tamen
501 1085 116 73 non
567 1085 165 73 essent
683 1085 116 73 eis
749 1085 149 73 omnia
848 1085 232 73 aequaliter
1030 1085 199 73 conmunia
1179 1085 149 73 sicut
1278 1085 116 73 non
1345 1085 132 73 sunt
1427 1085 199 73 diuersis
1576 1085 248 73 monasteriis
1775 1085 99 73 in
1808 1085 66 73 ea

122 1143 121 67 dem
191 1143 226 67 religione
365 1143 243 67 quandoque,
555 1143 156 67 adhuc
660 1143 121 67 non
729 1143 278 67 satisfaceret
955 1143 121 67 quo
1024 1143 104 67 ad
1076 1143 121 67 eos
1146 1143 174 67 quibus
1267 1143 156 67 facta
1371 1143 139 67 erat
1458 1143 226 67 promissio
1631 1143 156 67 licet
1718 1143 139 67 satis-

114 1193 205 72 faceret
263 1193 130 72 quo
338 1193 112 72 ad
394 1193 130 72 rem
468 1193 261 72 promissam.
673 1193 130 72 Non
748 1193 149 72 enim
841 1193 130 72 qui
915 1193 205 72 aliquid
1064 1193 242 72 promittit
1250 1193 130 72 vni
1325 1193 93 72 &
1362 1193 112 72 in
1418 1193 130 72 hoc
1493 1193 205 72 debitor
1642 1193 149 72 eius
1716 1193 149 72 factus

121 1252 130 69 est,
202 1252 227 69 satisfacit
380 1252 97 69 si
429 1252 114 69 hoc
494 1252 162 69 soluit
607 1252 178 69 alteri,
737 1252 130 69 immo
818 1252 97 69 si
867 1252 114 69 sit
932 1252 114 69 res
996 1252 130 69 quae
1077 1252 162 69 potest
1191 1252 97 69 ab
1240 1252 146 69 eodem
1337 1252 146 69 solui
1434 1252 195 69 pluribus
1580 1252 195 69 postquam
1710 1252 162 69 soluerit

115 1313 126 58 vni
187 1313 162 58 debet
295 1313 126 58 eam
368 1313 162 58 adhuc
476 1313 198 58 soluere
620 1313 198 58 alteri,
764 1313 108 58 vt
819 1313 108 58 si
873 1313 126 58 vni
945 1313 198 58 promisi
1089 1313 217 58 denarium
1252 1313 90 58 &
1288 1313 198 58 credens
1432 1313 198 58 soluere
1576 1313 144 58 siue
1649 1313 217 58 satisface-

116 1360 110 64 re
171 1360 129 64 dem
244 1360 220 64 denarium
409 1360 184 64 alteri
538 1360 147 64 puta
630 1360 202 64 pauperi
777 1360 110 64 in
832 1360 294 64 eleemosynam,
1070 1360 165 64 adhuc
1181 1360 184 64 teneor
1309 1360 202 64 soluere
1456 1360 220 64 denarium
1621 1360 147 64 illi
1713 1360 129 64 cui
1768 1360 92 64 era

114 1407 229 58 obligatus
291 1407 106 58 ex
344 1407 229 58 promisso.
520 1407 141 58 Vnde
608 1407 106 58 si
661 1407 159 58 talis
767 1407 264 58 subintrauit
978 1407 159 58 aliam
1084 1407 247 58 religionem
1278 1407 229 58 laxiorem:
1454 1407 141 58 ante
1543 1407 282 58 professionem
1772 1407 123 58 de-

113 1461 123 67 bet
184 1461 158 67 exire
289 1461 88 67 &
324 1461 193 67 intrare
464 1461 245 67 religionem
657 1461 123 67 cui
727 1461 105 67 se
780 1461 193 67 deuouit
920 1461 140 67 nisi
1008 1461 316 67 dispensationem
1270 1461 123 67 vel
1341 1461 228 67 licentiam
1516 1461 263 67 competentem
1709 1461 140 67 habue-

110 1514 143 62 rit,
199 1514 161 62 etiam
307 1514 107 62 si
360 1514 232 62 scandalum
539 1514 107 62 ex
593 1514 125 62 hoc
664 1514 179 62 debeat
789 1514 179 62 oriri:
914 1514 143 62 quia
1003 1514 125 62 hoc
1075 1514 214 62 respectu
1236 1514 179 62 illius
1361 1514 232 62 scandalum
1539 1514 214 62 passiuum
1700 1514 125 62 est
1772 1514 125 62 non

120 1570 184 59 actiuum
254 1570 134 59 nisi
338 1570 117 59 quo
405 1570 101 59 ad
455 1570 117 59 hoc
522 1570 134 59 quod
606 1570 151 59 fatue
707 1570 134 59 egit
791 1570 101 59 ab
841 1570 168 59 initio
958 1570 101 59 in
1008 1570 151 59 talem
1109 1570 268 59 necessitatem
1327 1570 101 59 se
1377 1570 201 59 ponendo:
1528 1570 84 59 &
1561 1570 101 59 de
1612 1570 134 59 illa
1695 1570 151 59 debet
1779 1570 84 59 age

114 1624 106 67 re
167 1624 300 67 poenitentiam:
415 1624 88 67 &
450 1624 177 67 maxime
574 1624 106 67 si
627 1624 106 67 ex
680 1624 124 67 suo
750 1624 159 67 exitu
856 1624 230 67 postmodum
1033 1624 230 67 scandalum
1209 1624 212 67 oriatur:
1368 1624 141 67 quia
1457 1624 177 67 contra
1580 1624 159 67 illud
1669 1624 194 67 debuisset

110 1682 144 60 sibi
200 1682 270 60 prouidisse.
416 1682 198 60 propter
560 1682 144 60 quod
650 1682 108 60 ei
704 1682 234 60 imputatur
884 1682 162 60 sicut
993 1682 198 60 ebrioso
1137 1682 108 60 si
1191 1682 234 60 committat
1371 1682 270 60 homicidium.
1587 1682 144 60 Post
1659 1682 198 60 professio

117 1741 135 58 nem
194 1741 174 58 autem
310 1741 135 58 per
387 1741 174 58 maius
503 1741 174 58 votum
619 1741 251 58 absolutus
812 1741 135 58 est
889 1741 97 58 a
927 1741 212 58 minori,
1082 1741 174 58 debet
1198 1741 174 58 tamen
1314 1741 174 58 agere
1429 1741 309 58 poenitentiam
1661 1741 193 58 scilicet

118 1787 132 64 pro
194 1787 339 64 transgressione
476 1787 226 64 minoris.
646 1787 113 64 ET
702 1787 151 64 quod
796 1787 245 64 assumitur
985 1787 113 64 in
1041 1787 245 64 argumento
1229 1787 151 64 quod
1324 1787 132 64 per
1399 1787 207 64 simplex
1550 1787 170 64 votum
1663 1787 132 64 non
1719 1787 132 64 obli-

121 1838 154 67 gatur
224 1838 103 67 ad
275 1838 154 67 plus,
378 1838 137 67 quam
464 1838 103 67 ad
516 1838 137 67 tria
601 1838 275 67 essentialia:
824 1838 206 67 Dicendum
979 1838 137 67 quod
1065 1838 120 67 nec
1133 1838 103 67 ad
1185 1838 137 67 illa
1271 1838 137 67 tria
1356 1838 120 67 nec
1425 1838 103 67 ad
1476 1838 137 67 alia
1562 1838 240 67 obligatur,
1751 1838 86 67 &
1768 1838 86 67 hoc

117 1898 167 59 neque
229 1898 130 59 quo
303 1898 111 59 ad
358 1898 204 59 ipsorum
507 1898 297 59 obseruantiam
748 1898 222 59 finalem,
915 1898 130 59 nec
989 1898 130 59 quo
1063 1898 111 59 ad
1118 1898 204 59 ipsorum
1267 1898 315 59 experientiam:
1526 1898 130 59 sed
1600 1898 241 59 solummodo
1786 1898 111 59 ob

122 1940 200 68 ligatur
267 1940 109 68 ad
321 1940 236 68 praecisum
503 1940 236 68 ingressum
684 1940 254 68 religionis
884 1940 127 68 vbi
957 1940 145 68 illa
1047 1940 145 68 tria
1138 1940 272 68 obseruantur
1356 1940 127 68 cum
1428 1940 200 68 talibus
1574 1940 309 68 obseruantiis:
1810 1940 54 68 &

115 2006 120 60 non
183 2006 240 60 satisfacit
372 2006 137 60 nisi
457 2006 205 60 intrando
611 2006 154 60 talem
714 2006 257 60 religionem:
919 2006 120 60 quo
987 2006 154 60 facto
1090 2006 171 60 statim
1210 2006 205 60 perfecte
1364 2006 222 60 liberatus
1535 2006 120 60 est
1603 2006 86 60 &
1638 2006 240 60 satisfecit
1809 2006 51 60 &

116 2054 207 70 recedere
271 2054 173 70 potest
392 2054 173 70 libere
513 2054 276 70 quandocunque
738 2054 104 70 ei
790 2054 225 70 placuerit
962 2054 138 70 ante
1049 2054 138 70 voti
1135 2054 346 70 solennizationis:
1429 2054 207 70 secundum
1585 2054 138 70 quod
1671 2054 156 70 alibi
1757 2054 104 70 pla-

119 2102 161 70 nius
200 2102 303 70 declarauimus.

433 2118 129 99 Irca
514 2118 210 99 secundum,
675 2118 129 99 quod
755 2118 145 99 dicti
852 2118 177 99 fratres
981 2118 113 99 non
1046 2118 177 99 possunt
1175 2118 161 99 dictum
1288 2118 177 99 fratrem
1417 2118 97 99 ad
1465 2118 129 99 suam
1546 2118 97 99 re
1594 2118 194 99 ligionem
1723 2118 129 99 recipe

434 2206 101 56 re
485 2206 219 56 arguitur:
654 2206 135 56 quia
738 2206 287 56 contrectarent
974 2206 118 56 rem
1042 2206 186 56 alienam
1177 2206 169 56 inuito
1295 2206 186 56 domino.
1430 2206 101 56 i.
1481 2206 203 56 praelato
1633 2206 118 56 suo
1683 2206 169 56 alterius

433 2260 228 55 religionis.
615 2260 197 55 Similiter
767 2260 152 55 inuito
873 2260 182 55 praelato
1009 2260 137 55 summo
1100 2260 243 55 potoentifice
1298 2260 182 55 scilicet
1434 2260 106 55 qui
1495 2260 106 55 hoc
1556 2260 91 55 in
1601 2260 258 55 priuilegioyse
1798 2260 61 55 da

435 2311 105 63 to
487 2311 227 63 prohibuit
662 2311 105 63 vt
714 2311 192 63 ponitur
854 2311 105 63 in
906 2311 157 63 casu.
1011 2311 140 63 ltem
1098 2311 122 63 per
1168 2311 140 63 tale
1255 2311 175 63 factum
1378 2311 262 63 ministratur
1587 2311 210 63 pluribus
1727 2311 122 63 scan-

438 2363 185 63 dalum:
567 2363 148 63 ergo
659 2363 185 63 peccat
788 2363 129 63 qui
862 2363 148 63 eius
954 2363 111 63 ex
1010 2363 129 63 suo
1084 2363 166 63 facto
1194 2363 129 63 dat
1268 2363 277 63 occasionem.
1490 2363 148 63 ergo
1582 2363 129 63 &c.
1637 2363 222 63 Contrarium

437 2419 102 69 vt
488 2419 153 69 dixit
590 2419 205 69 opponens
744 2419 119 69 sit
812 2419 222 69 religioni
983 2419 153 69 suae.
1085 2419 205 69 DIcendum
1238 2419 136 69 quod
1323 2419 102 69 si
1375 2419 153 69 omnia
1477 2419 170 69 essent
1596 2419 136 69 vera
1682 2419 136 69 quae
1750 2419 102 69 supe

442 2475 182 61 ponuntur
579 2475 91 61 in
624 2475 137 61 casm.
716 2475 182 61 scilicet
852 2475 122 61 quod
928 2475 167 61 fratres
1050 2475 106 61 qui
1111 2475 198 61 recipiunt
1263 2475 91 61 ad
1309 2475 122 61 suam
1385 2475 213 61 religionem
1552 2475 167 61 fratres
1674 2475 182 61 alterius
1795 2475 61 61 re

119 2525 195 59 ligionis
265 2525 114 59 non
330 2525 163 59 essent
444 2525 244 59 strictioris
639 2525 244 59 religionis,
834 2525 114 59 nec
899 2525 114 59 cum
964 2525 114 59 hoc
1030 2525 195 59 haberent
1176 2525 244 59 priuilegium
1371 2525 179 59 fortius
1501 2525 244 59 contrarium,
1696 2525 114 59 aut
1761 2525 98 59 si
1794 2525 65 59 ha

128 2582 164 65 berent,
247 2582 104 65 non
307 2582 134 65 tamen
396 2582 194 65 constaret
545 2582 89 65 de
590 2582 134 65 illo,
680 2582 75 65 &
709 2582 119 65 quod
784 2582 119 65 illi
858 2582 89 65 de
903 2582 119 65 alia
978 2582 194 65 religione
1127 2582 104 65 sic
1186 2582 149 65 essent
1291 2582 238 65 priuilegiati
1484 2582 89 65 vt
1529 2582 134 65 dixit
1619 2582 194 65 opponens,
1753 2582 104 65 omni-

126 2629 85 71 no
168 2629 184 71 peccarent
310 2629 226 71 recipientes:
494 2629 99 71 dum
550 2629 127 71 tamen
635 2629 184 71 constaret
776 2629 99 71 eis
833 2629 85 71 de
875 2629 156 71 aliorum
988 2629 226 71 priuilegiis.
1172 2629 184 71 peccarent
1314 2629 85 71 et
1356 2629 156 71 propter
1469 2629 127 71 ipsum
1554 2629 156 71 factum:
1667 2629 113 71 quia
1724 2629 127 71 iniurio

122 2686 117 64 sum
189 2686 117 64 est
256 2686 100 64 in
306 2686 100 64 se
356 2686 100 64 vt
406 2686 200 64 procedit
556 2686 150 64 prima
656 2686 167 64 ratio:
773 2686 83 64 &
806 2686 183 64 propter
940 2686 217 64 scandalum
1106 2686 133 64 quod
1190 2686 167 64 exinde
1307 2686 217 64 sequitur:
1473 2686 133 64 quia
1557 2686 100 64 si
1607 2686 117 64 ita
1674 2686 150 64 esset
1757 2686 100 64 scan

123 2745 142 61 dalum
218 2745 173 61 actiuum
344 2745 157 61 esset.
454 2745 94 61 Si
501 2745 142 61 autem
596 2745 173 61 veritas
721 2745 110 61 non
784 2745 268 61 suffragaretur
1005 2745 94 61 in
1052 2745 173 61 dictis:
1178 2745 142 61 quia.
1273 2745 189 61 scilicet
1414 2745 236 61 recipientes
1603 2745 157 61 essent
1698 2745 157 61 strictio

119 2800 111 59 ris
183 2800 238 59 religionis,
373 2800 143 59 nullo
468 2800 127 59 modo
548 2800 222 59 peccarent.
722 2800 127 59 quia
802 2800 111 59 non
865 2800 190 59 obstaret
1008 2800 238 59 priuilegium
1198 2800 143 59 illud
1294 2800 127 59 quod
1373 2800 111 59 non
1436 2800 190 59 concedit
1579 2800 127 59 nisi
1659 2800 111 59 ius
1706 2800 143 59 commune

130 2842 102 72 De
181 2842 136 72 iure
266 2842 153 72 autem
369 2842 187 72 communi
505 2842 119 72 non
573 2842 153 72 licet
675 2842 204 72 transire
829 2842 102 72 de
880 2842 222 72 religione
1050 2842 102 72 ad
1101 2842 239 72 religionem
1289 2842 136 72 nisi
1374 2842 136 72 illa
1459 2842 102 72 ad
1510 2842 136 72 quam
1595 2842 222 72 transitur
1749 2842 102 72 stri

123 2894 144 72 ctior
219 2894 159 72 esset.
330 2894 96 72 Si
378 2894 128 72 enim
458 2894 144 72 esset
554 2894 191 72 aequalis
697 2894 239 72 strictionis
888 2894 128 72 tunc
968 2894 191 72 transire
1112 2894 191 72 reputari
1255 2894 144 72 debet
1351 2894 255 72 curiositatis
1558 2894 128 72 siue
1638 2894 223 72 leuitatis.
1797 2894 64 72 Si

130 2957 134 63 vero
214 2957 151 63 esset
315 2957 184 63 laxior,
449 2957 134 63 tunc
532 2957 201 63 transire
683 2957 201 63 reputari
834 2957 151 63 debet
934 2957 335 63 irreligiositatis
1219 2957 134 63 siue
1303 2957 302 63 dissolutionis.
1554 2957 101 63 Et
1605 2957 101 63 de
1655 2957 134 63 iure
1722 2957 134 63 commu-

121 3005 101 69 ni
172 3005 152 69 licet
273 3005 202 69 transire
424 3005 101 69 ad
475 3005 219 69 arctiorem
643 3005 236 69 religionem
829 3005 168 69 petita
946 3005 202 69 licentia
1098 3005 84 69 a
1132 3005 202 69 praelato
1283 3005 202 69 laxioris
1435 3005 236 69 religionis
1620 3005 152 69 licet
1721 3005 118 69 non
1772 3005 84 69 ob-

120 3053 185 85 tenta.
249 3053 185 85 Frater
378 3053 166 85 autem
489 3053 222 85 opponens
656 3053 111 85 vt
711 3053 259 85 ostenderet
915 3053 259 85 religionem
1118 3053 148 85 suam
1211 3053 148 85 fore
1303 3053 240 85 arctiorem
1488 3053 148 85 quam
1581 3053 166 85 illam
1692 3053 111 85 ad
1747 3053 148 85 quam
