2477 3714
481 207 195 84 dandus:
623 207 124 84 sed
694 207 178 84 potius
819 207 107 84 vt
872 207 302 84 praeuaricator
1121 207 249 84 insuriosus
1316 207 124 84 est
1388 207 284 84 fustigandus:
1619 207 89 84 &
1654 207 124 84 sic
1725 207 160 84 talis
1832 207 124 84 sua
1903 207 267 84 expositione
2098 207 178 84 reueren-

481 275 148 71 tiam
574 275 167 71 papae
685 275 130 71 aut
760 275 185 71 alicui
889 275 185 71 suorum
1019 275 260 71 superiorum
1223 275 130 71 non
1297 275 223 71 exhibet:
1464 275 130 71 sed
1538 275 167 71 magis
1650 275 315 71 irreuerentiam
1909 275 204 71 maximam
2058 275 204 71 quantum
2206 275 111 71 in

480 336 109 69 se
534 336 146 69 est:
625 336 127 69 nec
698 336 200 69 dominus
844 336 146 69 papa
935 336 127 69 aut
1007 336 255 69 cardinales
1208 336 164 69 talem
1317 336 273 69 reuerentiam
1535 336 291 69 acceptarent.
1772 336 146 69 Vnde
1863 336 164 69 talis
1972 336 273 69 commendatio
2190 336 127 69 non

484 397 183 62 potest
612 397 146 62 esse
703 397 274 62 charitatiua
922 397 110 62 ad
977 397 274 62 propalandum
1196 397 256 62 commendati
1397 397 201 62 merita:
1543 397 128 62 sed
1616 397 183 62 potius
1744 397 128 62 est
1817 397 274 62 histrionica
2037 397 91 62 &
2055 397 219 62 adulatoria

485 449 113 60 ad
542 449 283 60 procurandum
769 449 283 60 commendanti
995 449 265 60 beneficia.
1203 449 170 60 Tales
1316 449 151 60 enim
1411 449 321 60 commendatores
1675 449 132 60 non
1751 449 265 60 commendant
1959 449 170 60 alios
2072 449 151 60 quia
2167 449 113 60 in
2204 449 76 60 se

486 498 134 66 sunt
570 498 134 66 bene
654 498 184 66 meriti:
787 498 117 66 sed
854 498 151 66 etiam
955 498 151 66 licet
1055 498 134 66 mali
1139 498 184 66 essent:
1272 498 134 66 quia
1356 498 151 66 ipsis
1456 498 134 66 sunt
1540 498 217 66 benefici.
1707 498 117 66 qui
1774 498 184 66 econtra
1908 498 151 66 aeque
2008 498 217 66 faciliter
2159 498 117 66 alios

491 555 253 62 vituperant:
693 555 118 62 non
761 555 135 62 quia
845 555 101 62 in
896 555 101 62 se
946 555 135 62 sunt
1031 555 135 62 male
1115 555 185 62 meriti,
1250 555 118 62 sed
1317 555 152 62 etiam
1418 555 101 62 si
1469 555 135 62 boni
1553 555 169 62 essent
1671 555 118 62 non
1739 555 185 62 apparet
1873 555 118 62 eis
1941 555 135 62 quod
2025 555 135 62 sibi
2109 555 135 62 sint
2177 555 101 62 bene

492 615 156 55 fici.
596 615 139 55 vnde
682 615 173 55 Greti.
804 615 139 55 iii.
890 615 156 55 Mora.
994 615 139 55 Sunt
1081 615 208 55 nonnulli
1237 615 121 55 qui
1306 615 121 55 dum
1376 615 139 55 sibi
1462 615 104 55 in
1514 615 208 55 ecclesia
1670 615 173 55 vident
1792 615 173 55 deesse
1913 615 139 55 quod
2000 615 208 55 ambiunt,
2138 615 139 55 hostes

492 658 204 62 bonorum
641 658 186 62 fiunt:
771 658 93 62 &
808 658 130 62 non
882 658 167 62 solum
994 658 186 62 prauae
1123 658 167 62 semet
1235 658 167 62 ipsos
1346 658 204 62 actioni
1495 658 241 62 inserunt:
1680 658 130 62 sed
1754 658 167 62 etiam
1866 658 223 62 iustorum
2014 658 260 62 rectitudinem

490 718 260 62 inflectere
695 718 111 62 ad
750 718 223 62 peruersa
917 718 260 62 moliuntur.
1121 718 148 62 Vnde
1214 718 111 62 in
1270 718 204 62 talibus
1418 718 223 62 impletur
1585 718 167 62 illud
1697 718 186 62 Miche.
1827 718 148 62 iii.
1919 718 148 62 Haec
2012 718 167 62 dicit
2105 718 167 62 dominus

490 769 170 68 super
604 769 265 68 prophetas:
812 769 133 68 qui
888 769 227 68 seducunt
1058 769 208 68 populum
1210 769 170 68 meum:
1323 769 133 68 qui
1399 769 208 68 mordent
1550 769 227 68 dentibus
1721 769 170 68 suis:
1834 769 95 68 &
1872 769 265 68 praedicant
2081 769 189 68 pacem:
2194 769 76 68 et

492 821 102 64 si
543 821 136 64 quis
628 821 119 64 non
697 821 188 64 dederit
833 821 102 64 in
884 821 119 64 ore
953 821 154 64 eorum
1055 821 222 64 quippiam,
1225 821 273 64 sanctificant
1447 821 154 64 super
1550 821 119 64 eum
1618 821 222 64 praelium.
1788 821 102 64 De
1840 821 205 64 qualibus
1993 821 154 64 etiam
2095 821 154 64 dicit
2181 821 102 64 Apo-

498 872 196 70 stolus.
641 872 160 70 Roma.
748 872 125 70 xv.
819 872 232 70 Huiusmodi
997 872 196 70 Christo
1140 872 178 70 domino
1265 872 125 70 non
1336 872 232 70 seruiunt:
1514 872 125 70 sed
1586 872 125 70 suo
1657 872 196 70 ventri.
1800 872 125 70 vbi
1871 872 160 70 dicit
1978 872 160 70 Glos.
2085 872 160 70 Aliis
2174 872 107 70 enim

496 933 252 68 adulantur,
694 933 162 68 aliis
802 933 234 68 detrahunt
982 933 108 68 vt
1036 933 198 68 possint
1180 933 144 68 suum
1270 933 198 68 ventrem
1413 933 216 68 implere.
1575 933 108 68 Et
1629 933 144 68 bene
1719 933 306 68 correspondent
1971 933 144 68 sibi
2061 933 162 68 talis
2151 933 126 68 expo-

491 987 164 60 sitor
600 987 91 60 &
637 987 164 60 talis
746 987 292 60 commendator.
983 987 237 60 Expositor
1166 987 146 60 enim
1257 987 201 60 nititur
1403 987 146 60 quae
1494 987 164 60 recta
1604 987 146 60 sunt
1695 987 255 60 corrigere:
1896 987 274 60 Commendator
2115 987 146 60 vero
2188 987 91 60 con

501 1042 185 62 tendit
631 1042 148 62 quae
724 1042 222 62 peruersa
890 1042 148 62 sunt
983 1042 222 62 laudare:
1150 1042 111 62 in
1205 1042 185 62 quibus
1335 1042 185 62 duobus
1464 1042 259 62 consistunt
1668 1042 130 62 duo
1742 1042 185 62 genera
1872 1042 278 62 loquutionum
2094 1042 148 62 quae
2168 1042 111 62 sunt

495 1091 106 60 in
548 1091 176 60 humana
671 1091 229 60 societate
848 1091 352 60 perniciosissima.
1147 1091 194 60 dicente
1288 1091 176 60 Greti.
1411 1091 106 60 in
1464 1091 158 60 fine.
1570 1091 141 60 vii.
1658 1091 158 60 Mora.
1763 1091 123 60 Duo
1834 1091 141 60 sunt
1922 1091 176 60 genera
2045 1091 264 60 loquutionum

502 1145 234 64 importuna
682 1145 162 64 valde
790 1145 90 64 &
825 1145 162 64 noxia
933 1145 180 64 humano
1059 1145 198 64 generi.
1203 1145 144 64 Vnum
1293 1145 144 64 quid
1383 1145 162 64 curat
1490 1145 162 64 etiam
1598 1145 216 64 peruersa
1760 1145 216 64 laudare:
1922 1145 108 64 et
1976 1145 198 64 alterum
2119 1145 144 64 quid
2191 1145 90 64 stu

497 1198 129 64 det
570 1198 166 64 etiam
681 1198 166 64 recta
792 1198 258 64 corrigere:
994 1198 166 64 illud
1105 1198 203 64 deorsum
1253 1198 129 64 cum
1326 1198 184 64 fluuio
1455 1198 258 64 deducitur:
1658 1198 129 64 hoc
1732 1198 148 64 vero
1824 1198 184 64 contra
1953 1198 203 64 fluenta
2082 1198 203 64 veritatis

502 1252 211 59 obserare
661 1252 158 59 etiam
766 1252 176 59 alueum
889 1252 211 59 conatur:
1047 1252 158 59 illud
1153 1252 158 59 metus
1258 1252 211 59 praemit:
1416 1252 123 59 hoc
1486 1252 176 59 elatio
1609 1252 193 59 erigit:
1750 1252 158 59 illud
1855 1252 193 59 gratiam
1996 1252 105 59 ex
2049 1252 228 59 fauoribus
2207 1252 70 59 ca

503 1307 165 67 ptat:
612 1307 128 67 hoc
686 1307 146 67 iram
777 1307 256 67 certaminis
978 1307 220 67 excitat.
1143 1307 110 67 et
1198 1307 128 67 hoc
1271 1307 220 67 commotum
1436 1307 128 67 per
1509 1307 165 67 illud
1619 1307 183 67 contra
1747 1307 220 67 doctores
1911 1307 128 67 qui
1984 1307 165 67 sanam
2076 1307 201 67 doctrinam

496 1368 228 63 sustinent.
675 1368 98 63 vt
724 1368 98 63 in
773 1368 147 63 illis
871 1368 179 63 impleri
1001 1368 196 63 incipiat
1148 1368 114 63 (si
1213 1368 147 63 tamen
1311 1368 130 63 modo
1393 1368 130 63 sint
1474 1368 163 63 aliqui
1588 1368 179 63 talium:
1719 1368 130 63 quid
1800 1368 163 63 absit,
1914 1368 147 63 licet
2012 1368 196 63 quaestio
2143 1368 130 63 asser-

502 1409 139 72 tiue
589 1409 262 72 proponatur)
798 1409 157 72 illud
903 1409 227 72 Apostoli.
1077 1409 122 72 ii.
1147 1409 157 72 Timo.
1251 1409 139 72 vlt.
1338 1409 139 72 Erit
1426 1409 174 72 tempus
1548 1409 122 72 cum
1617 1409 157 72 sanam
1722 1409 227 72 doctrinam
1896 1409 122 72 non
1966 1409 279 72 sustinebunt:
2193 1409 122 72 sed

497 1467 280 59 coaceruabunt
725 1467 140 59 sibi
813 1467 228 59 magistros
988 1467 245 59 prurientes
1181 1467 210 59 auribus.
1339 1467 123 59 vbi
1409 1467 158 59 dicit
1514 1467 158 59 Glos.
1619 1467 140 59 quod
1707 1467 228 59 prophetia
1882 1467 123 59 est
1952 1467 228 59 apostoli:
2127 1467 140 59 vnde
2197 1467 88 59 ne-

499 1521 158 66 cesse
605 1521 123 66 est
675 1521 123 66 eam
745 1521 210 66 impleri.
903 1521 210 66 Secundum
1061 1521 228 66 praedicta
1236 1521 246 66 concedenda
1429 1521 123 66 est
1499 1521 158 66 prima
1604 1521 175 66 ratio:
1727 1521 140 66 quia
1815 1521 140 66 bene
1903 1521 210 66 procedit
2061 1521 88 66 &
2078 1521 193 66 veritatem

496 1580 135 58 iam
573 1580 250 58 expositam
765 1580 270 58 concludit.
977 1580 116 58 AD
1035 1580 270 58 argumentum
1247 1580 116 58 in
1305 1580 250 58 oppositum
1497 1580 154 58 quod
1594 1580 154 58 viri
1690 1580 250 58 sapientes
1883 1580 96 58 &
1921 1580 231 58 discreti
2094 1580 193 58 dicunt
2210 1580 77 58 ta

506 1638 127 58 lem
578 1638 290 58 expositionem
814 1638 182 58 qualem
942 1638 145 58 ille
1032 1638 163 58 ponit
1141 1638 145 58 esse
1232 1638 109 58 de
1286 1638 163 58 mente
1395 1638 91 58 &
1432 1638 254 58 intentione
1631 1638 182 58 domini
1759 1638 182 58 papae:
1886 1638 91 58 &
1922 1638 145 58 quod
2013 1638 163 58 super
2122 1638 127 58 hoc
2176 1638 109 58 sunt

499 1682 262 74 assecurati:
708 1682 140 74 bene
795 1682 175 74 potest
917 1682 140 74 esse
1005 1682 140 74 quod
1092 1682 140 74 haec
1179 1682 157 74 omnia
1284 1682 140 74 vera
1371 1682 157 74 sint:
1476 1682 122 74 non
1546 1682 157 74 tamen
1651 1682 122 74 est
1720 1682 122 74 eis
1790 1682 105 74 in
1843 1682 122 74 hoc
1912 1682 244 74 credendum:
2104 1682 175 74 maxime
2209 1682 70 74 si

508 1735 124 78 pro
579 1735 106 78 se
632 1735 89 78 &
668 1735 106 78 in
721 1735 195 78 fauorem
863 1735 195 78 illorum
1005 1735 195 78 prolata
1147 1735 124 78 est
1218 1735 142 78 illa
1307 1735 248 78 expositio.
1502 1735 124 78 Pro
1573 1735 106 78 se
1626 1735 142 78 enim
1715 1735 89 78 &
1751 1735 106 78 in
1804 1735 160 78 causa
1910 1735 124 78 sua
1981 1735 195 78 nullius
2106 1735 177 78 testimo-

498 1799 141 58 nium
587 1799 230 58 recipitur
763 1799 106 58 in
816 1799 194 58 forensi
958 1799 212 58 iudicio,
1116 1799 88 58 &
1152 1799 177 58 maxime
1275 1799 159 58 super
1381 1799 265 58 expositione
1593 1799 194 58 papalis
1735 1799 265 58 priuilegii:
1946 1799 124 58 cui
2017 1799 106 58 in
2070 1799 124 58 hoc
2123 1799 159 58 debemus

503 1848 221 61 exhibere
669 1848 184 61 tantam
798 1848 277 61 reuerentiam
1019 1848 111 61 ne
1074 1848 184 61 alicui
1203 1848 277 61 expositioni
1424 1848 184 61 contra
1554 1848 221 61 verborum
1719 1848 184 61 planum
1849 1848 240 61 credamus:
2033 1848 221 61 quousque
2180 1848 111 61 ipse

506 1898 127 69 met
578 1898 163 69 nobis
687 1898 145 69 quid
778 1898 218 69 intendat
942 1898 200 69 aperire
1087 1898 236 69 dignetur:
1269 1898 109 69 ne
1323 1898 163 69 forte
1432 1898 127 69 quo
1505 1898 109 69 ad
1559 1898 182 69 planum
1687 1898 218 69 verborum
1850 1898 218 69 falsitas
2014 1898 182 69 aliqua
2141 1898 109 69 in
2177 1898 109 69 eius

513 1961 256 63 priuilegio
714 1961 238 63 contineri
897 1961 183 63 valeat
1025 1961 238 63 suspicari
1207 1961 110 63 si
1262 1961 183 63 contra
1390 1961 183 63 planum
1518 1961 219 63 verborum
1683 1961 219 63 alicuius
1847 1961 219 63 alterius
2012 1961 238 63 expositio
2195 1961 128 63 ad-

489 2011 251 68 mittatur.

833 2016 215 106 Equuntur
994 2016 269 106 pertinentia
1209 2016 107 106 ad
1263 2016 179 106 diuini
1388 2016 197 106 officii
1532 2016 287 106 executionem,
1765 2016 179 106 quorum
1890 2016 197 106 quaedam
2033 2016 233 106 pertinent
2212 2016 107 106 ad

831 2116 187 66 diuini
962 2116 205 66 officii
1111 2116 280 66 executionem
1336 2116 168 66 circa
1448 2116 317 66 sacramentorum
1709 2116 392 66 administrationem:
2045 2116 205 66 quaedam
2176 2116 112 66 vero

833 2164 172 69 circa
948 2164 344 69 praedicationis
1234 2164 344 69 instructionem:
1521 2164 96 69 &
1559 2164 210 69 quaedam
1712 2164 172 69 circa
1827 2164 210 69 horarum
1980 2164 325 69 obseruationem
2229 2164 57 69 &

821 2217 228 64 missarum
992 2217 343 64 celebrationem.
1278 2217 114 64 DE
1335 2217 171 64 primo
1449 2217 286 64 quaerebatur
1678 2217 152 64 vnum
1773 2217 114 64 de
1830 2217 362 64 administratione
2116 2217 171 64 plurium

829 2270 349 68 sacramentorum
1117 2270 308 68 communiter:
1364 2270 185 68 Vtrum
1487 2270 267 68 obligatus
1692 2270 123 68 ad
1754 2270 267 68 audiendam
1959 2270 288 68 subditorum
2165 2270 123 68 suo-

841 2336 129 52 rum
914 2336 295 52 confessionem
1154 2336 92 52 &
1191 2336 203 52 aliorum
1339 2336 314 52 sacramentorum
1598 2336 332 52 ministrationem
1875 2336 111 52 si
1930 2336 240 52 relaxetur
2115 2336 111 52 ab
2152 2336 129 52 obli-

825 2374 208 73 gatione
976 2374 170 73 prima
1089 2374 264 73 aequaliter
1297 2374 226 73 remaneat
1467 2374 245 73 obligatus
1655 2374 113 73 ad
1712 2374 245 73 secundam.
1901 2374 189 73 Deinde
2014 2374 264 73 quaerebantur

513 2436 195 62 quaedam
655 2436 266 62 pertinentia
867 2436 106 62 ad
921 2436 354 62 administrationem
1222 2436 248 62 sacramenti
1416 2436 283 62 poenitentiae
1647 2436 283 62 specialiter.
1877 2436 106 62 ET
1930 2436 159 62 circa
2036 2436 177 62 primum
2142 2436 142 62 argue-

517 2482 148 71 batur
615 2482 132 71 quod
698 2482 132 71 non:
780 2482 132 71 quia
863 2482 148 71 sicut
962 2482 99 71 se
1011 2482 148 71 habet
1110 2482 214 71 confessio
1275 2482 99 71 ad
1325 2482 264 71 absolutionem
1539 2482 115 71 cum
1605 2482 297 71 satisfactionis
1852 2482 264 71 iniunctione:
2067 2482 115 71 sic
2133 2482 99 71 se
2166 2482 115 71 habet

517 2535 95 73 ad
565 2535 174 73 aliorum
691 2535 269 73 sacramentorum
913 2535 332 73 administrationem:
1198 2535 127 73 quia
1277 2535 142 73 sicut
1372 2535 111 73 est
1435 2535 127 73 ordo
1514 2535 237 73 essentialis
1704 2535 253 73 absolutionis
1910 2535 95 73 ad
1958 2535 253 73 confessionem
2163 2535 127 73 quod
2227 2535 63 73 si

510 2591 93 76 ne
556 2591 124 76 illa
633 2591 232 76 praecedente
819 2591 155 76 nullus
927 2591 155 76 potest
1035 2591 217 76 salubriter
1205 2591 217 76 absoluere,
1376 2591 77 76 &
1407 2591 217 76 salubriter
1577 2591 278 76 satisfactionem
1809 2591 217 76 iniungere:
1979 2591 108 76 sic
2041 2591 108 76 est
2102 2591 124 76 ordo
2164 2591 124 76 admini

507 2652 214 66 strationis
675 2652 168 66 aliorum
797 2652 259 66 sacramentorum
1010 2652 92 66 ad
1056 2652 153 66 eandem
1163 2652 122 66 quod
1239 2652 183 66 scilicet
1376 2652 122 66 sine
1453 2652 122 66 illa
1529 2652 229 66 praecedente
1712 2652 153 66 nullus
1819 2652 214 66 salubriter
1987 2652 153 66 potest
2094 2652 122 66 alia
2155 2652 137 66 admini-

505 2697 182 87 strare
632 2697 273 87 sacramenta.
851 2697 128 87 Sed
924 2697 237 87 absolutus
1106 2697 91 87 a
1143 2697 273 87 confessione
1361 2697 200 87 subditi
1507 2697 219 87 audienda
1671 2697 128 87 non
1744 2697 182 87 potest
1872 2697 255 87 aequaliter
2072 2697 182 87 manere
2182 2697 109 87 obli

514 2751 154 84 gatus
616 2751 102 84 ad
667 2751 102 84 ei
719 2751 239 84 salubriter
906 2751 273 84 absolutionem
1128 2751 119 84 cum
1196 2751 290 84 satisfactione
1435 2751 273 84 iniungendam:
1657 2751 136 84 quia
1742 2751 119 84 hoc
1810 2751 154 84 esset
1913 2751 256 84 impossibile
2117 2751 171 84 fieri.
2220 2751 68 84 se

514 2817 183 68 cundum
642 2817 146 68 enim
733 2817 256 68 qualitatem
934 2817 91 68 &
971 2817 274 68 quantitatem
1190 2817 256 68 peccatorum
1391 2817 146 68 quae
1483 2817 219 68 confessa
1647 2817 146 68 sunt
1739 2817 165 68 debet
1848 2817 183 68 iniugi
1976 2817 293 68 satisfactio:
2196 2817 91 68 er-

508 2856 109 88 go
562 2856 127 88 &c.
635 2856 199 88 CONtra.
780 2856 308 88 essentialiter
1034 2856 254 88 ordinantur
1233 2856 290 88 diaconicatus
1469 2856 145 88 ordo
1560 2856 91 88 &
1596 2856 272 88 sacerdotii:
1814 2856 127 88 sed
1886 2856 163 88 tamen
1995 2856 127 88 non
2049 2856 236 88 praecedente

512 2915 162 82 ordine
625 2915 259 82 diaconicatus
835 2915 226 82 aequaliter
1013 2915 162 82 potest
1126 2915 194 82 recipere
1272 2915 178 82 ordinem
1401 2915 226 82 sacerdotii
1579 2915 146 82 sicut
1676 2915 97 82 si
1724 2915 291 82 praecessisset.
1967 2915 97 82 vt
2015 2915 146 82 extra
2112 2915 97 82 de
2145 2915 129 82 cleri.

504 2965 151 70 ordi,
605 2965 117 70 per
672 2965 184 70 saltum.
806 2965 201 70 Veniens.
957 2965 134 70 ergo
1040 2965 117 70 &c.
1107 2965 201 70 DIcendum
1258 2965 134 70 quod
1342 2965 101 70 si
1392 2965 184 70 aliquis
1526 2965 117 70 sit
1593 2965 218 70 obligatus
1761 2965 101 70 ad
1811 2965 134 70 duo:
1895 2965 101 70 si
1945 2965 201 70 secundum
2096 2965 117 70 non
2146 2965 134 70 potest

503 3034 169 56 exequi
621 3034 135 56 sine
706 3034 169 56 primo,
824 3034 254 56 impossibile
1027 3034 118 56 est
1095 3034 118 56 eum
1163 3034 203 56 postquam
1315 3034 118 56 est
1383 3034 220 56 relaxatus
1552 3034 85 56 a
1586 3034 152 56 primo
1687 3034 237 56 aequaliter
1873 3034 169 56 manere
1991 3034 220 56 obligatum
2161 3034 101 56 ad
2194 3034 85 56 se-

501 3081 185 81 cundum:
635 3081 117 81 aut
703 3081 151 81 esset
803 3081 218 81 obligatus
971 3081 101 81 ad
1021 3081 252 81 impossibile
1223 3081 134 81 sibi
1307 3081 134 81 quod
1391 3081 117 81 est
1458 3081 285 81 inconveniens.
1693 3081 134 81 Vnde
1777 3081 101 81 vt
1827 3081 201 81 procedit
1978 3081 168 81 primum
2079 3081 201 81 argumentum
