2455 3742
168 276 89 83 &
204 276 160 83 bene,
310 276 231 83 obligatus
488 276 107 83 ad
541 276 231 83 audiendum
719 276 195 83 subditi
861 276 302 83 confessionem:
1110 276 89 83 &
1146 276 107 83 ad
1199 276 267 83 iniungendum
1412 276 107 83 ei
1466 276 231 83 salutarem
1643 276 320 83 satisfactionem
1892 276 89 83 im-

167 354 222 66 possibile
338 354 120 66 est
406 354 137 66 quod
492 354 240 66 aequaliter
680 354 171 66 maneat
800 354 222 66 obligatus
971 354 103 66 ad
1023 354 205 66 secundum
1177 354 103 66 vt
1228 354 171 66 prius.
1348 354 120 66 Sed
1416 354 103 66 in
1468 354 222 66 proposito
1639 354 154 66 circa
1724 354 257 66 administratio

168 405 128 68 nem
241 405 201 68 aliorum
387 405 311 68 sacramentorum
643 405 146 68 post
734 405 274 68 sacramentum
953 405 311 68 poenitentiae,
1209 405 146 68 puta
1300 405 292 68 eucharistiae
1538 405 146 68 vice
1629 405 219 68 aliorum,
1793 405 128 68 est
1848 405 128 68 consi

172 460 156 62 derare
282 460 109 62 due
344 460 187 62 scilicet
484 460 374 62 administrationemeius
812 460 203 62 regularem
968 460 187 62 secundum
1108 460 187 62 statutum
1249 460 218 62 ecclesiae:
1420 460 125 62 quod
1498 460 187 62 scilicet
1639 460 187 62 quilibet
1764 460 218 62 communicetur

169 517 100 62 ad
219 517 150 62 minus
320 517 150 62 semel
420 517 100 62 in
470 517 134 62 anne
553 517 200 62 scilicet
704 517 100 62 in
754 517 217 62 paschate,
921 517 100 62 vt
971 517 184 62 dicitur
1105 517 150 62 extra
1205 517 100 62 de
1255 517 134 62 poe.
1338 517 84 62 &
1372 517 167 62 remis.
1489 517 150 62 Omnis
1589 517 217 62 vtriusque
1756 517 167 62 sexus.
1873 517 84 62 &
1906 517 100 62 ad

173 569 335 63 ministrationem
452 569 149 63 eius
545 569 260 63 peculiarem
750 569 149 63 siue
843 569 223 63 priuatam
1010 569 205 63 pluries
1159 569 112 63 in
1215 569 167 63 anno.
1326 569 167 63 Primo
1438 569 149 63 modo
1531 569 149 63 dico
1624 569 149 63 quod
1717 569 260 63 aequaliter
1903 569 74 63 ma

170 628 125 56 net
242 628 232 56 obligatus
420 628 107 56 ad
474 628 286 56 eucharistiae
707 628 375 56 administrationis:
1028 628 125 56 dum
1100 628 286 56 certificatus
1332 628 179 56 fuerit
1457 628 143 56 quod
1547 628 215 56 subditus
1708 628 143 56 suus
1779 628 197 56 confessus

167 675 174 55 fuerit
289 675 105 55 ei
341 675 122 55 qui
410 675 157 55 habet
515 675 261 55 priuilegium
724 675 122 55 per
794 675 139 55 quod
881 675 226 55 relaxatur
1055 675 105 55 ei
1107 675 226 55 obligatio
1281 675 105 55 de
1334 675 261 55 confessione
1543 675 192 55 subditi
1682 675 226 55 audienda.
1839 675 139 55 Secun-

167 732 97 56 do
215 732 130 56 modo
297 732 130 56 dico
378 732 130 56 quod
459 732 227 56 nequaquam:
638 732 130 56 quia
719 732 114 56 non
784 732 146 56 debet
881 732 162 56 alicui
995 732 195 56 priuatae
1141 732 195 56 personae
1287 732 179 56 pluries
1417 732 244 56 sacramentum
1612 732 260 56 eucharistiae
1807 732 162 56 ministra

174 781 98 66 re
223 781 131 66 nisi
305 781 180 66 constet
435 781 98 66 ei
484 781 98 66 de
534 781 196 66 munditia
681 781 164 66 cordis
795 781 82 66 &
828 781 213 66 deuotione
992 781 213 66 speciali:
1155 781 131 66 quae
1237 781 115 66 non
1302 781 180 66 possunt
1433 781 196 66 cognosci
1580 781 131 66 fine
1662 781 262 66 confessionis
1875 781 131 66 audi

173 838 173 67 tione.
294 838 139 67 imma
381 838 156 67 debet
485 838 173 67 omnino
606 838 225 67 denegare:
779 838 87 67 &
814 838 225 67 exponeret
987 838 104 67 se
1039 838 243 67 discrimini
1230 838 104 67 si
1282 838 191 67 pluries
1420 838 260 67 ministraret
1628 838 208 67 nesciens
1784 838 104 67 an
1819 838 156 67 sanctum

181 890 153 59 daret
283 890 204 59 canibus:
436 890 136 59 quia
521 890 102 59 in
572 890 136 59 tali
658 890 323 59 administratione
930 890 119 59 non
998 890 255 59 excusaretur
1202 890 153 59 sicut
1304 890 221 59 excusatur
1474 890 102 59 in
1526 890 153 59 prima
1628 890 119 59 per
1696 890 204 59 statutum
1832 890 136 59 eccle-

176 943 136 68 siae
261 943 85 68 &
295 943 170 68 dictum
414 943 272 68 priuilegium.
635 943 102 68 AD
686 943 204 68 rationem
839 943 102 68 in
890 943 238 68 oppositum:
1076 943 204 68 dicendum
1229 943 136 68 quod
1314 943 119 68 non
1382 943 119 68 est
1450 943 187 68 simile:
1586 943 136 68 quia
1671 943 153 68 licet
1756 943 204 68 diaconatus

174 1001 83 56 &
208 1001 231 56 sacerdotii
389 1001 132 56 ordo
472 1001 165 56 habent
587 1001 182 56 ordinem
719 1001 248 56 essentialem
918 1001 198 56 secundum
1066 1001 165 56 gradum
1182 1001 248 56 dignitatis:
1380 1001 116 56 non
1446 1001 149 56 tamen
1545 1001 314 56 condependentiam
1809 1001 99 56 in
1842 1001 116 56 esse:

174 1053 175 63 quoniam
301 1053 191 63 vtrumque
444 1053 175 63 illorum
572 1053 159 63 potest
683 1053 127 63 esse
762 1053 127 63 fine
842 1053 175 63 altero.
969 1053 143 63 Talem
1065 1053 143 63 autem
1160 1053 239 63 connexionem
1351 1053 159 63 habent
1462 1053 254 63 confessionis
1669 1053 175 63 auditio
1796 1053 80 63 &
1812 1053 159 63 salubris

169 1105 282 65 eucharistiae
398 1105 299 65 administratio
645 1105 194 65 pluries
786 1105 106 65 in
838 1105 158 65 anno,
944 1105 106 65 vt
997 1105 158 65 patet
1102 1105 106 65 ex
1138 1105 158 65 dictis.

506 1155 223 75 Equuntur
673 1155 278 75 pertinentia
896 1155 111 75 ad
952 1155 371 75 administrationem
1267 1155 260 75 sacramenti
1471 1155 297 75 poenitentiae
1712 1155 297 75 specialiter:

504 1212 179 58 quorum
629 1212 143 58 vnum
718 1212 250 58 pertinebat
915 1212 107 58 ad
968 1212 250 58 illusionem
1165 1212 268 58 confessoris
1379 1212 232 58 passiuam.
1557 1212 161 58 Vtrum
1665 1212 107 58 si
1718 1212 232 58 confessus
1879 1212 89 58 pec

499 1268 124 68 cata
577 1268 124 68 quae
655 1268 140 68 dicit
748 1268 93 68 se
795 1268 171 68 habere,
920 1268 187 68 recipiat
1060 1268 249 68 poenitentiam
1262 1268 280 68 satisfactoriam
1495 1268 109 68 pro
1557 1268 140 68 illis
1651 1268 93 68 ex
1697 1268 233 68 confessoris
1884 1268 109 68 in-

501 1320 215 66 iunctione,
669 1320 77 66 &
700 1320 184 66 reuersus
838 1320 184 66 sequenti
976 1320 107 66 die
1037 1320 92 66 in
1083 1320 230 66 confessione
1268 1320 123 66 alia
1344 1320 138 66 dicat
1436 1320 138 66 eidem
1528 1320 215 66 confessori
1697 1320 123 66 quod
1774 1320 92 66 in
1804 1320 169 66 praecedem

498 1372 99 60 ti
548 1372 248 60 confessione
747 1372 132 60 fuit
830 1372 166 60 omnino
945 1372 215 60 mentitus:
1111 1372 83 60 &
1144 1372 248 60 confiteatur
1343 1372 132 60 alia
1426 1372 116 60 cum
1492 1372 132 60 illo
1575 1372 215 60 mendacio,
1740 1372 116 60 pro
1806 1372 166 60 quibus
1906 1372 66 60 pe

495 1430 106 57 tit
555 1430 121 57 sibi
631 1430 167 57 iniungi
753 1430 243 57 poenitentiam
950 1430 212 57 salutarem:
1116 1430 152 57 vVtrum
1222 1430 152 57 inquam
1328 1430 197 57 confessor
1480 1430 243 57 poenitentiam
1677 1430 273 57 satisfactoriam
1904 1430 91 57 in

176 1482 174 60 iunctam
303 1482 95 60 in
350 1482 143 60 prima
445 1482 238 60 confessione
636 1482 158 60 debeat
746 1482 190 60 reuocare
889 1482 79 60 &
921 1482 143 60 nouam
1016 1482 95 60 in
1063 1482 127 60 illa
1142 1482 174 60 secunda
1269 1482 238 60 confessione
1459 1482 222 60 iniungere.
1633 1482 127 60 Alia
1713 1482 143 60 autem
1808 1482 111 60 duo
1855 1482 111 60 perti

174 1542 164 57 nebant
288 1542 98 57 ad
337 1542 229 57 illusionem
517 1542 245 57 confessoris
713 1542 196 57 actiuam.
860 1542 164 57 Primum
975 1542 114 57 per
1040 1542 147 57 actum
1138 1542 245 57 confitendi:
1335 1542 147 57 vtrum
1433 1542 196 57 clericus
1580 1542 114 57 non
1645 1542 196 57 existens
1792 1542 98 57 in
1825 1542 131 57 sacris

174 1591 224 76 ordinibus
346 1591 207 76 assumens
501 1591 190 76 habitum
639 1591 276 76 confessoris:
863 1591 103 76 si
915 1591 172 76 audiat
1036 1591 121 76 sic
1105 1591 207 76 alicuius
1260 1591 293 76 confessionis:
1501 1591 190 76 fingens
1639 1591 103 76 se
1691 1591 138 76 esse
1760 1591 207 76 sacerdotem

176 1641 94 72 &
214 1641 300 72 confessorem:
458 1641 131 72 qua
533 1641 169 72 audit
646 1641 94 72 a
683 1641 169 72 dicit
796 1641 113 72 se
852 1641 244 72 delusisse
1040 1641 282 72 confitentem
1265 1641 94 72 &
1303 1641 207 72 deridet
1453 1641 150 72 eum:
1547 1641 169 72 vtrum
1660 1641 188 72 inquam
1772 1641 188 72 clericus

173 1697 143 71 ille
262 1697 125 71 sit
334 1697 250 71 suspensus:
530 1697 107 71 vt
583 1697 125 71 non
655 1697 178 71 possit
779 1697 107 71 de
833 1697 196 71 caetero
975 1697 107 71 ad
1029 1697 178 71 sacros
1154 1697 196 71 ordines
1296 1697 250 71 promoueri.
1492 1697 214 71 Secundum
1653 1697 125 71 per
1724 1697 160 71 actum
1831 1697 160 71 deti-

171 1753 171 62 nendi
285 1753 171 62 fidei
399 1753 266 62 commissum:
608 1753 171 62 vtrum
721 1753 247 62 confessus
911 1753 190 62 habens
1044 1753 133 62 rem
1120 1753 209 62 alienam
1272 1753 152 62 quam
1367 1753 171 62 iusto
1481 1753 152 62 metu
1575 1753 133 62 non
1651 1753 171 62 audet
1746 1753 209 62 restitue-

177 1807 108 56 re
231 1807 144 56 illi
321 1807 126 56 cui
394 1807 126 56 est
466 1807 289 56 restituenda:
701 1807 108 56 si
755 1807 235 56 committat
936 1807 126 56 eam
1008 1807 253 56 confessori
1206 1807 126 56 suo
1279 1807 108 56 vt
1333 1807 126 56 eam
1405 1807 253 56 restituat:
1604 1807 235 56 confessor
1784 1807 163 56 autem
1875 1807 90 56 eam

177 1859 125 67 non
248 1859 250 67 restituit:
445 1859 160 67 Vtrum
552 1859 178 67 inquam
676 1859 232 67 confessus
855 1859 143 67 ille
944 1859 125 67 sit
1015 1859 232 67 absolutus
1193 1859 89 67 a
1229 1859 178 67 debito
1354 1859 178 67 illius
1479 1859 143 67 rei.
1568 1859 160 67 ClRca
1675 1859 178 67 primum
1782 1859 178 67 arguitur

183 1917 147 60 quod
275 1917 147 60 ille
366 1917 239 60 confessor
550 1917 165 60 debet
661 1917 184 60 primam
789 1917 331 60 satisfactionem
1065 1917 239 60 reuocare,
1249 1917 92 60 &
1286 1917 165 60 nouam
1396 1917 257 60 iniungere:
1598 1917 147 60 quia
1690 1917 221 60 reuocata
1837 1917 129 60 causa

171 1972 172 55 debet
285 1972 229 55 reuocari
457 1972 248 55 effectus:
648 1972 95 55 &
686 1972 153 55 noua
781 1972 172 55 causa
896 1972 324 55 superueniente
1163 1972 172 55 debet
1277 1972 172 55 sequi
1392 1972 172 55 nouus
1506 1972 248 55 effectus.
1697 1972 210 55 Peccata
1830 1972 134 55 autem

179 2019 120 71 hic
248 2019 137 71 sunt
333 2019 206 71 reuocata
488 2019 189 71 propter
626 2019 137 71 quae
712 2019 155 71 facta
815 2019 137 71 fuit
901 2019 137 71 illa
986 2019 241 71 iniunctio:
1176 2019 86 71 &
1210 2019 137 71 noua
1296 2019 137 71 sunt
1382 2019 206 71 confessa
1536 2019 189 71 propter
1674 2019 137 71 quae
1760 2019 155 71 debet
1846 2019 120 71 fieri

168 2074 146 66 noua
259 2074 328 66 satisfactionis
532 2074 255 66 iniunctio.
732 2074 146 66 ergo
823 2074 127 66 &c.
896 2074 200 66 CONtra.
1041 2074 237 66 confessor
1223 2074 127 66 non
1296 2074 164 66 debet
1405 2074 218 66 reuocare
1569 2074 146 66 quod
1660 2074 200 66 nescit:
1805 2074 127 66 sed
1860 2074 91 66 nec

173 2128 130 71 scit
254 2128 130 71 illa
336 2128 179 71 peccata
466 2128 179 71 prioris
596 2128 277 71 confessionis,
824 2128 114 71 nec
889 2128 130 71 quod
970 2128 228 71 iniunxerat
1149 2128 114 71 pro
1215 2128 163 71 illis:
1328 2128 130 71 quia
1410 2128 98 71 vt
1459 2128 147 71 dicit
1556 2128 244 71 Augustinus,
1752 2128 147 71 nihil
1833 2128 114 71 minus

171 2180 168 64 scitur
289 2180 134 64 quam
373 2180 134 64 quod
457 2180 101 64 in
507 2180 252 64 confessione
709 2180 185 64 scitur.
844 2180 134 64 ergo
928 2180 118 64 &c.
995 2180 134 64 ltem
1079 2180 219 64 confessor
1247 2180 118 64 non
1314 2180 151 64 debet
1415 2180 202 64 reuocare
1566 2180 134 64 quod
1650 2180 168 64 nescit
1768 2180 101 64 an
1819 2180 118 64 sit
1869 2180 84 64 re-

172 2241 230 71 uocandum:
349 2241 124 71 sed
420 2241 177 71 nescit
544 2241 106 71 an
597 2241 141 71 illa
685 2241 230 71 iniunctio
862 2241 124 71 sit
933 2241 230 71 reuocanda
1109 2241 106 71 an
1162 2241 141 71 non:
1251 2241 124 71 Nec
1322 2241 159 71 debet
1428 2241 141 71 illi
1516 2241 159 71 super
1622 2241 124 71 hoc
1693 2241 212 71 credere:
1852 2241 141 71 quia

180 2295 123 68 qua
251 2295 193 68 ratione
391 2295 158 68 dixit
496 2295 105 68 se
549 2295 175 68 fuisse
672 2295 210 68 mentitum
829 2295 105 68 in
882 2295 158 68 prima
987 2295 281 68 confessione:
1215 2295 158 68 eadem
1321 2295 193 68 ratione
1461 2295 175 68 posset
1584 2295 175 68 dicere
1706 2295 105 68 se
1759 2295 175 68 fuisse
1864 2295 88 68 men

175 2349 157 70 titum
279 2349 105 70 in
331 2349 209 70 secunda,
488 2349 87 70 &
523 2349 122 70 sic
593 2349 105 70 de
645 2349 227 70 caeteris:
820 2349 139 70 ergo
907 2349 122 70 &c.
977 2349 227 70 DIcendum:
1151 2349 139 70 quod
1238 2349 227 70 confessor
1412 2349 122 70 aut
1482 2349 227 70 percipere
1657 2349 174 70 potest
1779 2349 139 70 quod
1848 2349 105 70 sana

181 2398 127 68 vel
253 2398 127 68 non
326 2398 145 68 sana
417 2398 163 68 mente
525 2398 199 68 fecerit
670 2398 181 68 primam
797 2398 308 68 confessionem:
1051 2398 127 68 aut
1124 2398 145 68 non:
1215 2398 127 68 sed
1287 2398 163 68 manet
1396 2398 181 68 semper
1523 2398 109 68 in
1577 2398 181 68 dubio.
1704 2398 109 68 Si
1759 2398 181 68 potest
1867 2398 91 68 per

174 2456 173 56 cipere
295 2456 138 56 quod
381 2456 121 56 non
451 2456 156 56 sana,
554 2456 156 56 totum
658 2456 138 56 quod
745 2456 173 56 factum
866 2456 121 56 est
935 2456 104 56 in
987 2456 138 56 illa
1074 2456 156 56 prima
1177 2456 277 56 confessione,
1402 2456 121 56 pro
1471 2456 173 56 nihilo
1593 2456 156 56 debet
1696 2456 208 56 reputari
1852 2456 87 56 &
1869 2456 87 56 pro

169 2513 124 56 non
240 2513 177 56 facto:
364 2513 89 56 &
400 2513 159 56 debet
506 2513 195 56 iniungi
648 2513 142 56 noua
736 2513 266 56 satisfactio
949 2513 124 56 pro
1020 2513 230 56 confessis
1197 2513 106 56 in
1250 2513 195 56 secunda
1392 2513 284 56 confessione.
1622 2513 106 56 Si
1675 2513 159 56 autem
1782 2513 159 56 manet
1888 2513 106 56 in

172 2567 182 58 dubio,
299 2567 163 58 debet
408 2567 182 58 potius
535 2567 254 58 praesumere
735 2567 145 58 quod
825 2567 127 58 non
898 2567 145 58 sana
989 2567 163 58 mente
1098 2567 200 58 fecerit
1243 2567 182 58 primam
1370 2567 290 58 confessionm:
1606 2567 127 58 sed
1679 2567 236 58 secundam:
1842 2567 109 58 quia

167 2617 122 67 non
236 2617 122 67 est
306 2617 279 67 praesumendum
533 2617 140 67 quod
620 2617 105 67 in
673 2617 192 67 secunda
812 2617 262 67 confessione
1022 2617 105 67 in
1074 2617 122 67 qua
1144 2617 244 67 percipitur
1336 2617 140 67 esse
1423 2617 157 67 sanae
1528 2617 175 67 mentis
1650 2617 122 67 sit
1720 2617 192 67 immemor
1842 2617 105 67 suae

179 2666 195 69 salutis.
325 2666 98 69 et
374 2666 130 69 tunc
455 2666 146 69 redit
553 2666 98 69 in
602 2666 130 69 idem
683 2666 98 69 ac
732 2666 98 69 si
781 2666 211 69 percipere
943 2666 163 69 posset
1057 2666 146 69 ipsum
1155 2666 130 69 tunc
1236 2666 163 69 fuisse
1350 2666 146 69 sanae
1448 2666 179 69 mentis.
1578 2666 179 69 Propter
1708 2666 130 69 quod
1789 2666 130 69 etsi
1871 2666 114 69 non

167 2725 178 60 multum
292 2725 160 60 debet
398 2725 107 60 ei
452 2725 213 60 credere:
612 2725 160 60 debet
719 2725 160 60 tamen
825 2725 213 60 secundae
985 2725 267 60 confessioni
1199 2725 160 60 magis
1306 2725 249 60 inhaerere:
1501 2725 142 60 quia
1590 2725 178 60 semper
1697 2725 249 60 praesumendum

175 2777 115 70 est
240 2777 131 70 quod
322 2777 213 70 confitens
487 2777 148 70 sanae
585 2777 164 70 mentis
700 2777 148 70 verum
799 2777 148 70 dicat
897 2777 99 70 in
946 2777 230 70 confitendo
1127 2777 230 70 retroacta.
1308 2777 99 70 Et
1357 2777 131 70 ideo
1439 2777 148 70 magis
1537 2777 148 70 debet
1636 2777 197 70 reputare
1784 2777 197 70 satisfa-

175 2830 173 64 ctionem
301 2830 142 64 primo
396 2830 205 64 iniunctam
553 2830 110 64 non
616 2830 157 64 fuisse
726 2830 236 64 iniungendam
915 2830 173 64 tamquam
1041 2830 126 64 tunc
1120 2830 173 64 fuisset
1246 2830 205 64 mentitus,
1403 2830 79 64 &
1435 2830 110 64 non
1498 2830 94 64 in
1545 2830 173 64 secunda
1671 2830 252 64 confessione.
1875 2830 110 64 Non

166 2886 150 60 tamen
266 2886 150 60 debet
366 2886 150 60 illud
466 2886 250 60 simpliciter
666 2886 217 60 reputare:
833 2886 133 60 quia
916 2886 150 60 forte
1016 2886 100 60 in
1067 2886 150 60 prima
1167 2886 250 60 confessione
1367 2886 117 60 non
1433 2886 117 60 est
1500 2886 217 60 mentitus:
1667 2886 117 60 sed
1733 2886 100 60 in
1783 2886 200 60 secunda:

171 2943 103 65 et
222 2943 137 65 ideo
308 2943 172 65 potius
428 2943 172 65 primam
549 2943 155 65 debet
652 2943 206 65 reuocare
806 2943 86 65 &
841 2943 155 65 nouam
944 2943 206 65 secundam
1098 2943 240 65 iniungere,
1287 2943 137 65 quam
1373 2943 155 65 illam
1476 2943 172 65 primam
1596 2943 155 65 ratam
1700 2943 172 65 habere
1820 2943 86 65 &
1837 2943 103 65 quam

167 2994 192 61 secundam
311 2994 256 61 confessionem
519 2994 112 61 pro
583 2994 160 61 nihilo
694 2994 208 61 reputare:
854 2994 112 61 nec
918 2994 112 61 pro
982 2994 96 61 ea
1030 2994 176 61 aliquid
1158 2994 224 61 iniungere,
1334 2994 112 61 non
1398 2994 144 61 tamen
1494 2994 256 61 simpliciter:
1701 2994 112 61 sed
1765 2994 176 61 dicendo
1877 2994 80 61 com

171 3050 153 54 fesso
273 3050 119 54 sub
341 3050 255 54 conditione.
545 3050 102 54 Si
596 3050 153 54 verum
698 3050 187 54 dixisti
834 3050 102 54 in
885 3050 153 54 prima
987 3050 272 54 confessione,
1207 3050 119 54 non
1275 3050 170 54 reuoco
1394 3050 136 54 tibi
1479 3050 204 54 iniuncta
1632 3050 102 54 in
1683 3050 153 54 illa:
1785 3050 119 54 nec
1836 3050 119 54 habeo

175 3103 147 63 ratam
273 3103 261 63 confessionem
485 3103 131 63 quam
567 3103 131 63 modo
649 3103 163 63 facis:
763 3103 82 63 &
796 3103 131 63 quod
877 3103 131 63 tibi
959 3103 212 63 iniungam.
1123 3103 98 63 Si
1172 3103 147 63 autem
1270 3103 196 63 mentitus
1417 3103 98 63 es
1466 3103 98 63 in
1515 3103 131 63 illa
1596 3103 261 63 confessione,
1809 3103 98 63 vt
1842 3103 114 63 dicis

174 3159 156 81 nihil
277 3159 156 81 habeo
381 3159 156 81 ratum
485 3159 104 81 de
537 3159 173 81 factis
658 3159 86 81 a
693 3159 104 81 me
744 3159 104 81 in
796 3159 138 81 illa
883 3159 277 81 confessione:
1108 3159 121 81 sed
1177 3159 173 81 reuoco
1298 3159 173 81 totum.
1419 3159 86 81 &
1453 3159 138 81 tunc
1540 3159 156 81 debet
1644 3159 104 81 ei
1696 3159 225 81 iniungere
1851 3159 104 81 poe
