2446 3738
464 265 184 95 ritate:
598 265 134 95 quid
682 265 151 95 dicit
782 265 100 95 vt
833 265 201 95 remoueat
983 265 84 95 a
1017 265 100 95 se
1067 265 201 95 generare
1218 265 84 95 &
1251 265 134 95 esse
1335 265 167 95 patrem
1452 265 218 95 adoptiuum
1620 265 268 95 auctoritate:
1837 265 134 95 quid
1921 265 134 95 soli
2005 265 117 95 deo
2055 265 201 95 conuenitur

466 338 100 69 vt
516 338 117 69 iam
583 338 167 69 dictum
700 338 134 69 est.
784 338 100 69 Et
834 338 134 69 ideo
917 338 200 69 sequitur
1068 338 100 69 in
1118 338 134 69 Glo.
1201 338 117 69 Cum
1268 338 267 69 praedixisset
1485 338 117 69 ego
1552 338 117 69 vos
1619 338 150 69 genui
1719 338 117 69 &c.
1786 338 100 69 vt
1836 338 117 69 iam
1903 338 167 69 supra.
2020 338 100 69 Et
2070 338 117 69 sic
2120 338 134 69 Paulus

469 397 147 64 recte
567 397 197 64 diuidens
714 397 82 64 &
747 397 213 64 vnicuique
911 397 197 64 tribuens
1058 397 131 64 quid
1140 397 131 64 suum
1222 397 131 64 est:
1304 397 262 64 paternitatem
1517 397 246 64 adoptionis,
1713 397 131 64 quae
1795 397 131 64 soli
1877 397 115 64 deo
1943 397 213 64 conuenit,
2107 397 82 64 a
2139 397 98 64 se
2172 397 82 64 re-

471 445 170 69 mouet:
590 445 85 69 &
624 445 272 69 paternitatem
845 445 187 69 proprie
980 445 170 69 dictam
1099 445 136 69 quae
1184 445 306 69 ministrantibus
1439 445 102 69 vt
1490 445 136 69 quis
1575 445 255 69 regeneretur
1779 445 153 69 solum
1880 445 221 69 conuenit:
2050 445 136 69 sibi
2118 445 136 69 attri-

470 499 150 71 buit,
570 499 83 71 &
603 499 100 71 ab
653 499 150 71 aliis
753 499 199 71 repellit
903 499 133 71 quos
986 499 233 71 paedagogos
1169 499 166 71 vocat:
1285 499 116 71 qui
1351 499 150 71 solum
1451 499 199 71 erudiunt
1601 499 83 71 &
1634 499 116 71 non
1700 499 199 71 generant
1850 499 199 71 secundum
2000 499 166 71 dictum
2116 499 166 71 modum.

472 559 107 62 Qui
533 559 122 62 etsi
609 559 152 62 patres
715 559 167 62 possint
837 559 122 62 dici
913 559 152 62 aliquo
1020 559 137 62 modo:
1111 559 107 62 non
1172 559 137 62 tamen
1263 559 167 62 proprie
1385 559 107 62 aut
1446 559 122 62 ita,
1522 559 167 62 proprie
1644 559 137 62 sicut
1735 559 122 62 illi
1812 559 107 62 qui
1872 559 198 62 generant.
2025 559 137 62 sicut
2116 559 137 62 pater
2192 559 61 62 na

458 615 180 59 turalis
589 615 115 59 qui
654 615 164 59 genuit
769 615 82 59 &
801 615 98 59 in
850 615 180 59 propria
981 615 180 59 persona
1112 615 164 59 filium
1227 615 164 59 nutrit
1341 615 82 59 &
1374 615 180 59 erudit,
1505 615 98 59 ex
1554 615 131 59 illo
1636 615 147 59 actum
1734 615 131 59 solo
1816 615 115 59 quo
1882 615 164 59 genuit
1996 615 180 59 dicitur
2127 615 164 59 pater:

458 671 114 62 non
523 671 147 62 autem
621 671 98 62 ex
670 671 131 62 actu
752 671 213 62 nutriendi
915 671 114 62 aut
981 671 229 62 erudiendi,
1161 671 147 62 licet
1259 671 147 62 ipsos
1357 671 147 62 etiam
1455 671 163 62 facere
1569 671 196 62 tenetur:
1716 671 82 62 &
1749 671 114 62 hoc
1815 671 114 62 per
1880 671 98 62 se
1929 671 114 62 vel
1994 671 114 62 per
2060 671 163 62 alium,
2174 671 114 62 qui

466 723 136 62 est,
551 723 187 62 proprie
687 723 238 62 paedagogus
874 723 153 62 vices
975 723 170 62 ipsius
1094 723 170 62 patris
1213 723 102 62 in
1264 723 119 62 hoc
1332 723 187 62 gerens:
1468 723 102 62 vt
1519 723 119 62 sic
1587 723 170 62 possit
1706 723 136 62 idem
1791 723 136 62 esse
1875 723 153 62 pater
1977 723 102 62 in
2028 723 238 62 generando:
2198 723 51 62 &

466 773 197 60 nutritor
613 773 197 60 pariter:
760 773 115 60 cum
826 773 115 60 hoc
891 773 147 60 facit
990 773 115 60 per
1055 773 98 60 se
1104 773 131 60 quid
1186 773 147 60 etiam
1285 773 164 60 potest
1399 773 164 60 facere
1514 773 115 60 per
1579 773 246 60 paedagogum.
1776 773 131 60 Vnde
1858 773 164 60 Paulus
1973 773 147 60 licet
2071 773 131 60 erat
2136 773 115 60 pater

475 830 190 64 Thessal.
618 830 206 64 inquantum
776 830 143 64 tamen
871 830 190 64 nutriuit
1014 830 127 64 eos:
1093 830 111 64 non
1157 830 158 64 patrem
1267 830 111 64 sed
1331 830 206 64 nutritium
1489 830 174 64 vocauit
1616 830 111 64 se,
1680 830 158 64 quando
1790 830 158 64 dixit.
1901 830 95 64 i.
1949 830 190 64 Thessal.
2092 830 111 64 ii.
2139 830 111 64 Facti

461 880 151 62 sumus
562 880 184 62 paruuli
695 880 100 62 in
746 880 151 62 medio
846 880 184 62 vestrum
980 880 184 62 tamquam
1114 880 100 62 si
1164 880 167 62 nutrix
1281 880 167 62 foueat
1398 880 167 62 filios
1515 880 151 62 suos.
1615 880 151 62 Glos.
1716 880 117 62 Non
1783 880 201 62 alienos.
1933 880 184 62 Alienos
2067 880 217 62 quandoque

456 938 179 67 nutrit
581 938 179 67 mulier
707 938 125 67 pro
778 938 197 67 mercede
922 938 125 67 non
993 938 107 67 ex
1047 938 179 67 amore:
1172 938 215 67 proprios
1334 938 143 67 vero
1423 938 107 67 ex
1477 938 269 67 dilectione.
1692 938 179 67 Dicere
1817 938 143 67 ergo
1907 938 143 67 quod
1996 938 233 67 solummodo
2175 938 125 67 qui

461 993 97 62 ex
509 993 177 62 officio
638 993 226 62 ordinariae
815 993 290 62 iurisdictionis
1057 993 145 62 habet
1154 993 193 62 exercere
1299 993 145 62 actus
1396 993 129 62 cure
1476 993 193 62 scilicet
1621 993 226 62 praedicare
1799 993 210 62 fidelibus
1960 993 81 62 &
1992 993 210 62 absoluere
2137 993 113 62 poeni

458 1046 173 60 tentes
579 1046 121 60 &c.
648 1046 191 60 proprie
787 1046 156 60 debet
891 1046 139 60 dici
978 1046 173 60 pater,
1099 1046 87 60 &
1134 1046 121 60 non
1203 1046 139 60 ille
1290 1046 121 60 qui
1359 1046 121 60 hoc
1429 1046 156 60 facit
1533 1046 104 60 ex
1585 1046 139 60 sola
1671 1046 277 60 delegatione:
1897 1046 156 60 verum
2001 1046 139 60 est:
2088 1046 87 60 &
2122 1046 121 60 qui
2174 1046 87 60 hoc

460 1103 149 62 dicit
560 1103 149 62 verum
659 1103 166 62 dicit.
775 1103 116 62 Qui
842 1103 149 62 autem
941 1103 149 62 dicit
1040 1103 133 62 quod
1123 1103 149 62 etiam
1223 1103 116 62 qui
1289 1103 116 62 hoc
1355 1103 149 62 facit
1455 1103 99 62 ex
1504 1103 232 62 superioris
1687 1103 249 62 delegatione
1885 1103 116 62 aut
1952 1103 99 62 ex
2001 1103 182 62 feruore
2117 1103 133 62 chari-

457 1159 151 60 tatis
558 1159 202 60 dicitur,
709 1159 185 60 proprie
843 1159 151 60 pater
944 1159 118 60 aut
1011 1159 118 60 ita
1079 1159 202 60 proprie:
1230 1159 151 60 credo
1330 1159 134 60 quod
1414 1159 168 60 falsum
1532 1159 168 60 dicit:
1649 1159 84 60 &
1683 1159 168 60 maxime
1801 1159 118 60 quo
1868 1159 101 60 ad
1918 1159 151 60 illum
2019 1159 118 60 qui
2086 1159 118 60 hoc
2136 1159 118 60 facit

468 1204 101 65 ex
519 1204 134 65 solo
603 1204 185 65 feruore
737 1204 252 65 charitatis.
939 1204 134 65 lste
1023 1204 134 65 enim
1107 1204 118 65 nec
1174 1204 235 65 paedagogus
1359 1204 134 65 dici
1443 1204 185 65 potest:
1577 1204 134 65 quia
1661 1204 118 65 non
1728 1204 118 65 est
1795 1204 185 65 aliquis
1930 1204 235 65 paedagogus
2115 1204 134 65 nisi
2182 1204 67 65 ex

469 1257 160 60 aliqua
581 1257 241 60 commissione
774 1257 144 60 facta
870 1257 128 60 illi
950 1257 80 60 a
982 1257 144 60 patre
1078 1257 176 60 proprie
1207 1257 144 60 dicto
1303 1257 96 60 ad
1351 1257 128 60 opus
1431 1257 144 60 illud
1527 1257 241 60 exercendum.
1720 1257 176 60 Propter
1848 1257 128 60 quid
1928 1257 176 60 dicitur
2057 1257 144 60 Gali.
2137 1257 112 60 iiii.

470 1312 166 53 Quanto
586 1312 182 53 tempore
719 1312 166 53 haeres
835 1312 199 53 paruulus
984 1312 116 53 est
1050 1312 149 53 nihil
1149 1312 166 53 distat
1265 1312 83 53 a
1298 1312 166 53 seruo,
1414 1312 116 53 cum
1480 1312 116 53 sit
1546 1312 182 53 dominus
1679 1312 182 53 omnium:
1811 1312 116 53 sed
1877 1312 116 53 sub
1944 1312 215 53 tutoribus
2109 1312 83 53 &
2126 1312 132 53 actori

472 1363 108 72 bus
533 1363 108 72 est
595 1363 139 72 vsque
688 1363 93 72 ad
734 1363 154 72 tempus
842 1363 232 72 praefinitum
1027 1363 77 72 a
1058 1363 154 72 patre.
1166 1363 139 72 Glos.
1259 1363 124 72 Amb.
1336 1363 139 72 Verum
1429 1363 108 72 est
1491 1363 124 72 enim
1568 1363 124 72 quia
1645 1363 154 72 patres
1753 1363 108 72 ius
1815 1363 247 72 ordinauerunt
2015 1363 139 72 vsque
2108 1363 93 72 ad
2154 1363 124 72 quam

468 1421 198 62 aetatem
612 1421 234 62 subiectus
792 1421 144 62 esse
882 1421 198 62 debeat:
1026 1421 90 62 &
1062 1421 108 62 in
1116 1421 126 62 qua
1188 1421 198 62 adultus
1332 1421 270 62 emancipetur
1548 1421 270 62 statuerunt.
1764 1421 198 62 Tutores
1908 1421 162 62 autem
2016 1421 90 62 &
2052 1421 198 62 actores
2178 1421 72 62 vo

465 1472 124 67 cat
536 1472 159 67 illos
642 1472 177 67 eosdem
766 1472 142 67 quos
855 1472 124 67 iam
926 1472 159 67 supra
1032 1472 195 67 vocauit
1174 1472 248 67 paedagogos
1369 1472 106 67 vt
1422 1472 124 67 iam
1492 1472 213 67 patebit.
1652 1472 142 67 lste
1740 1472 142 67 ergo
1829 1472 124 67 qui
1900 1472 106 67 id
1953 1472 142 67 agit
2041 1472 124 67 non
2112 1472 106 67 ex
2148 1472 106 67 ali-

476 1525 115 75 qua
541 1525 262 75 commissione:
754 1525 115 75 sed
820 1525 148 75 solum
918 1525 98 75 ex
967 1525 229 75 charitatis
1148 1525 180 75 feruore
1279 1525 115 75 qua
1344 1525 180 75 diligit
1475 1525 197 75 caeteros
1623 1525 98 75 vt
1672 1525 180 75 fratres
1803 1525 82 75 &
1836 1525 164 75 filios
1951 1525 164 75 patris
2065 1525 131 75 sui,
2147 1525 115 75 non
2196 1525 66 75 fa

473 1585 119 71 cit
541 1585 119 71 hoc
609 1585 102 71 vt
660 1585 170 71 pater:
780 1585 153 71 neque
882 1585 153 71 etiam
984 1585 102 71 vt
1036 1585 256 71 paedagogus:
1240 1585 119 71 sed
1308 1585 222 71 solummodo
1479 1585 102 71 vt
1530 1585 188 71 srater.
1666 1585 102 71 Et
1717 1585 119 71 sic
1786 1585 119 71 non
1854 1585 136 71 bene
1939 1585 188 71 dicitur
2075 1585 153 71 talis
2161 1585 102 71 face

475 1641 107 58 re
529 1641 125 58 hoc
600 1641 107 58 ex
653 1641 232 58 charitate
832 1641 196 58 paterna
974 1641 125 58 sed
1046 1641 178 58 potius
1170 1641 107 58 ex
1224 1641 232 58 fraterna.
1402 1641 89 58 &
1438 1641 125 58 hoc
1509 1641 143 58 siue
1598 1641 107 58 in
1652 1641 196 58 docendo
1794 1641 250 58 ignorantes
1991 1641 143 58 siue
2080 1641 107 58 in
2115 1641 143 58 arguen

477 1691 100 57 do
527 1691 284 57 delinquentes,
762 1691 134 57 quae
845 1691 201 57 includit
996 1691 217 57 correctio
1163 1691 217 57 fraterna,
1330 1691 134 57 quam
1414 1691 117 57 non
1481 1691 151 57 solum
1581 1691 151 57 licet
1681 1691 201 57 exercere
1832 1691 100 57 in
1882 1691 151 57 parem
1982 1691 117 57 aut
2033 1691 217 57 inferiorem:

479 1740 108 66 sed
540 1740 108 66 est
602 1740 93 66 in
649 1740 216 66 superiorem
819 1740 185 66 adhibita
958 1740 232 66 reuerentia.
1143 1740 124 66 Quod
1220 1740 108 66 non
1282 1740 139 66 facit
1375 1740 93 66 vt
1421 1740 155 66 habens
1530 1740 216 66 potestatem
1700 1740 139 66 vllam
1792 1740 93 66 in
1839 1740 124 66 suum
1916 1740 216 66 superiorem
2086 1740 170 66 tamquam
2194 1740 62 66 eo

468 1798 200 62 superior
619 1798 100 62 vt
669 1798 100 62 ex
719 1798 117 62 hoc
785 1798 167 62 possit
902 1798 134 62 dici
986 1798 150 62 pater
1086 1798 184 62 illius:
1219 1798 117 62 sed
1286 1798 217 62 solummodo
1453 1798 100 62 vt
1503 1798 150 62 habet
1603 1798 234 62 charitatem
1787 1798 100 62 ad
1837 1798 150 62 illum
1937 1798 150 62 sicut
2037 1798 100 62 ad
2070 1798 184 62 quemlibet

478 1853 145 55 alium
574 1853 209 55 proximum,
735 1853 80 55 &
767 1853 96 55 vt
815 1853 96 55 ad
864 1853 193 55 fratrem:
1008 1853 145 55 licet
1105 1853 145 55 magis
1201 1853 96 55 ad
1249 1853 129 55 vnum
1330 1853 129 55 quam
1410 1853 96 55 ad
1458 1853 161 55 alium.
1571 1853 113 55 Non
1635 1853 129 55 enim
1716 1853 80 55 a
1748 1853 129 55 tali
1828 1853 209 55 praelatus
1989 1853 177 55 docetur
2117 1853 113 55 vel
2182 1853 113 55 ar-

479 1904 171 70 guitur
599 1904 103 70 vt
650 1904 154 70 pater
753 1904 222 70 praelati:
924 1904 120 70 sed
992 1904 103 70 vt
1043 1904 171 70 frater
1163 1904 86 70 &
1197 1904 222 70 aequalis.
1368 1904 154 70 Nullo
1471 1904 171 70 igitur
1591 1904 137 70 modo
1676 1904 239 70 illuminans
1865 1904 103 70 ex
1916 1904 137 70 solo
2001 1904 188 70 feruore
2121 1904 137 70 chari-

472 1965 158 56 tatis
578 1965 176 56 potest
701 1965 140 56 dici
788 1965 246 56 paedagogus
982 1965 88 56 &
1017 1965 158 56 multo
1122 1965 158 56 minus
1227 1965 176 56 pater.
1350 1965 193 56 Proprie
1491 1965 158 56 autem
1596 1965 158 56 pater
1701 1965 193 56 dicitur
1842 1965 193 56 aliquis
1965 1965 298 56 ministerialiter

469 2010 206 68 operando
623 2010 103 68 ad
675 2010 275 68 generationem
898 2010 258 68 diuersimode
1105 2010 206 68 secundum
1259 2010 137 68 quod
1345 2010 258 68 diuersimode
1551 2010 103 68 ad
1603 2010 120 68 hoc
1672 2010 155 68 habet
1775 2010 258 68 potestatem:
1981 2010 137 68 quia
2067 2010 189 68 aliquis
2187 2010 69 68 ha

478 2065 117 68 bet
545 2065 233 68 potestatem
728 2065 200 68 operandi
878 2065 317 68 ministerialiter
1145 2065 100 68 vt
1195 2065 167 68 gratia
1311 2065 233 68 adoptionis
1495 2065 233 68 conferatur
1678 2065 117 68 vel
1745 2065 117 68 per
1811 2065 117 68 se:
1878 2065 200 68 scilicet
2028 2065 200 68 operando
2161 2065 100 68 opus

481 2121 123 67 quid
557 2121 92 67 ex
603 2121 92 67 se
649 2121 169 67 ratione
772 2121 153 67 operis
879 2121 169 67 operati
1002 2121 307 67 instrumentaliter
1263 2121 123 67 agit
1340 2121 92 67 vt
1386 2121 184 67 habeatur
1524 2121 77 67 a
1554 2121 107 67 deo
1616 2121 153 67 gratia
1723 2121 230 67 adoptionis:
1907 2121 107 67 vel
1969 2121 107 67 per
2030 2121 169 67 accidem
2137 2121 123 67 scili.

480 2176 202 75 operando
632 2176 135 75 opus
716 2176 135 75 quod
801 2176 118 75 non
868 2176 101 75 ex
919 2176 101 75 se
969 2176 186 75 ratione
1104 2176 169 75 operis
1222 2176 186 75 operati
1357 2176 337 75 instrumentaliter
1644 2176 152 75 agit,
1745 2176 101 75 vt
1796 2176 202 75 habeatur
1948 2176 169 75 gratia
2049 2176 219 75 adoptionis.

482 2231 150 69 Primo
583 2231 134 69 modo
666 2231 150 69 adhuc
766 2231 234 69 dupliciter
950 2231 184 69 aliquis
1084 2231 167 69 potest
1201 2231 184 69 operari
1334 2231 117 69 per
1401 2231 100 69 se
1451 2231 100 69 vt
1501 2231 167 69 gratia
1618 2231 234 69 adoptionis
1802 2231 251 69 conferatur:
2003 2231 117 69 vel
2070 2231 117 69 per
2120 2231 150 69 seipsum

476 2287 217 58 operando
639 2287 181 58 absque
765 2287 253 58 sacramento
964 2287 127 58 iam
1037 2287 235 58 instituto
1218 2287 90 58 a
1254 2287 217 58 Christo,
1417 2287 127 58 vel
1489 2287 217 58 mediante
1652 2287 271 58 sacramento.
1869 2287 163 58 Primo
1978 2287 145 58 modo
2068 2287 163 58 solus
2158 2287 109 58 Chri

478 2339 130 55 stus
559 2339 130 55 homo
640 2339 130 55 siue
721 2339 195 55 secundum
867 2339 130 55 quod
948 2339 114 55 est
1013 2339 130 55 homo
1094 2339 146 55 habet
1192 2339 227 55 potestatem
1370 2339 97 55 vt
1419 2339 179 55 ratione
1549 2339 162 55 operis
1663 2339 179 55 operati
1792 2339 243 55 cuiuscumque
1987 2339 97 55 si
2036 2339 195 55 voluerit
2166 2339 97 55 gra-

478 2381 113 75 tia
543 2381 227 75 adoptionis
721 2381 243 75 conferatur,
915 2381 130 75 quae
996 2381 178 75 vocatur
1126 2381 194 75 potestas
1272 2381 275 75 excellentiae.
1499 2381 178 75 Secundo
1628 2381 130 75 modo
1709 2381 178 75 caeteri
1839 2381 178 75 homines
1968 2381 194 75 habentes
2098 2381 162 75 officium

482 2443 282 62 ministrandi
708 2443 282 62 sacramenta:
933 2443 188 62 maxime
1065 2443 132 62 quo
1140 2443 113 62 ad
1197 2443 282 62 sacramentum
1422 2443 226 62 baptismi
1591 2443 132 62 quo
1666 2443 132 62 fit
1742 2443 301 62 regeneratio:
1986 2443 244 62 cuiusmodi
2155 2443 113 62 sunt

485 2501 130 66 soli
566 2501 196 66 praelati
713 2501 212 66 ecclesiae
876 2501 114 66 qui
941 2501 147 66 tanto
1039 2501 130 66 sunt
1120 2501 179 66 maiores
1251 2501 98 66 in
1300 2501 130 66 tali
1381 2501 261 66 paternitate:
1593 2501 163 66 quanto
1707 2501 130 66 sunt
1788 2501 228 66 superiores
1968 2501 81 66 &
2000 2501 179 66 maiores
2131 2501 98 66 in
2163 2501 98 66 prae

480 2548 194 60 latione.
626 2548 97 60 Et
674 2548 113 60 sic
739 2548 178 60 maximus
869 2548 97 60 in
917 2548 243 60 paternitate
1112 2548 130 60 tali
1193 2548 113 60 est
1257 2548 178 60 dominus
1387 2548 146 60 papa:
1484 2548 113 60 qui
1549 2548 113 60 est
1614 2548 146 60 pater
1711 2548 162 60 patrum
1825 2548 81 60 &
1857 2548 162 60 omnium
1970 2548 194 60 aliorum.
2116 2548 178 60 Secundo

486 2615 162 63 domini
599 2615 211 63 episcopi.
762 2615 162 63 Tertio
876 2615 162 63 curati
989 2615 260 63 parochiarum:
1201 2615 114 63 cum
1266 2615 162 63 quibus
1379 2615 244 63 computantur
1574 2615 195 63 abbates,
1721 2615 179 63 decani,
1851 2615 81 63 &
1883 2615 146 63 omnes
1981 2615 146 63 curam
2078 2615 195 63 animarum
2208 2615 65 63 ex

477 2667 194 64 officio
619 2667 229 64 ordinario
795 2667 229 64 habentes.
971 2667 124 64 dum
1042 2667 159 64 tamen
1148 2667 106 64 ex
1201 2667 194 64 officio
1342 2667 176 64 habent
1465 2667 247 64 potestatem
1659 2667 300 64 administrandi
1906 2667 265 64 sacramentum
2101 2667 176 64 regenera

478 2714 162 62 tionis
591 2714 113 62 iis
656 2714 113 62 qui
720 2714 129 62 nati
801 2714 129 62 sunt
882 2714 113 62 eis
946 2714 194 62 subiici.
1092 2714 129 62 Quia
1172 2714 145 62 tamen
1269 2714 129 62 vnus
1350 2714 145 62 eorum
1447 2714 113 62 non
1512 2714 178 62 generat
1641 2714 162 62 verius
1754 2714 113 62 per
1819 2714 226 62 sacramenta
1996 2714 129 62 quam
2077 2714 162 62 alter,
2174 2714 97 62 vnus

478 2769 158 62 istorum
593 2769 101 62 non
650 2769 158 62 dicitur
765 2769 144 62 verius
865 2769 129 62 pater
952 2769 115 62 quam
1023 2769 144 62 alter.
1124 2769 144 62 Tertio
1224 2769 129 62 mode.
1311 2769 172 62 scilicet
1440 2769 101 62 per
1497 2769 172 62 accidens
1626 2769 101 62 non
1684 2769 158 62 ratione
1799 2769 144 62 operis
1899 2769 158 62 operati
2014 2769 230 62 conuertentes
2201 2769 101 62 in-
2244 2769 43 62 a

482 2823 178 67 fideles
611 2823 97 67 ad
660 2823 178 67 gratiam
789 2823 145 67 fidei
886 2823 113 67 per
950 2823 129 67 suam
1031 2823 291 67 praedicationem
1273 2823 113 67 vel
1338 2823 145 67 bonam
1435 2823 291 67 exhortationem,
1677 2823 194 67 dicuntur
1823 2823 162 67 patres
1936 2823 162 67 eorum:
2049 2823 81 67 &
2081 2823 129 67 sunt
2146 2823 129 67 praeci

489 2884 120 67 pue
557 2884 120 67 qui
626 2884 171 67 habent
745 2884 120 67 sic
814 2884 239 67 praedicare
1002 2884 86 67 &
1036 2884 222 67 exhortari
1207 2884 188 67 publice
1344 2884 103 67 ex
1396 2884 257 67 auctoritate
1601 2884 86 67 &
1635 2884 291 67 iurisdictione
1875 2884 239 67 ordinaria:
2063 2884 188 67 ratione
2182 2884 86 67 cu-

485 2933 113 67 ius
549 2933 145 67 etiam
646 2933 161 67 habent
758 2933 193 67 complete
903 2933 80 67 &
935 2933 193 67 perfecte
1080 2933 193 67 generare
1224 2933 113 67 per
1289 2933 193 67 virtutem
1433 2933 225 67 sacramenta
1610 2933 129 67 fide
1690 2933 193 67 scilicet
1835 2933 193 67 baptismi
1980 2933 273 67 administrandi
2189 2933 80 67 per

483 2985 151 63 ipsos
584 2985 84 63 &
618 2985 118 63 per
685 2985 235 63 inferiores
870 2985 118 63 aut
937 2985 252 63 ordinarios:
1138 2985 101 63 vt
1189 2985 202 63 episcopi
1340 2985 118 63 per
1407 2985 235 63 sacerdotes
1592 2985 202 63 curatos,
1743 2985 118 63 aut
1810 2985 235 63 delegatos:
1995 2985 101 63 vt
2046 2985 118 63 tam
2113 2985 101 63 hi
2163 2985 134 63 quam

477 3037 128 60 illi
557 3037 112 60 per
621 3037 193 60 vicarios
766 3037 112 60 vel
830 3037 144 60 eorum
926 3037 144 60 vices
1023 3037 193 60 agentes.
1167 3037 193 60 Alioquin
1312 3037 96 60 si
1360 3037 128 60 quis
1440 3037 112 60 sua
1504 3037 273 60 praedicatione
1729 3037 112 60 vel
1793 3037 241 60 admonitione
1986 3037 177 60 aliquem
2098 3037 177 60 infidelem

477 3097 229 60 conuertat
654 3097 106 60 ad
706 3097 159 60 fidem
812 3097 264 60 auctoritate
1024 3097 141 60 sibi
1112 3097 211 60 commissa
1270 3097 123 60 vel
1341 3097 229 60 delegata:
1517 3097 123 60 aut
1588 3097 106 60 ex
1641 3097 229 60 charitate
1817 3097 211 60 fraterna
1975 3097 141 60 quae
2064 3097 211 60 extendit
2205 3097 70 60 se

474 3153 99 80 ad
524 3153 149 80 omnes
624 3153 182 80 homines
756 3153 215 80 viatores:
922 3153 99 80 si
971 3153 116 80 non
1038 3153 149 80 habet
1137 3153 232 80 ministrare
1319 3153 248 80 sacramentum
1518 3153 232 80 praedictum
1700 3153 116 80 per
1766 3153 133 80 quod
1849 3153 116 80 sit
1916 3153 215 80 generatio
2065 3153 215 80 spiritualis
