2451 3749
157 266 220 94 perfecta:
326 266 119 94 nec
394 266 102 94 ex
445 266 254 94 auctoritate
648 266 237 94 ordinaria:
835 266 119 94 nec
903 266 102 94 ex
953 266 203 94 commissa
1106 266 119 94 vel
1174 266 220 94 delegata:
1343 266 119 94 non
1411 266 186 94 dicitur
1546 266 119 94 ita
1614 266 186 94 proprie
1750 266 169 94 pater:
1851 266 102 94 quia

160 349 122 66 non
229 349 122 66 est
299 349 122 66 ita
369 349 192 66 proprie
508 349 227 66 generans:
683 349 122 66 sed
753 349 227 66 disponens
927 349 87 66 &
962 349 244 66 habilitans
1154 349 105 66 ad
1206 349 279 66 generationem
1433 349 122 66 &c.
1503 349 105 66 De
1555 349 122 66 iis
1625 349 122 66 qui
1694 349 157 66 primo
1799 349 140 66 modo
1869 349 87 66 con

163 399 200 68 uertunt:
313 399 83 68 &
347 399 133 68 ideo
430 399 167 68 patres
547 399 217 68 dicuntur:
714 399 150 68 dicit
814 399 167 68 Apost.
931 399 100 68 i.
981 399 183 68 Corint.
1114 399 133 68 iii.
1197 399 117 68 Ego
1264 399 200 68 plantaui
1414 399 167 68 Apollo
1531 399 200 68 rigauit.
1681 399 117 68 vbi
1748 399 150 68 dicit
1831 399 117 68 Glos.

156 453 126 72 Ego
228 453 217 72 plantaui
391 453 307 72 praedicatione
644 453 108 72 ad
698 453 181 72 fidem:
824 453 181 72 Apollo
951 453 199 72 rigauit
1095 453 235 72 baptismo.
1276 453 108 72 Et
1330 453 199 72 vterque
1474 453 181 72 potest
1601 453 144 72 dici
1691 453 163 72 pater
1781 453 163 72 operan-

155 509 111 69 do
211 509 111 69 ad
267 509 315 69 generationem:
526 509 93 69 &
563 509 130 69 hoc
637 509 204 69 proprie
786 509 222 69 respectu
953 509 185 69 illius
1082 509 130 69 qui
1156 509 167 69 solum
1268 509 222 69 operatur
1435 509 167 69 circa
1546 509 130 69 iam
1620 509 204 69 genitum
1768 509 111 69 in
1805 509 130 69 fide.

162 561 148 62 Quia
255 561 167 62 etiam
366 561 185 62 gratia
496 561 167 62 fidei
607 561 148 62 sine
699 561 222 62 baptismo
866 561 130 62 non
940 561 241 62 consignat
1125 561 259 62 charactere
1329 561 167 62 sicut
1440 561 167 62 facit
1551 561 259 62 baptismus:
1755 561 93 62 &
1792 561 130 62 ita
1847 561 93 62 per

162 612 192 80 gratiam
301 612 262 80 baptismalem
510 612 209 80 perfecta
667 612 122 80 fit
737 612 192 80 adoptio
877 612 157 80 quasi
981 612 244 80 consignata
1173 612 192 80 sigillo
1313 612 244 80 principis:
1505 612 140 80 quae
1592 612 157 80 quasi
1697 612 122 80 est
1767 612 209 80 inchoata

165 668 174 70 quando
286 668 122 70 per
356 668 191 70 gratiam
495 668 261 70 praeuenitur
704 668 244 70 baptismus:
895 668 139 70 ideo
982 668 157 70 inter
1087 668 157 70 illos
1191 668 157 70 magis
1295 668 191 70 proprie
1435 668 209 70 dicuntur
1591 668 174 70 patres
1713 668 122 70 qui
1765 668 174 70 generant

167 728 125 65 per
238 728 267 65 sacramentum
452 728 214 65 baptismi
613 728 267 65 conferentis
826 728 196 65 gratiam
969 728 125 65 non
1040 728 125 65 iam
1111 728 267 65 praeuentam:
1325 728 143 65 quam
1414 728 125 65 qui
1486 728 143 65 sola
1575 728 321 65 praedicatione:
1842 728 125 65 qua

165 779 233 69 conuersus
345 779 197 69 recipit
488 779 197 69 gratiam
632 779 305 69 praeuenientem
883 779 251 69 baptismum:
1080 779 126 69 vel
1152 779 126 69 qua
1224 779 162 69 etiam
1332 779 179 69 lapsus
1457 779 90 69 a
1493 779 144 69 fide
1583 779 144 69 post
1673 779 233 69 baptismum
1834 779 108 69 ite-

160 829 124 67 rum
231 829 124 67 per
302 829 319 67 praedicationem
568 829 248 67 reformatur
763 829 106 67 ad
816 829 177 67 fidem.
940 829 106 67 de
993 829 124 67 quo
1064 829 195 67 dicitur
1206 829 195 67 Galics,
1348 829 195 67 quarto.
1490 829 195 67 Filioli
1632 829 124 67 mei
1703 829 142 67 quos
1791 829 177 67 iterum

159 887 244 66 parturio.
347 887 169 66 Glos.
460 887 169 66 Primo
573 887 188 66 quidem
704 887 132 66 per
779 887 169 66 fidem
892 887 225 66 genuerat
1061 887 132 66 eos
1136 887 113 66 in
1193 887 244 66 baptismo:
1380 887 132 66 sed
1456 887 188 66 postea
1587 887 244 66 deformati
1775 887 150 66 sunt
1850 887 94 66 per

166 930 187 78 peseudo
302 930 238 78 apostolos,
489 930 136 78 quos
574 930 119 78 cum
643 930 170 78 dolore
762 930 221 78 reformat.
932 930 187 78 Attamen
1068 930 119 78 non
1136 930 153 78 dicit
1238 930 187 78 Paulus:
1374 930 136 78 quos
1459 930 170 78 iterum
1579 930 187 78 genero:
1715 930 136 78 quia
1800 930 119 78 non
1851 930 85 78 ita

157 984 192 85 proprie
296 984 122 85 est
366 984 140 85 noua
454 984 227 85 generatio
629 984 122 85 aut
699 984 210 85 filiatio
856 984 157 85 sicut
961 984 105 85 ab
1013 984 192 85 initio:
1153 984 157 85 manet
1258 984 140 85 enim
1346 984 210 85 filiatio
1503 984 105 85 in
1555 984 245 85 charactere
1748 984 227 85 quodammo-

162 1033 118 69 do.
229 1033 135 69 hinc
314 1033 151 69 dicit
414 1033 235 69 Augustinus
599 1033 151 69 super
700 1033 151 69 loan.
801 1033 168 69 sermo.
919 1033 135 69 xii.
1003 1033 219 69 Generatio
1171 1033 252 69 spiritualis
1373 1033 118 69 vna
1440 1033 118 69 est
1508 1033 151 69 sicut
1609 1033 84 69 &
1642 1033 219 69 generatio
1810 1033 168 69 carna-

156 1094 124 70 lis
227 1094 124 70 vna
298 1094 141 70 est.
386 1094 106 70 Ex
439 1094 124 70 hoc
510 1094 159 70 autem
616 1094 141 70 quod
704 1094 177 70 dicit:
827 1094 212 70 genuerat
986 1094 106 70 in
1039 1094 230 70 baptismo:
1216 1094 141 70 Nota
1304 1094 141 70 quod
1393 1094 212 70 generare
1551 1094 124 70 per
1622 1094 230 70 baptismum
1781 1094 159 70 contin-

164 1142 117 83 git
231 1142 184 83 aliquem
365 1142 251 83 dupliciter:
567 1142 117 83 vel
634 1142 251 83 auctoritate
835 1142 84 83 &
868 1142 218 83 ordinaria
1036 1142 235 83 potestate:
1220 1142 117 83 vel
1287 1142 101 83 ex
1338 1142 251 83 conmissione
1539 1142 84 83 &
1572 1142 134 83 vice
1656 1142 218 83 ordinarii
1824 1142 84 83 &
1840 1142 101 83 eius

164 1193 253 76 auctoritate.
370 1193 79 76 &
401 1193 126 76 quia
480 1193 126 76 ille
559 1193 158 76 potius
670 1193 174 76 dicitur
796 1193 126 76 opus
875 1193 158 76 facere
985 1193 142 76 cuius
1080 1193 126 76 vice
1159 1193 79 76 &
1191 1193 237 76 auctoritate
1380 1193 126 76 fit:
1459 1193 126 76 quam
1538 1193 111 76 qui
1601 1193 142 76 illud
1696 1193 221 76 exequitur:
1870 1193 95 76 id

161 1247 162 73 circo
269 1247 162 73 talis
377 1247 251 73 baptizando
574 1247 126 73 per
646 1247 162 73 alium
754 1247 144 73 puta
843 1247 216 73 sacerdos
1005 1247 216 73 curatus,
1167 1247 126 73 per
1239 1247 144 73 suum
1328 1247 269 73 capellanum:
1544 1247 180 73 potius
1670 1247 198 73 dicitur
1795 1247 144 73 bapti-

159 1304 137 71 zare
244 1304 137 71 quam
330 1304 257 71 capellanus:
535 1304 86 71 &
569 1304 171 71 potius
689 1304 154 71 pater
792 1304 86 71 &
826 1304 154 71 maior
929 1304 154 71 pater
1031 1304 137 71 quam
1117 1304 257 71 capellanus:
1322 1304 154 71 licet
1425 1304 188 71 vterque
1562 1304 188 71 dicatur
1699 1304 171 71 pater:
1801 1304 137 71 maxime

159 1367 114 60 si
216 1367 171 60 prius
330 1367 133 60 per
406 1367 152 60 suam
500 1367 341 60 praedicationem
785 1367 247 60 conuertit
975 1367 114 60 ad
1032 1367 171 60 fidem
1145 1367 152 60 quos
1240 1367 133 60 per
1316 1367 171 60 alios
1430 1367 247 60 baptizat:
1620 1367 285 60 quemadmodum
1828 1367 114 60 Pau-

151 1409 127 73 lus
223 1409 163 73 illos
332 1409 145 73 quos
423 1409 109 73 ad
477 1409 163 73 fidem
586 1409 235 73 conuertit
767 1409 127 73 per
839 1409 235 73 ministros
1020 1409 145 73 suos
1111 1409 272 73 baptizauit.
1328 1409 235 73 Episcopus
1509 1409 163 73 etiam
1618 1409 127 73 qui
1690 1409 163 73 habet
1799 1409 109 73 ex
1853 1409 127 73 au-

154 1464 223 71 ctoritate
325 1464 223 71 ordinaria
497 1464 240 71 praedicare
686 1464 86 71 &
720 1464 154 71 omnia
823 1464 240 71 sacramenta
1012 1464 257 71 ministrare:
1218 1464 189 71 quamuis
1355 1464 206 71 insistat
1510 1464 275 71 principalius
1733 1464 154 71 circa
1819 1464 120 71 actum

157 1522 276 83 praedicandi
378 1522 92 83 &
414 1522 258 83 corrigendi
617 1522 92 83 &
654 1522 239 83 huiusmodi
838 1522 147 83 quae
930 1522 239 83 requirunt
1114 1522 111 83 in
1170 1522 258 83 ministerio
1372 1522 203 83 maiorem
1519 1522 313 83 perfectionem:
1777 1522 147 83 quam
1851 1522 92 83 cir

156 1577 109 61 ca
210 1577 163 61 actum
319 1577 272 61 baptizandi:
537 1577 200 61 quamuis
682 1577 127 61 non
755 1577 218 61 baptizet
918 1577 127 61 per
990 1577 218 61 seipsum,
1154 1577 236 61 inquantum
1335 1577 218 61 scilicet
1499 1577 218 61 baptizat
1662 1577 127 61 per
1716 1577 218 61 inferiorem

155 1625 271 69 sacerdotem,
372 1625 126 69 qui
444 1625 163 69 habet
552 1625 163 69 etiam
661 1625 235 69 baptizare
841 1625 108 69 ex
895 1625 271 69 auctoritate
1112 1625 253 69 ordinaria:
1311 1625 163 69 licet
1419 1625 126 69 sub
1491 1625 235 69 episcopo,
1672 1625 144 69 vere
1762 1625 90 69 &
1780 1625 163 69 proprie

157 1685 162 77 pater
265 1685 144 77 est.
354 1685 162 77 prout
462 1685 162 77 etiam
570 1685 179 77 Paulus
696 1685 144 77 vere
785 1685 162 77 pater
893 1685 144 77 fuit
983 1685 305 77 Corinthiorum:
1234 1685 162 77 licet
1342 1685 179 77 paucos
1467 1685 108 77 ex
1521 1685 162 77 illis
1629 1685 269 77 baptizauit:
1826 1685 108 77 quia

163 1735 172 68 missus
283 1735 137 68 fuit
369 1735 120 68 non
438 1735 120 68 tam
507 1735 223 68 baptizare
678 1735 137 68 quam
764 1735 292 68 euangelizare.
1005 1735 103 68 vt
1057 1735 172 68 dicit.
1177 1735 103 68 i.
1228 1735 241 68 Corinthio.
1417 1735 103 68 i.
1469 1735 120 68 Sic
1538 1735 172 68 igitur
1658 1735 258 68 descendendo
1864 1735 103 68 ad

162 1781 281 88 quaestionem:
391 1781 141 88 dico
479 1781 141 88 quod
567 1781 158 88 sicut
672 1781 158 88 pater
778 1781 229 88 naturalis
954 1781 123 88 vel
1024 1781 211 88 carnalis
1182 1781 193 88 dicitur
1323 1781 193 88 propter
1463 1781 229 88 naturalem
1639 1781 123 88 vel
1709 1781 211 88 carnalem
1850 1781 88 88 ge-

162 1837 261 72 nerationem:
370 1837 87 72 &
405 1837 122 72 non
474 1837 191 72 propter
613 1837 174 72 aliud:
735 1837 191 72 dicente
874 1837 243 72 Augustinus
1065 1837 139 72 quod
1152 1837 139 72 ideo
1239 1837 191 72 dicitur
1378 1837 156 72 pater
1482 1837 139 72 quia
1569 1837 209 72 generat:
1725 1837 122 72 sic
1778 1837 156 72 dicitur

160 1895 158 82 pater
266 1895 264 82 spiritualis
477 1895 193 82 propter
618 1895 264 82 spiritualem
829 1895 299 82 generationis:
1075 1895 211 82 scilicet
1233 1895 141 82 quia
1321 1895 211 82 generat:
1480 1895 88 82 &
1515 1895 123 82 non
1585 1895 193 82 propter
1726 1895 158 82 aliud
1831 1895 141 82 quid

161 1948 215 71 operatur
323 1948 162 71 circa
430 1948 126 71 iam
502 1948 197 71 genitum
646 1948 251 71 retinentem
843 1948 197 71 gratiam
987 1948 269 71 adoptionis:
1202 1948 144 71 quae
1292 1948 126 71 est
1364 1948 233 71 praecipue
1543 1948 179 71 gratia
1669 1948 179 71 fidei.
1776 1948 162 71 Quamdiu

155 2013 148 70 enim
247 2013 166 70 manet
358 2013 240 70 informis:
543 2013 111 70 vt
598 2013 111 70 in
654 2013 166 70 illis
765 2013 129 70 qui
839 2013 148 70 post
931 2013 240 70 baptismum
1116 2013 222 70 incidunt
1282 2013 111 70 in
1338 2013 222 70 peccatum
1504 2013 222 70 mortale:
1671 2013 166 70 manet
1763 2013 185 70 filiatio

163 2055 259 76 adoptionis:
370 2055 121 76 ita
439 2055 138 76 quod
525 2055 121 76 cum
594 2055 241 76 reuertitur
784 2055 103 76 ad
835 2055 190 76 gratiam
973 2055 241 76 charitatis
1163 2055 121 76 per
1232 2055 138 76 quam
1318 2055 155 76 fides
1422 2055 224 76 formatur,
1594 2055 121 76 non
1663 2055 241 76 acquiritur
1853 2055 121 76 no-

163 2112 101 63 ua
214 2112 218 63 filiatio:
381 2112 117 63 sed
448 2112 218 63 solummodo
616 2112 134 63 noua
700 2112 151 63 filii
801 2112 201 63 fugitiui
951 2112 302 63 reconciliatio.
1203 2112 184 63 Propter
1337 2112 134 63 quid
1421 2112 252 63 confessores
1622 2112 302 63 reconciliantes
1857 2112 84 63 ta-

163 2160 131 70 les
238 2160 131 70 per
313 2160 281 70 sacramentum
538 2160 319 70 poenitentiae:
801 2160 131 70 pro
876 2160 131 70 hoc
951 2160 169 70 facto
1063 2160 131 70 non
1138 2160 225 70 dicuntur
1307 2160 206 70 proprie
1457 2160 94 70 &
1494 2160 150 70 vere
1588 2160 187 70 patres
1719 2160 187 70 eorum:
1850 2160 131 70 sed

158 2209 248 76 solummodo
349 2209 248 76 improprie
540 2209 96 76 &
578 2209 210 76 extenso
731 2209 210 76 nomine:
884 2209 153 76 quia
980 2209 210 76 faciunt
1132 2209 210 76 aliquid
1285 2209 172 76 circa
1400 2209 134 76 iam
1476 2209 229 76 genitum:
1648 2209 153 76 quia
1744 2209 134 76 cum
1801 2209 134 76 sicut

159 2271 161 80 actus
267 2271 179 80 patris
392 2271 126 80 est
464 2271 215 80 generare
625 2271 197 80 filium:
769 2271 126 80 ita
840 2271 161 80 etiam
948 2271 179 80 filium
1073 2271 197 80 genitum
1217 2271 126 80 qui
1289 2271 215 80 offendit
1450 2271 269 80 poenitentem
1665 2271 287 80 reconciliare
1880 2271 54 80 &

156 2325 208 63 offensam
311 2325 242 63 remittere:
502 2325 138 63 ideo
588 2325 156 63 etiam
692 2325 138 63 illi
778 2325 173 63 quibus
899 2325 208 63 conuenit
1055 2325 121 63 sic
1124 2325 173 63 filium
1245 2325 294 63 reconciliare:
1487 2325 208 63 scilicet
1643 2325 259 63 auctoritate
1851 2325 86 63 &
1868 2325 69 63 po

163 2383 203 62 testate
310 2383 259 62 ordinaria:
514 2383 185 62 patres
643 2383 148 62 sunt
736 2383 148 62 vere
828 2383 92 62 &
865 2383 222 62 proprie.
1032 2383 129 62 Qui
1106 2383 166 62 autem
1217 2383 129 62 hoc
1291 2383 203 62 possunt
1439 2383 185 62 facere
1568 2383 277 62 auctoritate
1790 2383 92 62 &
1809 2383 129 62 pote-

166 2422 159 82 state
272 2422 211 82 delegata
431 2422 106 82 ab
484 2422 123 82 iis
554 2422 123 82 qui
625 2422 159 82 dicto
730 2422 141 82 modo
818 2422 141 82 sunt
906 2422 141 82 vere
995 2422 88 82 &
1030 2422 194 82 proprie
1171 2422 194 82 patres:
1312 2422 123 82 non
1382 2422 123 82 sic
1453 2422 141 82 sunt
1541 2422 176 82 patres
1664 2422 211 82 proprie:
1823 2422 123 82 sed
1876 2422 70 82 eo

160 2481 128 87 rum
233 2481 201 87 vicarii
379 2481 128 87 vel
453 2481 165 87 vices
562 2481 220 87 agentes.
727 2481 165 87 Pater
837 2481 183 87 igitur
965 2481 275 87 spiritualis
1185 2481 146 87 quia
1276 2481 220 87 generat,
1441 2481 165 87 primo
1551 2481 92 87 &
1587 2481 293 87 propriissime
1825 2481 92 87 &
1843 2481 92 87 ve-

168 2533 197 75 rissime
312 2533 197 75 dicitur
455 2533 161 75 solus
562 2533 143 75 deus
652 2533 233 75 trinitas:
831 2533 126 75 qui
903 2533 197 75 gratiam
1047 2533 251 75 adoptionis
1244 2533 108 75 vt
1298 2533 161 75 agens
1405 2533 251 75 principale
1602 2533 161 75 creat
1710 2533 90 75 &
1746 2533 233 75 infundit:

162 2588 226 73 respectu
332 2588 170 73 cuius
445 2588 189 73 nullus
577 2588 151 73 homo
672 2588 245 73 inquantum
860 2588 151 73 homo
955 2588 208 73 proprie
1106 2588 94 73 &
1143 2588 151 73 vere
1238 2588 208 73 dicitur
1389 2588 189 73 pater:
1521 2588 132 73 sed
1596 2588 170 73 omnes
1710 2588 189 73 renati
1842 2588 132 73 in-

170 2639 121 74 ter
239 2639 104 74 se
291 2639 139 74 sunt
378 2639 208 74 fratres.
534 2639 191 74 Secundo
673 2639 139 74 vero
760 2639 104 74 vt
812 2639 156 74 agens
916 2639 330 74 ministerialiter
1194 2639 208 74 secundum
1350 2639 156 74 modum
1454 2639 174 74 dictum
1576 2639 191 74 dicitur
1697 2639 243 74 propriissime

166 2694 97 79 &
204 2694 251 79 verissime
397 2694 174 79 pater
513 2694 232 79 Christus
687 2694 251 79 inquantum
880 2694 174 79 homo:
996 2694 232 79 respectu
1170 2694 174 79 cuius
1286 2694 193 79 nullus
1421 2694 174 79 purus
1537 2694 154 79 homo
1633 2694 212 79 dicitur
1768 2694 174 79 proprie

171 2748 94 75 &
209 2748 150 75 vere
303 2748 188 75 pater.
434 2748 94 75 &
472 2748 131 75 hoc
547 2748 150 75 ideo
641 2748 188 75 maxime
772 2748 150 75 quia
866 2748 150 75 ipse
960 2748 188 75 merito
1092 2748 244 75 passionis
1280 2748 113 75 in
1336 2748 225 75 sanguine
1505 2748 131 75 suo
1580 2748 169 75 omnes
1693 2748 131 75 nos
1749 2748 188 75 baptiza-

167 2799 128 75 uit
240 2799 293 75 virtualiter:
478 2799 146 75 vnde
569 2799 238 75 baptismus
752 2799 238 75 ecclesiae
935 2799 165 75 habet
1044 2799 256 75 efficaciam
1245 2799 91 75 &
1282 2799 183 75 virtus
1410 2799 165 75 fidei
1520 2799 110 75 vt
1574 2799 128 75 per
1648 2799 238 75 baptismum
1812 2799 128 75 flumi

171 2852 126 81 nis
243 2852 126 81 aut
315 2852 216 81 flaminis
477 2852 270 81 baptizamur.
693 2852 198 81 dicente
837 2852 234 81 Apostolo.
1017 2852 162 81 Roma.
1126 2852 126 81 vi.
1198 2852 234 81 Quicunque
1378 2852 234 81 baptizati
1558 2852 162 81 sumus
1666 2852 108 81 in
1720 2852 198 81 Christo
1846 2852 90 81 le-

170 2911 104 73 su
222 2911 104 73 in
274 2911 156 73 morte
377 2911 173 73 ipsius
499 2911 225 73 baptizati
672 2911 173 73 sumus.
793 2911 121 73 vbi
862 2911 156 73 dicit
966 2911 173 73 Glossa
1087 2911 156 73 super
1191 2911 173 73 illud.
1312 2911 104 73 In
1364 2911 190 73 Christo
1502 2911 156 73 lesu.
1606 2911 121 73 Qui
1675 2911 208 73 baptizat
1814 2911 121 73 vere.

171 2956 86 80 &
205 2956 190 80 Apocaid
343 2956 138 80 eis.
429 2956 155 80 Lauit
533 2956 121 80 nos
602 2956 86 80 a
636 2956 207 80 peccatis
791 2956 190 80 nostris
929 2956 103 80 in
981 2956 207 80 sanguine
1136 2956 138 80 suo.
1222 2956 190 80 Propter
1360 2956 138 80 quid
1446 2956 155 80 etiam
1550 2956 155 80 licet
1653 2956 207 80 Christus
1791 2956 155 80 dicitur

170 3024 160 67 agens
277 3024 284 67 ministeriale
508 3024 213 67 respectu
668 3024 124 67 dei
739 3024 89 67 &
774 3024 195 67 quantum
916 3024 107 67 ad
970 3024 195 67 gratiae
1112 3024 249 67 adoptionis
1307 3024 249 67 creationem
1503 3024 231 67 inquantum
1680 3024 160 67 homo:
1769 3024 178 67 respectu

171 3073 166 84 tamen
281 3073 203 84 aliorum
429 3073 203 84 hominum
577 3073 203 84 dicitur
725 3073 111 84 in
781 3073 259 84 baptizando
984 3073 166 84 agens
1095 3073 111 84 vt
1151 3073 277 84 principalis
1373 3073 240 84 minister:
1558 3073 148 84 quia
1650 3073 148 84 ipse
1743 3073 240 84 potestate
