2460 3711
498 235 172 76 quadam
618 235 206 76 baptizat
772 235 103 76 in
824 235 154 76 aqua:
927 235 120 76 qua
995 235 172 76 nullus
1115 235 154 76 alius
1218 235 223 76 baptizat:
1390 235 137 76 quae
1476 235 137 76 ipsi
1561 235 137 76 soli
1647 235 86 76 a
1682 235 120 76 deo
1750 235 120 76 est
1819 235 223 76 concessa:
1990 235 120 76 qua
2059 235 172 76 absque
2162 235 120 76 sacra

497 311 164 61 mento
606 311 127 61 per
679 311 255 61 quemcunque
879 311 164 61 actum
988 311 218 61 secundum
1152 311 255 61 voluntatem
1352 311 200 61 Christi
1498 311 182 61 posset
1625 311 146 61 dari
1716 311 182 61 gratia
1843 311 146 61 quae
1934 311 164 61 datur
2043 311 127 61 per
2098 311 182 61 sacramen

494 360 146 60 tum.
585 360 91 60 &
621 360 219 60 secundum
786 360 146 60 hunc
877 360 164 60 modum
986 360 219 60 Christus
1150 360 219 60 baptizat
1314 360 237 60 potestate
1497 360 146 60 sibi
1588 360 219 60 propria:
1752 360 146 60 alii
1843 360 146 60 vero
1934 360 237 60 potestate
2117 360 201 60 aliena:

498 412 143 66 data
587 412 214 66 scilicet
748 412 89 66 a
783 412 196 66 Christo
926 412 160 66 aquis
1033 412 107 66 ad
1087 412 160 66 verba
1193 412 321 66 sacramentalia.
1461 412 196 66 Propter
1604 412 143 66 quod
1693 412 214 66 Christus
1853 412 196 66 dicitur
1996 412 232 66 baptizare
2156 412 125 66 pote-

494 467 180 55 state:
620 467 144 55 alii
710 467 144 55 vero
800 467 270 55 ministerio.
1015 467 198 55 dicente
1159 467 252 55 Augustinus
1357 467 162 55 super
1465 467 162 55 loan.
1573 467 216 55 sermone.
1735 467 108 55 v.
1789 467 216 55 Clamabat
1950 467 180 55 Paulus
2076 467 126 55 cum
2130 467 162 55 videret

496 521 209 56 homines
648 521 228 56 ponentes
819 521 152 56 spem
914 521 114 56 in
970 521 209 56 seipso:
1122 521 209 56 nunquid
1274 521 190 56 Paulus
1407 521 133 56 pro
1483 521 171 56 vobis
1597 521 266 56 crucifixus
1806 521 152 56 est:
1900 521 133 56 aut
1976 521 114 56 in
2033 521 190 56 nomine
2147 521 133 56 Pauli

501 571 226 67 baptizati
675 571 174 67 estis.
796 571 209 67 Baptizat
953 571 139 67 ergo
1040 571 174 67 Paulus
1162 571 191 67 tanquam
1301 571 226 67 minister:
1475 571 122 67 non
1545 571 191 67 tanquam
1684 571 139 67 ipsa
1771 571 226 67 potestas:
1945 571 209 67 baptizat
2102 571 157 67 autem
2189 571 104 67 domi

491 626 127 54 nus
563 626 199 54 tanquam
708 626 235 54 potestas.
889 626 253 54 Aquocunque
1088 626 145 54 ergo
1178 626 145 54 quis
1269 626 253 54 baptizatur
1468 626 271 54 ministerio:
1685 626 163 54 solus
1794 626 163 54 tamen
1902 626 217 54 Christus
2065 626 127 54 est
2137 626 127 54 qui
2192 626 90 54 ba-

499 682 170 64 ptizat
618 682 238 64 potestate.
805 682 85 64 &
839 682 119 64 sic
907 682 153 64 sicut
1009 682 153 64 solus
1111 682 136 64 deus
1196 682 204 64 trinitas
1349 682 119 64 est
1416 682 153 64 pater
1518 682 272 64 auctoritate:
1739 682 119 64 sic
1807 682 204 64 Christus
1960 682 238 64 potestate,
2147 682 85 64 &
2164 682 119 64 omnes

491 743 142 58 alii
580 743 249 58 ministerio
776 743 231 58 simplici.
954 743 160 58 Inter
1060 743 142 58 quos
1149 743 196 58 maiores
1291 743 89 58 &
1327 743 320 58 principaliores
1594 743 160 58 etiam
1700 743 267 58 paternitate
1914 743 142 58 sunt
2003 743 89 58 &
2038 743 124 58 sic
2109 743 178 58 tertio
2216 743 71 58 lo

489 789 107 57 co
543 789 178 57 patres
667 789 214 57 praelati
828 789 232 57 ecclesiae
1006 789 125 57 qui
1077 789 107 57 ex
1131 789 196 57 officio
1273 789 232 57 ordinario
1451 789 178 57 habent
1576 789 267 57 ministerium
1790 789 267 57 praedicandi
2004 789 89 57 &
2040 789 285 57 administran-

502 843 108 69 di
556 843 251 69 sacramenta
753 843 341 69 regenerationis:
1041 843 162 69 inter
1149 843 144 69 quos
1238 843 144 69 papa
1328 843 126 69 est
1400 843 198 69 primus:
1544 843 216 69 Episcopi
1705 843 216 69 secundi:
1867 843 180 69 Curati
1993 843 198 69 tertii.
2136 843 90 69 &
2154 843 126 69 omnes

496 902 146 66 alii
587 902 128 66 sub
660 902 164 66 ipsis
770 902 146 66 sunt
861 902 110 66 in
916 902 274 66 paternitate
1135 902 164 66 etiam
1245 902 110 66 in
1300 902 256 66 baptizando
1500 902 91 66 &
1537 902 274 66 conuertendo
1756 902 256 66 infideles.
1957 902 110 66 In
2012 902 183 66 quibus
2122 902 164 66 casibus

501 954 184 70 quodam
629 954 147 70 modo
721 954 202 70 proprie
869 954 92 70 &
906 954 147 70 vere
998 954 147 70 dici
1090 954 202 70 possunt
1237 954 184 70 patres
1366 954 147 70 illi
1458 954 129 70 qui
1531 954 129 70 non
1605 954 184 70 habent
1734 954 147 70 illa
1826 954 184 70 facere
1955 954 110 70 ex
2010 954 313 70 iurisdictione

508 1006 242 60 ordinaria:
698 1006 121 60 sed
767 1006 104 60 ex
818 1006 224 60 delegata:
991 1006 104 60 vt
1043 1006 138 60 puta
1129 1006 173 60 quando
1250 1006 121 60 sua
1319 1006 293 60 praedicatione
1560 1006 242 60 conuertunt
1750 1006 224 60 infideles
1923 1006 104 60 ad
1974 1006 173 60 fidem:
2095 1006 138 60 siue
2181 1006 138 60 quan

508 1048 102 68 do
559 1048 221 68 baptizant
729 1048 136 68 vice
814 1048 238 68 ordinarii:
1001 1048 85 68 &
1035 1048 153 68 etiam
1137 1048 119 68 qui
1205 1048 119 68 hoc
1273 1048 187 68 faceret
1409 1048 102 68 in
1460 1048 136 68 casu
1545 1048 272 68 necessitatis
1766 1048 102 68 ex
1817 1048 136 68 sola
1902 1048 238 68 charitate.
2089 1048 119 68 Sed
2157 1048 102 68 in
2191 1048 85 68 ta-

503 1102 105 78 li
555 1102 140 78 actu
642 1102 157 78 maior
747 1102 122 78 est
817 1102 105 78 in
869 1102 262 78 paternitate
1079 1102 87 78 &
1113 1102 279 78 principalius
1340 1102 157 78 pater
1445 1102 122 78 qui
1515 1102 122 78 hoc
1585 1102 157 78 facit
1690 1102 105 78 ex
1742 1102 262 78 commissione
1951 1102 122 78 vel
2021 1102 262 78 delegatione
2213 1102 70 78 su

497 1164 212 67 perioris
656 1164 141 67 quam
744 1164 123 67 qui
815 1164 106 67 ex
868 1164 141 67 solo
956 1164 247 67 charitatis
1150 1164 212 67 feruore.
1308 1164 123 67 Sub
1379 1164 194 67 omnibus
1520 1164 159 67 autem
1626 1164 159 67 istis
1731 1164 141 67 illi
1820 1164 176 67 infimi
1943 1164 106 67 in
1996 1164 176 67 nomine
2102 1164 176 67 paterni-

496 1217 163 71 tatis
604 1217 144 71 sunt
695 1217 126 71 qui
767 1217 126 71 non
839 1217 163 71 agunt
947 1217 199 71 aliquid
1092 1217 144 71 nisi
1182 1217 163 71 circa
1291 1217 126 71 iam
1363 1217 199 71 genitum
1507 1217 253 71 existentem
1706 1217 108 71 in
1760 1217 181 71 gratia
1887 1217 271 71 adoptionis:
2103 1217 90 71 &
2140 1217 144 71 ideo
2212 1217 72 71 im

502 1269 193 69 proprie
643 1269 210 69 dicuntur
800 1269 193 69 patres:
941 1269 123 69 sed
1011 1269 193 69 proprie
1151 1269 210 69 dicuntur
1309 1269 228 69 adiutores
1484 1269 123 69 vel
1554 1269 228 69 paedagogi
1730 1269 105 69 vt
1782 1269 175 69 dictum
1905 1269 140 69 est.
1993 1269 158 69 Inter
2098 1269 123 69 hos
2150 1269 123 69 tamen

507 1324 189 64 maiores
645 1324 138 64 sunt
731 1324 103 64 in
782 1324 258 64 paternitate
989 1324 224 64 improprie
1161 1324 155 64 dicta
1264 1324 138 64 illi
1350 1324 121 64 qui
1419 1324 121 64 per
1488 1324 207 64 secundum
1643 1324 241 64 baptismum,
1832 1324 207 64 scilicet
1987 1324 121 64 per
2056 1324 258 64 sacramentum

494 1370 275 73 poenitentiae
717 1370 224 73 reformant
889 1370 189 73 renatos
1027 1370 103 73 ad
1078 1370 189 73 gratiam
1216 1370 120 73 per
1285 1370 172 73 primum
1405 1370 241 73 baptismum:
1594 1370 138 73 quam
1680 1370 138 73 illi
1766 1370 120 73 qui
1835 1370 155 73 solum
1938 1370 258 73 praedicando
2144 1370 120 73 eos
2196 1370 86 73 il-

502 1428 219 70 luminant
666 1428 109 70 ad
720 1428 255 70 doctrinam.
921 1428 109 70 Et
975 1428 164 70 adhuc
1085 1428 255 70 inferiores
1285 1428 200 70 omnibus
1431 1428 164 70 istis
1540 1428 146 70 sunt
1631 1428 146 70 illi
1722 1428 128 70 qui
1795 1428 109 70 ex
1850 1428 146 70 solo
1941 1428 200 70 feruore
2068 1428 219 70 charitatis

494 1481 247 74 existentes
689 1481 106 74 in
741 1481 141 74 fide
830 1481 159 74 licet
936 1481 194 74 informi
1077 1481 229 74 instruunt
1253 1481 88 74 &
1289 1481 300 74 reprehendunt:
1536 1481 124 74 qui
1606 1481 124 74 nec
1677 1481 177 74 patres
1800 1481 124 74 nec
1871 1481 229 74 paedagogi
2048 1481 141 74 dici
2118 1481 159 74 possunt

493 1531 128 74 sed
566 1531 256 74 tantummodo
767 1531 201 74 fratres
913 1531 110 74 vt
968 1531 183 74 dictum
1096 1531 146 74 est.
1188 1531 110 74 Et
1243 1531 219 74 secundum
1407 1531 128 74 hoc
1480 1531 256 74 concedenda
1681 1531 128 74 est
1755 1531 165 74 ratio
1864 1531 183 74 vltima
1992 1531 110 74 ad
2047 1531 165 74 istam
2139 1531 146 74 partem

499 1597 140 68 quam
586 1597 210 68 tenemus.
743 1597 105 68 Ad
795 1597 157 68 illud
900 1597 140 68 quod
988 1597 210 68 arguitur
1145 1597 157 68 primo
1250 1597 105 68 in
1302 1597 245 68 oppositum:
1494 1597 140 68 quod
1581 1597 140 68 ille
1669 1597 122 68 est
1739 1597 157 68 maior
1843 1597 87 68 &
1878 1597 175 68 verius
2001 1597 157 68 pater
2105 1597 122 68 qui
2158 1597 122 68 facit

500 1649 220 55 praedicta
669 1649 101 55 ex
720 1649 253 55 priuilegio:
922 1649 135 55 quam
1007 1649 118 55 qui
1074 1649 101 55 ex
1125 1649 220 55 potestate
1294 1649 220 55 ordinaria
1463 1649 118 55 per
1530 1649 203 55 exemplum
1682 1649 101 55 de
1733 1649 169 55 lairo:
1851 1649 203 55 Dicendum
2003 1649 135 55 quod
2087 1649 152 55 illud
2189 1649 118 55 non

503 1698 168 69 facit
615 1698 112 69 ad
671 1698 261 69 propositum
876 1698 149 69 quia
969 1698 223 69 mysticum
1136 1698 149 69 est:
1229 1698 93 69 &
1267 1698 112 69 ex
1323 1698 205 69 mystica
1471 1698 242 69 theologia
1658 1698 354 69 argumentationes
1956 1698 205 69 formari
2104 1698 130 69 non
2160 1698 112 69 pos-

501 1747 155 75 sunt.
604 1747 121 75 Sed
673 1747 138 75 esto
759 1747 138 75 quod
845 1747 138 75 ille
931 1747 121 75 qui
1000 1747 138 75 fuit
1086 1747 155 75 pater
1189 1747 207 75 puellae,
1344 1747 293 75 interpretatur
1585 1747 258 75 illuminans:
1792 1747 86 75 &
1826 1747 121 75 per
1895 1747 121 75 hoc
1964 1747 241 75 significat
2136 1747 138 75 patrem

498 1799 259 65 spiritualem
705 1799 173 65 animae
826 1799 190 65 fidelis
964 1799 121 65 qui
1033 1799 224 65 illuminat
1205 1799 311 65 spiritualiter:
1464 1799 190 65 arguere
1602 1799 104 65 ex
1654 1799 121 65 hoc
1723 1799 138 65 quod
1809 1799 155 65 omnis
1913 1799 293 65 spiritualiter
2137 1799 138 65 illumi

502 1859 136 73 nans
587 1859 119 73 est
655 1859 136 73 vere
740 1859 153 73 pater
843 1859 272 73 spiritualis:
1064 1859 119 73 est
1132 1859 187 73 arguere
1268 1859 204 73 secundum
1422 1859 221 73 fallaciam
1592 1859 238 73 accidentis
1779 1859 272 73 consequentis
2001 1859 85 73 a
2035 1859 221 73 superiori
2205 1859 102 73 ad

507 1910 228 74 inferius.
683 1910 123 74 nam
753 1910 158 74 verum
858 1910 123 74 est
928 1910 140 74 quod
1016 1910 158 74 omnis
1121 1910 158 74 pater
1226 1910 263 74 spiritualis
1437 1910 123 74 est
1507 1910 263 74 illuminans:
1717 1910 140 74 quia
1805 1910 158 74 debet
1910 1910 140 74 esse
1998 1910 263 74 illuminatus
2190 1910 88 74 lu-

506 1962 140 66 mine
594 1962 228 66 scientiae
770 1962 88 66 &
805 1962 210 66 virtutum
963 1962 88 66 &
998 1962 158 66 alios
1103 1962 105 66 ex
1155 1962 123 66 hoc
1226 1962 175 66 potens
1348 1962 263 66 illuminare:
1559 1962 123 66 qui
1629 1962 158 66 etiam
1734 1962 193 66 ratione
1875 1962 193 66 officii
2015 1962 123 66 hoc
2085 1962 175 66 facere
2190 1962 88 66 te-

505 2020 154 62 netur
607 2020 154 62 circa
710 2020 239 62 generandos
897 2020 102 62 ab
949 2020 137 62 ipso
1034 2020 188 62 quantum
1171 2020 102 62 ad
1222 2020 119 62 non
1290 2020 256 62 baptizatos:
1495 2020 119 62 vel
1563 2020 154 62 circa
1666 2020 171 62 genito
1785 2020 205 62 scilicet
1939 2020 119 62 iam
2007 2020 256 62 baptizatos.
2212 2020 102 62 Vn

504 2068 109 67 de
558 2068 254 67 illuminare
758 2068 145 67 bene
849 2068 127 67 est
921 2068 163 67 actus
1030 2068 236 67 paternus:
1211 2068 127 67 sed
1284 2068 127 67 non
1357 2068 127 67 quo
1429 2068 163 67 pater
1538 2068 127 67 per
1611 2068 109 67 se
1665 2068 91 67 &
1701 2068 236 67 immediate
1883 2068 127 67 sit
1955 2068 200 67 proprie
2101 2068 181 67 pater,
2209 2068 73 67 vt

505 2122 177 66 dictum
629 2122 141 66 est.
718 2122 141 66 Vnde
806 2122 124 66 non
877 2122 124 66 est
947 2122 301 66 conuertibilis
1195 2122 124 66 cum
1266 2122 177 66 patre:
1390 2122 124 66 sed
1460 2122 177 66 potest
1584 2122 177 66 alteri
1708 2122 230 66 conuenire
1885 2122 124 66 vel
1956 2122 106 66 ex
2009 2122 265 66 delegatione
2203 2122 71 66 ip

509 2175 134 67 sius
593 2175 167 67 patris
710 2175 117 67 vel
777 2175 100 67 ex
827 2175 234 67 charitatis
1011 2175 184 67 feruore
1145 2175 201 67 alicuius
1295 2175 184 67 fidelis
1429 2175 201 67 fratris:
1580 2175 151 67 sicut
1680 2175 151 67 etiam
1780 2175 151 67 pater
1881 2175 251 67 spiritualis
2081 2175 117 67 est
2131 2175 151 67 lucidus

507 2230 117 67 vel
574 2230 185 67 sciens:
709 2230 117 67 sed
776 2230 117 67 non
843 2230 151 67 omnis
944 2230 185 67 lucidus
1078 2230 117 67 vel
1145 2230 168 67 sciens
1262 2230 117 67 est
1329 2230 151 67 pater
1430 2230 268 67 spiritualis.
1648 2230 117 67 Sed
1715 2230 151 67 etiam
1816 2230 201 67 vlterius
1967 2230 134 67 esto
2051 2230 134 67 quod
2135 2230 134 67 ipse
2202 2230 84 67 est

502 2285 168 67 pater
615 2285 206 67 puellae
764 2285 94 67 &
802 2285 281 67 illuminatus
1026 2285 94 67 &
1063 2285 281 67 illuminans:
1288 2285 94 67 &
1325 2285 243 67 propterea
1512 2285 168 67 omnis
1624 2285 262 67 illuminans
1830 2285 94 67 &
1868 2285 281 67 illuminatus
2092 2285 187 67 aliquo
2204 2285 75 67 mo

507 2343 105 58 do
559 2343 157 58 pater
664 2343 175 58 potest
786 2343 140 58 dici
873 2343 262 58 spiritualis
1082 2343 192 58 fidelis
1222 2343 192 58 animae:
1362 2343 157 58 tamen
1466 2343 105 58 si
1519 2343 105 58 ad
1571 2343 157 58 totum
1676 2343 227 58 mysterium
1850 2343 262 58 aspiciamus:
2060 2343 140 58 ipse
2129 2343 140 58 lairus

505 2390 161 78 magis
612 2390 286 78 repraesentat
845 2390 268 78 illuminatos
1059 2390 89 78 &
1095 2390 286 78 illuminantes
1327 2390 107 78 ex
1381 2390 232 78 potestate
1560 2390 232 78 ordinaria
1739 2390 143 78 quam
1828 2390 232 78 delegata:
2007 2390 143 78 quia
2096 2390 125 78 non
2150 2390 125 78 solum

509 2441 195 76 dicitur
651 2441 159 76 pater
757 2441 195 76 puellae
898 2441 195 76 lairus:
1040 2441 124 76 sed
1111 2441 159 76 etiam
1217 2441 195 76 dicitur
1358 2441 177 76 fuisse
1482 2441 336 76 archisynagogus:
1765 2441 88 76 &
1800 2441 124 76 sic
1871 2441 265 76 principatum
2083 2441 177 76 habens
2190 2441 88 76 or-

506 2499 213 75 dinarium
666 2499 106 75 in
719 2499 231 75 synagoga,
896 2499 160 75 sicut
1003 2499 142 75 modo
1092 2499 177 75 habent
1216 2499 213 75 praelati
1375 2499 106 75 in
1429 2499 231 75 ecclesia:
1606 2499 89 75 &
1641 2499 124 75 sie
1712 2499 302 75 principaliter
1961 2499 124 75 aut
2032 2499 160 75 solum
2120 2499 160 75 reprae-

498 2547 180 75 sentat
624 2547 288 75 illuminantes
858 2547 108 75 ex
912 2547 234 75 potestate
1091 2547 234 75 ordinaria
1271 2547 306 75 praelationis.
1523 2547 144 75 Vnde
1613 2547 162 75 super
1721 2547 180 75 illud.
1846 2547 162 75 Venit
1954 2547 324 75 archisynagogus
2206 2547 72 75 no

501 2608 138 64 mine
587 2608 190 64 lairus.
725 2608 155 64 dicit
829 2608 173 64 Glossa
950 2608 311 64 interlinearis.
1209 2608 173 64 Moyses
1330 2608 242 64 legislator
1520 2608 121 64 per
1589 2608 138 64 quem
1675 2608 173 64 potius
1796 2608 207 64 praelati
1952 2608 276 64 illuminantes
2159 2608 121 64 alios

503 2659 223 72 ordinaria
675 2659 223 72 potestate
846 2659 309 72 intelliguntur:
1104 2659 172 72 qualem
1224 2659 172 72 habuit
1344 2659 189 72 Moyses:
1481 2659 137 72 quam
1567 2659 137 72 illi
1653 2659 120 72 qui
1722 2659 137 72 sunt
1807 2659 275 72 illuminantes
2031 2659 103 72 ex
2082 2659 137 72 sola
2151 2659 120 72 pote-

497 2712 161 66 state
604 2712 214 66 delegata
765 2712 125 66 vel
837 2712 107 66 ex
890 2712 143 66 solo
980 2712 143 66 actu
1069 2712 268 66 charitatis:
1283 2712 143 66 quae
1373 2712 179 66 reuera
1498 2712 161 66 nullo
1605 2712 143 66 modo
1694 2712 179 66 potest
1819 2712 143 66 dici
1909 2712 214 66 paterna:
2070 2712 125 66 sed
2123 2712 161 66 solummo

498 2760 108 74 do
552 2760 216 74 fraterna
714 2760 108 74 vt
767 2760 180 74 dictum
893 2760 144 74 est.
983 2760 144 74 Quod
1073 2760 162 74 autem
1180 2760 251 74 assumitur:
1378 2760 144 74 quod
1468 2760 162 74 tales
1576 2760 162 74 tanto
1683 2760 180 74 verius
1809 2760 90 74 &
1845 2760 162 74 magis
1953 2760 144 74 siue
2043 2760 198 74 maiores
2186 2760 126 74 de-

499 2815 144 68 bent
589 2815 144 68 dici
678 2815 197 68 patres:
822 2815 179 68 quanto
948 2815 161 68 magis
1055 2815 179 68 verius
1181 2815 90 68 &
1217 2815 251 68 perfectius
1414 2815 144 68 sunt
1504 2815 269 68 illuminati:
1719 2815 90 68 &
1755 2815 126 68 sic
1827 2815 161 68 alios
1934 2815 251 68 instruendo
2114 2815 161 68 illumi-

500 2877 165 66 nant:
610 2877 128 66 iam
683 2877 165 66 patet
793 2877 110 66 ex
848 2877 165 66 supra
958 2877 201 66 dictis:
1104 2877 201 66 quoniam
1251 2877 110 66 ex
1305 2877 147 66 actu
1397 2877 201 66 docendi
1544 2877 92 66 &
1580 2877 275 66 illuminandi
1800 2877 128 66 non
1873 2877 201 66 dicitur
2020 2877 201 66 aliquis
2148 2877 128 66 pater

496 2932 145 59 nisi
587 2932 127 59 per
659 2932 236 59 accidens:
841 2932 91 59 &
878 2932 109 59 in
932 2932 182 59 ordine
1060 2932 109 59 ad
1114 2932 236 59 persectam
1296 2932 291 59 generationem
1532 2932 145 59 quae
1623 2932 127 59 fit
1696 2932 200 59 virtute
1842 2932 255 59 sacramenti
2042 2932 236 59 baptismi:
2205 2932 73 59 vt

501 2980 187 61 quando
632 2980 243 61 contingit
819 2980 206 61 aliquem
969 2980 131 61 per
1044 2980 337 61 praedicationem
1324 2980 224 61 conuerti
1493 2980 112 61 ad
1549 2980 187 61 fidem,
1680 2980 94 61 &
1717 2980 262 61 sacramenti
1923 2980 168 61 fidei
2016 2980 262 61 susceptionem

493 3037 109 75 ad
547 3037 146 75 quod
639 3037 237 75 faciendum
821 3037 200 75 maiorem
966 3037 255 75 potestatem
1167 3037 182 75 habent
1294 3037 146 75 illi
1385 3037 128 75 qui
1458 3037 200 75 faciunt
1604 3037 164 75 illud
1713 3037 237 75 potestate
1895 3037 255 75 ordinaria:
2096 3037 182 75 quibus
2205 3037 73 75 ma
