2431 3732
515 236 176 111 primae
638 236 193 111 Corint.
779 236 158 111 xiii.
884 236 193 111 Propter
1025 236 141 111 quod
1113 236 246 111 comparando
1306 236 176 111 statum
1429 236 228 111 euangelii
1605 236 105 111 ad
1657 236 176 111 statum
1780 236 228 111 visionis,
1956 236 193 111 dicitur
2097 236 176 111 lucae.
2202 236 88 111 iii

513 314 172 89 Inter
628 314 172 89 natos
742 314 229 89 mulierum
914 314 134 89 non
991 314 229 89 surrexit
1163 314 172 89 maior
1278 314 191 89 loanne
1412 314 249 89 baptista,
1603 314 134 89 qui
1679 314 172 89 autem
1794 314 172 89 minor
1909 314 134 89 est
1985 314 115 89 in
2042 314 172 89 regno
2138 314 153 89 caelo-

508 350 131 103 rum
583 350 168 103 maior
695 350 131 103 est
770 350 168 103 illo:
882 350 93 103 &
919 350 131 103 hoc
994 350 149 103 quia
1087 350 149 103 plus
1180 350 243 103 veritatis
1367 350 336 103 comprehenditur
1647 350 187 103 minima
1777 350 205 103 visione
1927 350 149 103 quam
2020 350 187 103 totius
2132 350 168 103 euange-

510 421 130 85 lii
585 421 353 85 contemplatione.
882 421 112 85 Et
938 421 242 85 similiter
1124 421 186 85 posset
1254 421 149 85 dici
1347 421 260 85 comparando
1551 421 186 85 statum
1682 421 167 85 legis
1793 421 167 85 Moysi
1905 421 112 85 ad
1960 421 186 85 statum
2091 421 167 85 legis
2183 421 112 85 euan

511 489 188 85 gelii.
643 489 169 85 Inter
756 489 169 85 natos
869 489 226 85 mulierum
1038 489 132 85 non
1114 489 226 85 surrexit
1283 489 169 85 maior
1396 489 245 85 Hieremia.
1584 489 132 85 sit
1660 489 151 85 ita:
1754 489 132 85 qui
1829 489 169 85 autem
1942 489 207 85 minimus
2093 489 132 85 est
2168 489 113 85 in
2206 489 94 85 re-

525 524 120 101 gno
594 524 206 101 caelorum
748 524 138 101 quod
835 524 120 101 est
903 524 206 101 ecclesia
1058 524 258 101 euangelica,
1265 524 155 101 maior
1368 524 120 101 est
1437 524 155 101 illo:
1540 524 138 101 quia
1626 524 138 101 plus
1712 524 224 101 veritatis
1884 524 155 101 fides
1987 524 241 101 euangelica
2159 524 138 101 decla-

524 593 124 74 rat
595 593 177 74 minimo
719 593 247 74 christiano
913 593 141 74 bono
1002 593 141 74 quam
1090 593 159 74 fecit
1196 593 141 74 tota
1284 593 124 74 lex
1355 593 177 74 maximo
1479 593 177 74 iudaeo
1603 593 194 74 quantum
1744 593 124 74 est
1815 593 106 74 ex
1868 593 159 74 parte
1974 593 177 74 legis.
2098 593 159 74 licet
2186 593 106 74 enim

510 638 138 88 sub
589 638 157 88 lege
687 638 197 88 aliqui
825 638 236 88 nouerunt
1002 638 157 88 quae
1101 638 256 88 patefacta
1297 638 157 88 sunt
1396 638 138 88 sub
1475 638 275 88 euangelio:
1691 638 138 88 quo
1770 638 118 88 ad
1829 638 138 88 hoc
1907 638 236 88 secundum
2065 638 236 88 Augustinum

514 693 268 97 pertinebant
729 693 107 97 ad
782 693 179 97 statum
908 693 250 97 euangelii.
1104 693 125 97 Est
1176 693 179 97 igitur
1301 693 286 97 aduertendum:
1534 693 143 97 quod
1623 693 161 97 licet
1731 693 161 97 dicti
1838 693 143 97 tres
1927 693 179 97 status
2035 693 268 97 distinguuntur

519 759 115 68 vt
576 759 191 68 dictum
710 759 153 68 est:
806 759 172 68 tamen
921 759 115 68 in
978 759 230 68 quolibet
1151 759 211 68 illorum
1304 759 153 68 sunt
1399 759 191 68 infimi
1533 759 172 68 medii
1648 759 96 68 &
1687 759 230 68 supremi:
1859 759 96 68 &
1897 759 134 68 sic
1974 759 230 68 secundum
2146 759 172 68 modum

522 803 167 93 status
639 803 150 93 legis
739 803 167 93 aliqui
856 803 150 93 erant
956 803 267 93 incipientes:
1173 803 133 93 alii
1256 803 283 93 proficientes:
1490 803 133 93 alii
1573 803 217 93 perfecti:
1740 803 150 93 sicut
1840 803 83 93 &
1873 803 100 93 in
1923 803 150 93 statu
2023 803 217 93 euangelii
2173 803 117 93 iuxta

520 860 173 81 modum
635 860 173 81 eius.
750 860 134 81 Qui
827 860 173 81 autem
942 860 173 81 erant
1057 860 230 81 perfecti
1230 860 173 81 erant
1345 860 230 81 ministri
1518 860 173 81 legis
1633 860 96 81 &
1671 860 249 81 paedagogi
1863 860 211 81 aliorum
2016 860 249 81 coercendo
2189 860 96 81 par

527 914 162 80 uulos
635 914 235 80 paruitate
816 914 199 80 seruili
960 914 181 80 timore
1087 914 181 80 poenae
1213 914 126 80 quo
1285 914 108 80 ad
1339 914 181 80 legem:
1466 914 199 80 ducendo
1610 914 144 80 vero
1700 914 235 80 paruulos:
1881 914 235 80 paruitate
2061 914 199 80 filiali
2188 914 90 80 amo

526 973 105 85 re
579 973 228 85 iustitiae
755 973 123 85 quo
825 973 105 85 ad
877 973 263 85 euangelium.
1088 973 88 85 &
1123 973 211 85 secundum
1281 973 123 85 hoc
1351 973 105 85 in
1404 973 175 85 aliquo
1527 973 263 85 conueniebat
1737 973 263 85 paedagogium
1948 973 158 85 legis
2053 973 88 85 &
2070 973 211 85 euangelii.

523 1024 123 86 cum
594 1024 140 86 enim
681 1024 263 86 paedagogium
891 1024 158 86 nihil
996 1024 123 86 sit
1066 1024 158 86 aliud
1171 1024 140 86 quam
1259 1024 263 86 magisterium
1469 1024 123 86 vel
1539 1024 210 86 officium
1696 1024 245 86 paedagogi:
1889 1024 88 86 &
1924 1024 263 86 incipientes
2134 1024 88 86 &
2151 1024 123 86 profi

534 1080 187 84 cientes
670 1080 153 84 erant
773 1080 119 84 tam
841 1080 102 84 in
892 1080 136 84 lege
977 1080 136 84 quam
1062 1080 102 84 in
1113 1080 222 84 euangelio
1284 1080 119 84 sub
1352 1080 239 84 paedagogio
1539 1080 256 84 persectorum
1744 1080 170 84 illius
1863 1080 170 84 legis:
1982 1080 102 84 in
2033 1080 170 84 aliquo
2153 1080 153 84 autem

532 1134 282 91 differebant:
761 1134 141 91 quia
850 1134 264 91 paedagogium
1061 1134 159 91 legis
1167 1134 264 91 exercebatur
1378 1134 141 91 metu
1466 1134 194 91 poenae:
1607 1134 264 91 paedagogium
1819 1134 159 91 autem
1925 1134 229 91 euangelii
2101 1134 106 91 vt
2136 1134 141 91 dictum

532 1188 128 83 est
605 1188 237 83 exercetur
787 1188 164 83 amore
897 1188 255 83 iustitiae:
1097 1188 91 83 &
1134 1188 237 83 propterea
1316 1188 164 83 legis
1426 1188 274 83 paedagogium
1645 1188 237 83 euacuatum
1827 1188 128 83 est
1900 1188 255 83 adueniente
2101 1188 201 83 paedago

534 1241 125 91 gio
605 1241 249 91 euangelii.
801 1241 214 91 secundum
962 1241 143 91 quod
1051 1241 196 91 dicitur
1193 1241 178 91 Galat.
1318 1241 143 91 iii.
1407 1241 107 91 vt
1460 1241 196 91 argutum
1603 1241 143 91 est.
1692 1241 160 91 Manet
1799 1241 160 91 tamen
1906 1241 267 91 paedagogium
2102 1241 160 91 euange-

532 1308 119 74 lii
600 1308 85 74 &
634 1308 187 74 manebit
770 1308 136 74 toto
855 1308 187 74 tempore
991 1308 238 74 militantis
1178 1308 238 74 ecclesiae:
1365 1308 136 74 quia
1451 1308 170 74 nuilus
1570 1308 238 74 perfectior
1757 1308 204 74 sequitur
1910 1308 136 74 nisi
1995 1308 170 74 status
2097 1308 153 74 gloriae

531 1353 105 84 in
584 1353 123 84 quo
654 1353 210 84 cessabit
812 1353 140 84 omne
899 1353 280 84 paedagogium:
1127 1353 123 84 sed
1197 1353 158 84 erunt
1302 1353 158 84 omnes
1407 1353 210 84 persecte
1564 1353 175 84 edocti
1687 1353 88 84 a
1722 1353 193 84 domino.
1862 1353 88 84 &
1897 1353 158 84 sicut
2002 1353 245 84 adueniente
2177 1353 70 84 sa

529 1413 211 79 cramento
687 1413 158 79 nouae
793 1413 158 79 legis
898 1413 211 79 cessabat
1056 1413 140 79 omne
1144 1413 263 79 sacramentum
1354 1413 193 79 veteris
1495 1413 175 79 legis:
1617 1413 123 79 sic
1688 1413 246 79 adueniente
1881 1413 193 79 visione
2021 1413 123 79 dei
2074 1413 175 79 cessabit

532 1462 146 93 omne
623 1462 273 93 sacramentum
841 1462 164 93 nouae
950 1462 182 93 legis.
1078 1462 109 93 vt
1132 1462 164 93 dicit
1242 1462 255 93 Augustinus
1442 1462 109 93 in
1497 1462 218 93 epistola
1660 1462 109 93 ad
1715 1462 218 93 Maximum.
1879 1462 164 93 Sicut
1970 1462 291 93 circuncisionem

530 1515 211 93 abstulit
688 1515 176 93 domini
811 1515 176 93 primus
934 1515 228 93 aduentus:
1110 1515 123 93 sic
1180 1515 228 93 baptismum
1356 1515 193 93 auferet
1496 1515 211 93 secundus
1654 1515 140 93 eius
1742 1515 228 93 aduentus.
1918 1515 158 93 Sicut
2023 1515 140 93 enim
2111 1515 193 93 nunquam

530 1591 212 79 postquam
689 1591 159 79 venit
796 1591 212 79 libertas
955 1591 159 79 fidei
1061 1591 88 79 &
1096 1591 124 79 est
1167 1591 194 79 remotum
1308 1591 248 79 seruitutis
1503 1591 159 79 iugum
1609 1591 159 79 vllus
1715 1591 265 79 christianus
1927 1591 301 79 circunciditur
2157 1591 106 79 car-

532 1623 120 88 ne:
600 1623 120 88 sic
669 1623 137 88 tunc
755 1623 257 88 regeneratis
960 1623 171 88 iustis
1080 1623 120 88 cum
1149 1623 189 88 domino,
1286 1623 257 88 damnatisque
1492 1623 171 88 impiis
1612 1623 137 88 nemo
1697 1623 291 88 baptizabitur.
1937 1623 120 88 sed
2006 1623 137 88 quod
2092 1623 137 88 ista
2160 1623 103 88 figu

535 1681 133 86 rant
619 1681 100 86 id
668 1681 116 86 est
735 1681 249 86 circuncisio
935 1681 166 86 cordis
1051 1681 83 86 &
1084 1681 200 86 munditia
1234 1681 283 86 conscientiae,
1467 1681 183 86 manebit
1600 1681 249 86 inaeternum.
1799 1681 133 86 Hinc
1882 1681 150 86 dicit
1982 1681 233 86 Hieronymus
2149 1681 116 86 libro

530 1736 118 84 xi.
597 1736 252 84 quaestionum
799 1736 101 84 ad
849 1736 185 84 Edibiam
984 1736 252 84 quaestione.
1185 1736 151 84 viii.
1286 1736 134 84 quod
1370 1736 235 84 inclinante
1555 1736 151 84 caput
1655 1736 134 84 lesu
1739 1736 84 84 &
1773 1736 218 84 emittente
1941 1736 202 84 spiritum
2092 1736 151 84 velum
2176 1736 84 84 tem

535 1789 124 94 pli
606 1789 196 94 scissum
749 1789 124 94 est
820 1789 107 94 in
873 1789 142 94 duas
962 1789 178 94 partes
1086 1789 89 94 a
1122 1789 160 94 summo
1229 1789 160 94 vsque
1335 1789 107 94 in
1389 1789 213 94 deorsum:
1549 1789 249 94 quaerendum
1744 1789 107 94 an
1798 1789 213 94 exterius
1958 1789 107 94 an
2011 1789 231 94 interius:
2171 1789 89 94 mi-

530 1845 155 98 hique
633 1845 189 98 videtur
770 1845 103 98 in
822 1845 206 98 passione
977 1845 172 98 domini
1097 1845 155 98 illud
1200 1845 155 98 velum
1303 1845 137 98 esse
1389 1845 241 98 conscissum
1578 1845 137 98 quod
1664 1845 86 98 &
1698 1845 103 98 in
1750 1845 258 98 tabernaculo
1956 1845 86 98 &
1990 1845 103 98 in
2042 1845 172 98 templo
2145 1845 120 98 foris

545 1900 195 92 positum
687 1900 142 92 fuit
775 1900 88 92 &
811 1900 283 92 appellabatur
1041 1900 230 92 exterius:
1217 1900 88 92 &
1253 1900 159 92 omnia
1359 1900 159 92 legis
1465 1900 212 92 reuelata
1624 1900 142 92 sunt
1713 1900 230 92 mysteria:
1890 1900 106 92 vt
1943 1900 142 92 quae
2031 1900 159 92 prius
2120 1900 142 92 recon-

536 1954 151 84 dita
631 1954 265 84 tenebantur
839 1954 246 84 vniuersis
1028 1954 227 84 gentibus
1199 1954 303 84 panderentur.
1445 1954 151 84 Quia
1540 1954 170 84 autem
1653 1954 114 84 ex
1710 1954 170 84 parte
1824 1954 208 84 videmus
1975 1954 95 84 &
2013 1954 114 84 ex
2070 1954 170 84 parte
2164 1954 95 84 co-

540 2012 258 94 gnoscimus:
743 2012 129 94 cum
816 2012 203 94 venerit
964 2012 148 94 quod
1056 2012 240 94 perfectum
1241 2012 148 94 est:
1333 2012 148 94 tunc
1425 2012 166 94 etiam
1536 2012 166 94 velum
1647 2012 221 94 interius
1813 2012 295 94 disrumpendum
2053 2012 148 94 est:
2145 2012 111 94 vt
2182 2012 74 94 om

538 2062 130 85 nia
613 2062 149 85 quae
706 2062 149 85 nunc
799 2062 167 85 nobis
910 2062 260 85 abscondita
1115 2062 167 85 sunt,
1227 2062 167 85 domus
1338 2062 130 85 dei
1413 2062 260 85 sacramenta
1617 2062 242 85 videamus.
1803 2062 149 85 Quid
1896 2062 167 85 autem
2008 2062 242 85 assumitur
2194 2062 112 85 in

544 2116 217 87 argumento:
714 2116 124 87 quod
791 2116 108 87 hoc
853 2116 155 87 potest
962 2116 201 87 intelligi
1117 2116 93 87 ex
1163 2116 93 87 eo
1210 2116 124 87 quod
1287 2116 186 87 dicitur.
1426 2116 93 87 i.
1473 2116 186 87 Corinth.
1612 2116 139 87 iiii.
1705 2116 124 87 quod
1783 2116 93 87 si
1829 2116 139 87 decem
1922 2116 139 87 milia
2015 2116 108 87 &c.
2077 2116 155 87 omnino
2170 2116 93 87 fal-

537 2180 120 85 sum
605 2180 137 85 est.
691 2180 120 85 Non
759 2180 137 85 enim
845 2180 171 85 Paulus
965 2180 120 85 ibi
1033 2180 171 85 probat
1153 2180 103 85 se
1204 2180 137 85 esse
1290 2180 171 85 patrem
1410 2180 137 85 quia
1495 2180 137 85 erat
1581 2180 171 85 doctor
1700 2180 274 85 simpliciter:
1923 2180 120 85 sed
1991 2180 137 85 quia
2077 2180 171 85 genuit
2179 2180 86 85 sua

541 2239 228 78 doctrina.
717 2239 158 78 Alias
822 2239 140 78 enim
909 2239 175 78 quando
1032 2239 210 78 erudiuit
1189 2239 123 78 iam
1259 2239 193 78 genitos
1399 2239 140 78 erat
1487 2239 175 78 nutrix
1609 2239 105 78 vt
1662 2239 175 78 dictum
1784 2239 140 78 est.
1872 2239 105 78 Et
1924 2239 105 78 de
1977 2239 140 78 tali
2064 2239 228 78 paedagogo

535 2285 252 79 euangelico
733 2285 216 79 loquitur
894 2285 126 79 hic
966 2285 252 79 supponendo
1164 2285 144 79 quod
1254 2285 108 79 in
1308 2285 216 79 veritate
1469 2285 234 79 Corinthii
1649 2285 216 79 habebant
1811 2285 180 79 plures
1937 2285 162 79 bonos
2044 2285 216 79 doctores
2188 2285 72 79 ip

538 2336 168 87 sorum
651 2336 131 87 iam
725 2336 262 87 genitorum:
931 2336 94 87 a
969 2336 187 87 quibus
1100 2336 131 87 non
1175 2336 206 87 remouet
1324 2336 281 87 paedagogium
1549 2336 131 87 sed
1624 2336 318 87 paternitatem:
1886 2336 150 87 quia
1979 2336 150 87 ipse
2073 2336 168 87 solus
2166 2336 94 87 eos

543 2396 188 90 genuit
675 2396 225 90 secundum
844 2396 169 90 modum
957 2396 169 90 supra
1069 2396 263 90 expositum.
1276 2396 169 90 Absit
1389 2396 150 90 ergo
1483 2396 150 90 quin
1577 2396 169 90 multi
1689 2396 263 90 euangelici
1896 2396 150 90 sint
1990 2396 132 90 sub
2065 2396 225 90 paedago-

542 2451 129 90 go:
615 2451 165 90 licet
725 2451 129 90 non
799 2451 147 90 tali
890 2451 147 90 modo
982 2451 165 90 quali
1092 2451 165 90 erant
1203 2451 129 90 sub
1276 2451 239 90 paedagogo
1460 2451 147 90 illi
1551 2451 220 90 legales.
1717 2451 202 90 illorum
1863 2451 147 90 enim
1955 2451 275 90 paedagogium
2157 2451 92 90 sub

546 2494 215 89 euangelio
712 2494 215 89 euacuatum
877 2494 132 89 est:
959 2494 116 89 quo
1026 2494 99 89 ad
1075 2494 116 89 hoc
1141 2494 198 89 scilicet
1290 2494 132 89 quid
1372 2494 132 89 erat
1455 2494 182 89 seruile
1587 2494 99 89 vt
1637 2494 149 89 patet
1736 2494 99 89 ex
1785 2494 182 89 dictis.
1918 2494 116 89 Nec
1984 2494 149 89 omnes
2083 2494 116 89 qui
2132 2494 116 89 recta

540 2561 179 72 docent
665 2561 125 72 sub
737 2561 233 72 euangelio
916 2561 179 72 debent
1042 2561 143 72 dici
1131 2561 197 72 patres:
1275 2561 125 72 sed
1346 2561 161 72 multi
1454 2561 143 72 sunt
1543 2561 179 72 tantum
1669 2561 251 72 paedagogi.
1866 2561 143 72 vnde
1955 2561 107 72 in
2009 2561 143 72 fine
2081 2561 179 72 superil-

540 2606 143 86 lud.
629 2606 107 86 Si
683 2606 161 86 decem
790 2606 161 86 milia
898 2606 125 86 &c.
969 2606 161 86 dicit
1076 2606 197 86 glossa.
1219 2606 125 86 Dum
1291 2606 214 86 loquitur
1452 2606 250 86 corinthiis
1648 2606 89 86 &
1684 2606 250 86 paedagogos
1881 2606 197 86 nominat
2024 2606 89 86 &
2059 2606 179 86 pueros
2167 2606 89 86 il-

545 2659 113 90 los
610 2659 130 90 esse
691 2659 243 90 significat:
885 2659 162 90 quales
998 2659 146 90 erant
1095 2659 130 90 illi
1176 2659 162 90 quibus
1290 2659 146 90 dicit
1387 2659 178 90 Hebrae.
1516 2659 97 90 v.
1565 2659 113 90 Cum
1630 2659 210 90 deberetis
1791 2659 194 90 magistri
1937 2659 130 90 esse
2018 2659 178 90 propter
2131 2659 130 90 tempus

539 2713 179 87 tursum
664 2713 232 87 indigetis
843 2713 107 87 vt
896 2713 125 87 vos
968 2713 232 87 doceamini
1146 2713 143 87 quae
1235 2713 143 87 sunt
1325 2713 214 87 elementa
1485 2713 196 87 exordii
1628 2713 214 87 sermonis
1789 2713 143 87 dei:
1878 2713 89 87 &
1914 2713 161 87 facti
2021 2713 161 87 estis
2110 2713 143 87 quibus

545 2766 154 91 lacte
647 2766 136 91 opus
733 2766 119 91 sit
801 2766 119 91 non
869 2766 171 91 solido
989 2766 154 91 cibo.
1091 2766 154 91 Omnis
1193 2766 136 91 enim
1279 2766 119 91 qui
1347 2766 171 91 lactis
1466 2766 119 91 est
1534 2766 239 91 particeps:
1722 2766 171 91 expers
1842 2766 119 91 est
1910 2766 205 91 sermonum
2046 2766 205 91 iustitiael

557 2830 199 71 paruulus
706 2830 132 71 enim
789 2830 132 71 est.
872 2830 165 71 aliter
988 2830 116 71 non
1054 2830 182 71 diceret
1186 2830 215 71 apostolus
1352 2830 215 71 fidelibus
1517 2830 149 71 illud
1617 2830 165 71 primae
1732 2830 215 71 Corinthi.
1898 2830 132 71 iii.
1981 2830 182 71 Tanquam
2097 2830 165 71 paruulis

542 2879 88 76 &
578 2879 210 76 caetera.
735 2879 158 76 sicut
840 2879 175 76 supra,
963 2879 123 76 nec
1033 2879 193 76 diceret
1173 2879 175 76 Petrus
1295 2879 158 76 illud
1400 2879 175 76 primae
1523 2879 158 76 Petri
1628 2879 210 76 secundo.
1785 2879 158 76 Quasi
1890 2879 140 76 modo
1978 2879 175 76 geniti
2083 2879 175 76 infantes

543 2927 131 81 lac
618 2927 317 81 concupiscite.
879 2927 149 81 Vnde
973 2927 168 81 sicut
1084 2927 243 81 apostolus
1271 2927 205 81 humanae
1420 2927 317 81 consuetudinis
1682 2927 299 81 similitudine
1924 2927 187 81 probat
2055 2927 243 81 cessatio-

544 2983 127 81 nem
616 2983 163 81 legis
725 2983 217 81 Mosaicae
888 2983 253 81 adueniente
1086 2983 145 81 lege
1177 2983 163 81 fidei
1285 2983 199 81 Christi
1430 2983 127 81 cum
1502 2983 181 81 dicit:
1629 2983 181 81 Quanto
1756 2983 199 81 tempore
1900 2983 181 81 haeres
2027 2983 217 81 paruulus
2172 2983 90 81 est

548 3034 127 76 &c.
620 3034 127 76 sic
693 3034 127 76 per
766 3034 181 76 eandem
893 3034 308 76 similitudinem
1146 3034 218 76 possumus
1310 3034 200 76 probare
1455 3034 272 76 cessationem
1673 3034 163 76 legis
1781 3034 163 76 fidei
1890 3034 200 76 Christi
2035 3034 127 76 sub
2090 3034 163 76 euange-

537 3103 131 86 lio
612 3103 262 86 adueniente
818 3103 131 86 dei
893 3103 224 86 visione:
1061 3103 206 86 dicendo
1211 3103 150 86 sic.
1304 3103 187 86 Quanto
1435 3103 206 86 tempore
1585 3103 131 86 &c.
1659 3103 131 86 lta
1734 3103 94 86 &
1772 3103 131 86 nos
1847 3103 131 86 cum
1921 3103 168 86 sumus
2034 3103 206 86 paruull
2164 3103 94 86 sub
