2385 3708
128 254 212 89 tenentur
287 254 194 89 ratione
429 254 212 89 ordinum.
587 254 106 89 Si
640 254 159 89 autem
746 254 124 89 non
817 254 141 89 sunt
905 254 106 89 in
958 254 194 89 sacris:
1099 254 88 89 &
1135 254 159 89 habet
1241 254 194 89 religio
1382 254 141 89 bona
1470 254 300 89 ecclesiastica
1717 254 141 89 sibi
1788 254 106 89 depu

135 330 135 70 tata
220 330 135 70 vnde
304 330 186 70 viuunt:
440 330 203 70 tenentur
592 330 152 70 sicut
694 330 186 70 clerici
829 330 254 70 beneficiati
1032 330 119 70 non
1100 330 237 70 existentes
1286 330 102 70 in
1337 330 169 70 sacris
1456 330 186 70 ratione
1591 330 152 70 iuris
1676 330 220 70 percipiendi

130 385 245 61 beneficium:
325 385 114 61 ita
391 385 131 61 quod
472 385 179 61 ratione
603 385 228 61 religionis
782 385 245 61 simpliciter
978 385 114 61 non
1043 385 228 61 obligantur
1223 385 98 61 ad
1272 385 163 61 horas,
1386 385 131 61 quod
1468 385 98 61 si
1517 385 228 61 obligentur
1696 385 98 61 ad
1745 385 147 61 horas
1827 385 65 61 ex

134 441 162 61 aliquo
247 441 178 61 statuto
377 441 113 61 vel
442 441 146 61 papae
539 441 113 61 vel
603 441 162 61 ipsius
717 441 243 61 religionis,
911 441 113 61 hoc
976 441 113 61 est
1041 441 178 61 ratione
1170 441 113 61 qua
1235 441 130 61 sunt
1316 441 178 61 clerici
1446 441 227 61 religiosi.
1624 441 97 61 Et
1672 441 113 61 sic
1721 441 162 61 concedem

132 490 97 68 da
180 490 113 68 est
245 490 145 68 ratio
341 490 97 68 ad
390 490 161 68 primam
502 490 161 68 partem
615 490 193 68 adducta.
760 490 97 68 Ad
809 490 193 68 rationem
954 490 97 68 in
1002 490 209 68 oppositum
1163 490 129 68 quod
1244 490 226 68 deseruiens
1421 490 113 68 per
1485 490 129 68 vnam
1566 490 129 68 viam
1646 490 226 68 absoluitur
1808 490 64 68 ab

127 543 130 73 alia:
213 543 173 73 dicendum
343 543 116 73 quod
415 543 130 73 verum
502 543 101 73 est
560 543 173 73 secundum
690 543 130 73 modum
776 543 101 73 quo
834 543 87 73 ab
878 543 116 73 alia
950 543 217 73 absoluitur.
1123 543 116 73 nunc
1195 543 130 73 autem
1282 543 101 73 ita
1340 543 101 73 est
1397 543 116 73 quod
1470 543 188 73 absolutio
1614 543 116 73 ista
1686 543 101 73 sit
1744 543 101 73 per
1787 543 87 73 pri-

132 597 193 78 uilegium
277 597 97 78 ad
325 597 113 78 hoc
390 597 209 78 concessum
551 597 258 78 scholaribus:
760 597 129 78 quid
841 597 113 78 non
905 597 193 78 absoluit
1050 597 209 78 scholarem
1211 597 97 78 ab
1260 597 145 78 horis
1356 597 193 78 dicendis
1501 597 258 78 simpliciter:
1711 597 113 78 sed
1759 597 113 78 solum

123 648 131 65 modo
205 648 98 65 ab
254 648 147 65 ipsis
352 648 197 65 dicendis
500 648 197 65 secundum
647 648 180 65 aliquem
778 648 147 65 modum
876 648 279 65 determinatum.
1106 648 279 65 Beneficiatus.
1335 648 98 65 nm
1384 648 115 65 non
1450 648 213 65 scholaris
1614 648 98 65 de
1663 648 131 65 iure
1729 648 147 65 tenetur

126 705 197 69 continue
273 705 197 69 residere
421 705 98 69 in
470 705 197 69 ecclesia
618 705 98 69 in
667 705 115 69 qua
733 705 115 69 est
798 705 262 69 beneficiatus
1012 705 98 69 ad
1061 705 246 69 officiandum
1258 705 164 69 ipsam.
1372 705 98 69 Et
1422 705 98 69 ex
1471 705 115 69 hoc
1536 705 148 69 circa
1635 705 148 69 horas
1717 705 164 69 dicendas

126 758 178 74 tenetur
255 758 97 74 ad
304 758 129 74 duo:
385 758 162 74 quorum
498 758 129 74 vnum
579 758 113 74 est
644 758 97 74 ad
692 758 194 74 dicendas
838 758 113 74 eas
903 758 259 74 simpliciter.
1113 758 178 74 Alterum
1243 758 113 74 est
1307 758 97 74 ad
1356 758 194 74 dicendas
1502 758 113 74 eas
1566 758 210 74 ordinatim
1728 758 97 74 in
1761 758 113 74 eccle

129 813 99 54 sia
186 813 170 54 secundum
313 813 241 54 consuetudinem
512 813 114 54 suae
583 813 213 54 ecclulsiae:
754 813 114 54 nisi
825 813 128 54 alias
910 813 142 54 subsit
1010 813 128 54 causa
1095 813 170 54 legitima
1223 813 142 54 aliter
1322 813 156 54 dicendi
1436 813 114 54 eas.
1507 813 71 54 &
1535 813 99 54 sic
1592 813 85 54 ab
1635 813 114 54 isto
1706 813 156 54 secundo
1819 813 85 54 ab

131 865 182 61 soluitur
268 865 198 61 scholaris
419 865 106 61 per
480 865 228 61 priuilegium
663 865 122 61 quod
739 865 182 61 concedit
875 865 91 61 ei
921 865 167 61 fructus
1042 865 198 61 beneficii
1194 865 106 61 sui
1255 865 91 61 in
1301 865 182 61 scholis,
1437 865 76 61 &
1468 865 258 61 recompensatur
1680 865 106 61 per
1741 865 122 61 opus
1802 865 76 61 stu

127 918 133 63 dii:
211 918 83 63 a
244 918 150 63 primo
344 918 150 63 autem
444 918 234 63 nequaquam:
628 918 83 63 &
661 918 117 63 sic
728 918 150 63 manet
828 918 217 63 obligatus
995 918 100 63 ad
1045 918 150 63 horas
1145 918 200 63 dicendas
1295 918 267 63 simpliciter:
1512 918 150 63 licet
1612 918 117 63 non
1679 918 200 63 secundum
1812 918 67 63 mo

132 971 110 57 dum
195 971 110 57 quo
258 971 188 57 dicuntur
398 971 94 57 in
445 971 188 57 ecclesia
586 971 125 57 sua.
664 971 78 57 &
696 971 110 57 sic
758 971 110 57 non
821 971 110 57 est
883 971 156 57 simile
993 971 94 57 de
1040 971 110 57 vno
1103 971 78 57 &
1134 971 94 57 de
1181 971 141 57 alio.
1275 971 125 57 Vnde
1353 971 141 57 dicit
1447 971 188 57 Innocem.
1588 971 172 57 Clerici
1697 971 188 57 cuiuslibet

127 1024 167 61 ordinis
248 1024 76 61 &
278 1024 182 61 praelati
415 1024 167 61 possunt
536 1024 91 61 ex
581 1024 136 61 causa
672 1024 91 61 ab
717 1024 182 61 officiis
854 1024 121 61 quae
929 1024 91 61 in
975 1024 182 61 ecclesia
1111 1024 182 61 dicuntur
1247 1024 167 61 abesse:
1368 1024 151 61 debent
1474 1024 136 61 tamen
1565 1024 136 61 prout
1656 1024 151 61 melius
1747 1024 136 61 possunt

133 1079 139 57 horas
225 1079 155 57 dicere
334 1079 155 57 absque
442 1079 170 57 syncopi
566 1079 77 57 &
597 1079 201 57 defectum,
752 1079 124 57 quae
830 1079 93 57 si
876 1079 139 57 fiant
969 1079 93 57 ex
1016 1079 155 57 crassa
1124 1079 217 57 ignorantia
1294 1079 170 57 mortale
1418 1079 124 57 est.
1496 1079 186 57 Alioquin
1635 1079 93 57 si
1682 1079 139 57 tamen
1775 1079 93 57 in
1806 1079 77 57 cho

126 1131 93 63 ro
172 1131 108 63 cum
234 1131 139 63 aliis
327 1131 155 63 cantet
435 1131 77 63 &
466 1131 155 63 legat,
574 1131 77 63 &
605 1131 278 63 rationabiliter
837 1131 201 63 impeditus
992 1131 108 63 non
1054 1131 139 63 dicat
1146 1131 217 63 versiculum
1317 1131 108 63 aut
1379 1131 170 63 aliquid
1502 1131 155 63 talium
1611 1131 124 63 siue
1688 1131 93 63 in
1719 1131 170 63 principio

122 1186 122 59 siue
198 1186 91 59 in
243 1186 137 59 medio
335 1186 122 59 siue
411 1186 91 59 in
456 1186 122 59 fine
532 1186 137 59 aliis
623 1186 258 59 procedentibus
836 1186 137 59 credo
927 1186 122 59 quod
1003 1186 106 59 non
1064 1186 137 59 debet
1155 1186 182 59 repetere
1292 1186 152 59 illud.
1399 1186 182 59 secundum
1535 1186 122 59 quod
1611 1186 137 59 dicit
1687 1186 198 59 Innocentius

121 1237 135 69 super
211 1237 135 69 illam
301 1237 165 69 literam
420 1237 195 69 Dolentes.
570 1237 195 69 Similiter
720 1237 90 69 si
765 1237 165 69 aliquis
884 1237 120 69 sine
959 1237 180 69 malitia:
1094 1237 105 69 sed
1154 1237 150 69 aliqua
1258 1237 180 69 legitima
1393 1237 224 69 occupatione
1573 1237 105 69 non
1633 1237 180 69 intersit
1767 1237 105 69 vel
1812 1237 75 69 pri

129 1293 145 63 cipio
225 1293 113 63 vel
290 1293 129 63 fini
370 1293 193 63 horarum:
515 1293 113 63 non
579 1293 177 63 oportet
708 1293 129 63 quod
788 1293 80 63 a
821 1293 161 63 capite
933 1293 193 63 incipiat
1078 1293 113 63 vel
1142 1293 145 63 finem
1239 1293 225 63 perficiat:
1416 1293 80 63 &
1448 1293 113 63 hoc
1512 1293 177 63 propter
1641 1293 193 63 vinculum
1769 1293 113 63 chari

133 1346 133 63 tatis
222 1346 104 63 quo
281 1346 104 63 cum
341 1346 133 63 aliis
430 1346 104 63 est
489 1346 119 63 vnum
563 1346 163 63 corpus:
682 1346 163 63 propter
800 1346 119 63 quod
875 1346 89 63 id
919 1346 119 63 quid
993 1346 104 63 per
1053 1346 133 63 alios
1142 1346 104 63 fit
1201 1346 89 63 ab
1245 1346 89 63 eo
1290 1346 193 63 reputatur
1438 1346 163 63 factum,
1557 1346 222 63 quemadmodum
1735 1346 104 63 cum
1794 1346 119 63 vnus

124 1399 166 54 chorus
241 1399 150 54 dicit
341 1399 133 54 vnum
424 1399 166 54 versum
541 1399 233 54 psalmodiae
724 1399 83 54 &
757 1399 150 54 alius
857 1399 166 54 alium:
973 1399 183 54 singuli
1107 1399 233 54 reputantur
1290 1399 150 54 totum
1390 1399 200 54 dixisse:
1539 1399 83 54 &
1573 1399 166 54 fatuum
1689 1399 150 54 esset
1772 1399 117 54 super

128 1452 112 59 hoc
192 1452 128 59 sibi
272 1452 175 59 formare
399 1452 271 59 conscientiam.
623 1452 144 59 Secus
718 1452 144 59 autem
814 1452 112 59 est
878 1452 96 59 si
926 1452 160 59 chorus
1037 1452 160 59 multum
1149 1452 96 59 in
1197 1452 207 59 principio
1357 1452 207 59 processit
1516 1452 112 59 vel
1580 1452 160 59 multum
1692 1452 96 59 de
1739 1452 128 59 fine
1803 1452 80 59 re-

120 1506 148 59 stat:
218 1506 131 59 tunc
300 1506 131 59 enim
382 1506 180 59 tenetur
513 1506 197 59 supplere
661 1506 213 59 defectum,
825 1506 82 59 &
858 1506 197 59 incipere
1006 1506 98 59 ab
1055 1506 164 59 initio
1170 1506 197 59 quousque
1317 1506 213 59 concurrat
1482 1506 115 59 cum
1531 1506 131 59 aliis.

466 1560 121 61 Irca
542 1560 182 61 secundum
678 1560 182 61 arguitur
814 1560 121 61 quod
890 1560 136 61 omnes
981 1560 182 61 tenentur
1117 1560 91 61 ad
1163 1560 182 61 dicendum
1299 1560 106 61 vel
1360 1560 197 61 audiendum
1511 1560 152 61 missam
1617 1560 182 61 quotidie
1754 1560 106 61 aut
1799 1560 76 61 pec

471 1616 122 61 cant
547 1616 229 61 mortaliter:
730 1616 122 61 quia
806 1616 92 61 in
852 1616 137 61 dicta
944 1616 153 61 litera
1050 1616 183 61 Dolentes
1188 1616 198 61 praecepit
1340 1616 122 61 Papa
1416 1616 198 61 celebrari
1569 1616 183 61 solemnia
1706 1616 183 61 missarum
1828 1616 46 61 a

472 1666 265 56 sacerdotibus,
690 1666 140 56 sicut
784 1666 78 56 &
815 1666 156 56 dicere
924 1666 156 56 horas.
1033 1666 78 56 &
1064 1666 93 56 si
1111 1666 187 56 tenentur
1251 1666 171 56 dicere,
1376 1666 156 56 maxime
1485 1666 187 56 tenentur
1625 1666 156 56 audire
1734 1666 78 56 &
1765 1666 125 56 ipsi
1827 1666 47 56 &

477 1721 111 67 alii
546 1721 138 67 omnes.
643 1721 194 67 Contrarium
795 1721 166 67 videtur.
920 1721 111 67 quia
989 1721 83 67 de
1031 1721 166 67 audiendo
1155 1721 97 67 vel
1211 1721 152 67 dicendo
1321 1721 166 67 missarum
1446 1721 166 67 solemnia
1571 1721 125 67 nihil
1654 1721 208 67 praecipitur
1820 1721 83 67 in

468 1772 121 71 dicta
548 1772 135 71 litera
643 1772 202 71 praesbyter.
805 1772 108 71 nisi
872 1772 108 71 quod
940 1772 202 71 praecipitur
1101 1772 148 71 horarum
1209 1772 216 71 obseruantia.
1385 1772 202 71 Innocentius
1546 1772 121 71 dicit
1627 1772 108 71 quod
1695 1772 162 71 quilibet
1803 1772 67 71 cle

430 1827 145 65 ricus
526 1827 257 65 beneficiatus
735 1827 145 65 etiam
831 1827 112 65 non
896 1827 96 65 in
944 1827 161 65 sacris
1056 1827 241 65 constitutus
1249 1827 145 65 debet
1345 1827 161 65 dicere
1458 1827 112 65 vel
1522 1827 161 65 audire
1634 1827 161 65 diuina
1730 1827 145 65 officia

130 1879 112 57 omni
200 1879 112 57 die.
270 1879 112 57 Quod
340 1879 84 57 si
382 1879 126 57 dicit
466 1879 84 57 de
508 1879 154 57 officio
620 1879 154 57 missae:
732 1879 98 57 hoc
788 1879 126 57 solum
872 1879 224 57 intelligitur
1053 1879 84 57 de
1095 1879 224 57 residentibus
1277 1879 84 57 in
1319 1879 182 57 ecclesiis
1459 1879 126 57 suis:
1543 1879 98 57 aut
1599 1879 84 57 si
1641 1879 84 57 de
1683 1879 154 57 omnibus
1781 1879 98 57 dici-

130 1931 105 54 tur
190 1931 240 54 generaliter,
385 1931 150 54 diuina
489 1931 165 54 officia
609 1931 105 54 ibi
669 1931 255 54 intelliguntur
879 1931 135 54 horae
969 1931 210 54 canonicae,
1133 1931 135 54 nullo
1223 1931 120 54 enim
1298 1931 120 54 iure
1373 1931 180 54 quisquam
1508 1931 90 54 ad
1553 1931 105 54 hoc
1612 1931 195 54 obligatur
1762 1931 90 54 vt
1807 1931 105 54 quo

124 1980 133 61 libet
213 1980 104 61 die
272 1980 148 61 missam
376 1980 133 61 dicat
465 1980 104 61 vel
525 1980 163 61 audiat:
643 1980 104 61 sed
703 1980 148 61 tantum
806 1980 104 61 hoc
866 1980 222 61 praecipitur
1044 1980 163 61 omnibus
1162 1980 133 61 etiam
1251 1980 148 61 laicis
1355 1980 104 61 die
1414 1980 178 61 dominico
1548 1980 104 61 sub
1607 1980 133 61 poena
1681 1980 193 61 excomunica-

121 2039 156 61 tionis.
234 2039 85 61 de
277 2039 142 61 conse.
377 2039 114 61 dist
448 2039 85 61 id
490 2039 99 61 est
547 2039 114 61 cap.
618 2039 156 61 Missas.
732 2039 99 61 vbi
789 2039 99 61 sic
846 2039 171 61 dicitur.
973 2039 142 61 Missas
1073 2039 99 61 die
1130 2039 171 61 dominica
1258 2039 227 61 saecularibus
1442 2039 128 61 totas
1528 2039 142 61 audire
1627 2039 227 61 praecipimus.
1812 2039 71 61 &
1826 2039 57 61 di

125 2093 105 55 cit
185 2093 105 55 ibi
245 2093 135 55 Glos.
335 2093 120 55 Vnde
410 2093 150 55 contra
515 2093 210 55 praeceptum
680 2093 165 55 faciunt
800 2093 105 55 qui
860 2093 150 55 diebus
965 2093 195 55 dominicis
1116 2093 105 55 non
1176 2093 165 55 audiunt
1296 2093 165 55 missas:
1416 2093 120 55 nisi
1491 2093 165 55 aliquam
1611 2093 210 55 necessitas
1761 2093 120 55 cogat.

121 2145 102 61 Sed
180 2145 117 61 quod
253 2145 88 61 in
297 2145 161 61 talibus
414 2145 102 61 non
473 2145 220 61 praecipitur
648 2145 117 61 omni
722 2145 102 61 die
780 2145 205 61 faciendum,
941 2145 190 61 deuotioni
1088 2145 205 61 singulorum
1249 2145 234 61 conmittitur:
1439 2145 73 61 &
1468 2145 176 61 secundum
1600 2145 102 61 hoc
1658 2145 205 61 concedenda
1805 2145 73 61 est

116 2198 131 58 ratio
204 2198 160 58 secunda
320 2198 102 58 pro
378 2198 102 58 hac
436 2198 145 58 parte.
538 2198 87 58 Ad
581 2198 145 58 primam
683 2198 174 58 rationem
813 2198 116 58 quae
886 2198 116 58 erat
959 2198 87 58 in
1002 2198 203 58 oppositum,
1162 2198 174 58 dicendum
1293 2198 116 58 quod
1365 2198 116 58 illa
1438 2198 145 58 litera
1540 2198 189 58 Dolentes:
1685 2198 102 58 non
1728 2198 160 58 praecipit

118 2253 264 57 sacerdotibus
332 2253 198 57 singulis
480 2253 165 57 diebus
596 2253 165 57 missas
711 2253 165 57 dicere
827 2253 115 57 aut
893 2253 181 57 audire:
1024 2253 115 57 sed
1090 2253 181 57 dominus
1222 2253 132 57 Papa
1305 2253 99 57 in
1354 2253 132 57 illa
1437 2253 165 57 litera
1552 2253 214 57 solummodo
1701 2253 181 57 prohibuit

125 2305 240 61 superfluas
314 2305 292 61 comessationes
554 2305 326 61 confabulationes
829 2305 86 61 &
863 2305 223 61 huiusmodi
1035 2305 137 61 hora
1121 2305 172 61 maxime
1241 2305 240 61 celebrandi
1430 2305 172 61 diuina
1551 2305 206 61 officia,
1705 2305 86 61 &
1722 2305 155 61 praeci-

127 2356 121 69 pit
196 2356 190 69 diuinum
334 2356 207 69 officium
490 2356 190 69 diurnum
628 2356 86 69 &
663 2356 225 69 nocturnum
835 2356 173 69 deuote
956 2356 242 69 celebrari:
1147 2356 207 69 secundum
1302 2356 138 69 quod
1389 2356 156 69 prius
1492 2356 259 69 praeceperat
1700 2356 104 69 in
1752 2356 138 69 illa
1821 2356 69 69 li

127 2414 133 61 tera
211 2414 217 61 Presbyter
377 2414 117 61 quo
444 2414 100 61 ad
494 2414 150 61 horas
594 2414 200 61 diurnas.
744 2414 100 61 in
794 2414 117 61 qua
861 2414 83 61 &
894 2414 117 61 hoc
961 2414 233 61 praecepit:
1144 2414 133 61 quod
1227 2414 150 61 horae
1327 2414 183 61 diurnae
1460 2414 167 61 debent
1577 2414 200 61 quotidie
1710 2414 167 61 obserua-

127 2468 120 57 ri:
196 2468 120 57 sed
264 2468 103 57 de
316 2468 206 57 missarum
470 2468 223 57 solemniis
642 2468 120 57 quo
711 2468 103 57 ad
762 2468 326 57 determinationem
1037 2468 206 57 temporis
1192 2468 240 57 celebrandi
1381 2468 172 57 ipsas:
1501 2468 120 57 nec
1570 2468 103 57 in
1621 2468 120 57 vna
1690 2468 172 57 litera
1793 2468 86 57 nec

128 2515 99 70 in
178 2515 166 70 altera
294 2515 149 70 vllam
394 2515 149 70 fecit
493 2515 232 70 mentionem.
675 2515 133 70 Vnde
758 2515 149 70 super
858 2515 133 70 illo
940 2515 149 70 verbo
1040 2515 215 70 Officium,
1206 2515 99 70 in
1255 2515 133 70 illa
1338 2515 215 70 Dolentes,
1504 2515 149 70 dicit
1603 2515 182 70 glossa.
1736 2515 99 70 Ad
1786 2515 133 70 quid

128 2569 164 61 omnes
237 2569 145 61 fine
328 2569 145 61 isto
419 2569 236 61 praecepto
600 2569 218 61 tenentur
764 2569 164 61 supra
873 2569 164 61 eodem
982 2569 254 61 Presbyter.
1182 2569 91 61 &
1218 2569 127 61 sic
1291 2569 200 61 diuinum
1436 2569 218 61 officium
1599 2569 127 61 non
1654 2569 218 61 extenditur

113 2622 127 57 ibi
186 2622 109 57 ad
240 2622 219 57 missarum
404 2622 237 57 solennia:
586 2622 146 57 immo
677 2622 237 57 solummodo
859 2622 291 57 intelligitur
1096 2622 127 57 pro
1169 2622 182 57 horis.
1296 2622 127 57 Sed
1369 2622 127 57 est
1442 2622 273 57 aduertendum
1661 2622 146 57 quod
1752 2622 109 57 in
1788 2622 91 57 om-

128 2676 168 56 nibus
240 2676 205 56 talibus
389 2676 149 56 quae
482 2676 149 56 sunt
576 2676 112 56 de
631 2676 186 56 genere
762 2676 205 56 bonorum
911 2676 130 56 nec
986 2676 186 56 cadunt
1116 2676 130 56 sub
1191 2676 242 56 praecepto
1377 2676 186 56 diuino
1507 2676 130 56 aut
1582 2676 205 56 humano:
1712 2676 168 56 pensan-

134 2731 115 66 dum
199 2731 115 66 est
265 2731 214 66 sollicite
430 2731 132 66 quid
512 2731 115 66 pro
578 2731 115 66 quo
644 2731 247 66 admittendum
842 2731 132 66 siue
924 2731 280 66 postponendum,
1154 2731 132 66 quod
1237 2731 82 66 &
1270 2731 247 66 relinquitur
1467 2731 231 66 cuiuslibet
1632 2731 247 66 conscientiae:

126 2784 161 67 cuius
233 2784 161 67 iudex
340 2784 107 67 in
394 2784 125 67 hoc
465 2784 161 67 debet
572 2784 143 67 esse
662 2784 161 67 solus
769 2784 143 67 deus
858 2784 125 67 qui
929 2784 232 67 scrutatur
1108 2784 161 67 renes
1215 2784 89 67 &
1250 2784 161 67 corda
1357 2784 125 67 hoc
1429 2784 125 67 est
1500 2784 286 67 cogitationes
1714 2784 161 67 singulo

127 2841 119 65 rum
195 2841 85 65 &
229 2841 239 65 desideria.
417 2841 136 65 Vnde
502 2841 153 65 extra
604 2841 102 65 de
655 2841 204 65 celebra,
809 2841 170 65 misis.
928 2841 119 65 ca.
996 2841 187 65 Quidam.
1132 2841 119 65 vbi
1200 2841 307 65 reprehenduntur
1456 2841 153 65 laici
1558 2841 170 65 missas
1678 2841 204 65 priuatas
1814 2841 68 65 au

129 2886 193 78 dientes:
273 2886 144 78 quasi
370 2886 160 78 melius
482 2886 112 78 sit
546 2886 160 78 audire
658 2886 144 78 illas
755 2886 96 78 ex
803 2886 193 78 seipsis,
947 2886 128 78 quam
1028 2886 160 78 missas
1140 2886 241 78 ordinarias:
1332 2886 112 78 non
1397 2886 241 78 praecipitur
1589 2886 112 78 eis
1653 2886 128 78 quod
1718 2886 160 78 quotidie

134 2939 187 78 audiant
270 2939 187 78 missam:
406 2939 119 78 sed
475 2939 119 78 hoc
543 2939 170 78 potius
662 2939 221 78 relinquit
832 2939 102 78 in
883 2939 153 78 eorum
985 2939 221 78 voluntate
1156 2939 170 78 dicens
1275 2939 136 78 sic.
1360 2939 119 78 Sed
1428 2939 102 78 si
1479 2939 221 78 voluerint
1650 2939 102 78 vt
1701 2939 136 78 sibi
1769 2939 119 78 misse

133 2997 229 76 dicantur
305 2997 114 76 de
362 2997 172 76 eodem
476 2997 134 76 die
553 2997 191 76 missas
667 2997 191 76 audiant.

702 3053 187 74 Finis
827 3053 249 74 Vndecimi
1013 3053 269 74 Quodlibet
1200 3053 207 74 Magistri

870 3104 223 87 Henrici
1032 3104 102 87 a
1073 3104 244 87 Gandauo.
