2456 3765
189 272 217 98 materiae
352 272 108 98 in
406 272 199 98 homine.
550 272 145 98 Vnde
641 272 199 98 concedo
785 272 253 98 argumentum
984 272 217 98 secundum
1147 272 108 98 ad
1201 272 127 98 hoc
1273 272 253 98 probanctum
1472 272 235 98 inductum.
1653 272 108 98 Si
1707 272 145 98 enim
1797 272 145 98 homo
1870 272 108 98 lesu

198 370 192 58 Christus
342 370 144 58 sicut
439 370 80 58 &
471 370 128 58 alii
551 370 144 58 esset
647 370 160 58 corpus
759 370 80 58 a
791 370 225 58 substantia
968 370 160 58 animae
1080 370 241 58 rationalis:
1272 370 80 58 &
1304 370 257 58 transubstai,
1513 370 160 58 tiatio
1625 370 144 58 panis
1721 370 160 58 fieret
1834 370 96 58 in
1866 370 112 58 corpu

205 414 183 69 Christi:
342 414 229 69 necessarium
526 414 138 69 esset
617 414 367 69 transubstantiationem
938 414 122 69 siue
1014 414 244 69 conversionem
1213 414 138 69 panis
1305 414 138 69 fieri
1396 414 92 69 in
1442 414 244 69 subictantiam
1641 414 153 69 animae
1748 414 229 69 rationalis.
1916 414 61 69 No

198 468 118 64 enim
272 468 147 64 posset
375 468 118 64 dici
448 468 118 64 quod
522 468 147 64 fieret
625 468 309 64 transubstantiatio
889 468 88 64 in
933 468 147 64 animam
1036 468 176 64 secundum
1169 468 118 64 quod
1242 468 103 64 dat
1301 468 118 64 esse
1374 468 265 64 corporeitatis.
1595 468 118 64 quod
1668 468 132 64 tamen
1757 468 103 64 non
1815 468 147 64 fieret
1904 468 74 64 tra

199 522 275 60 substantiatio
425 522 97 60 in
474 522 242 60 substantiam
668 522 178 60 animae:
797 522 129 60 quia
878 522 113 60 non
942 522 113 60 dat
1007 522 129 60 esse
1088 522 275 60 corporeitatis
1314 522 275 60 substantialis
1541 522 129 60 nisi
1621 522 113 60 per
1686 522 129 60 suam
1767 522 242 60 substantian

199 578 79 60 &
231 578 111 60 non
294 578 222 60 separantur
469 578 127 60 esse
548 578 270 60 corporeitatis
771 578 127 60 quid
850 578 111 60 dat
913 578 159 60 anima:
1025 578 79 60 &
1056 578 127 60 esse
1136 578 270 60 sensualitatis
1358 578 79 60 &
1390 578 349 60 intellectualitatis
1691 578 127 60 quoe
1771 578 206 60 similiter
1914 578 63 60 da

198 629 132 60 nisi
280 629 198 60 secundum
428 629 198 60 rationem
577 629 165 60 nostri
692 629 264 60 intellectus:
906 629 132 60 quia
989 629 115 60 cum
1055 629 231 60 substantia
1236 629 165 60 animae
1352 629 132 60 sunt
1434 629 165 60 eadem:
1549 629 115 60 aut
1615 629 132 60 sunt
1698 629 231 60 accidentia
1863 629 115 60 addit

198 686 217 62 substantiae,
375 686 285 62 transubstantiatio
619 686 122 62 autem
701 686 95 62 non
755 686 95 62 sit
809 686 81 62 in
850 686 149 62 aliquid
959 686 109 62 quid
1027 686 136 62 tantum
1122 686 122 62 habet
1203 686 109 62 esse
1271 686 149 62 aliquid
1380 686 149 62 praeter
1488 686 204 62 substantiam
1651 686 68 62 &
1678 686 109 62 alia
1746 686 109 62 quae
1814 686 109 62 sunt
1882 686 81 62 in
1909 686 68 62 ips

204 740 180 58 secundum
339 740 180 58 rationem
474 740 150 58 nostri
580 740 240 58 intellectus:
775 740 135 58 neque
865 740 90 58 in
910 740 90 58 id
955 740 120 58 quod
1030 740 105 58 est
1090 740 180 58 accidens
1226 740 240 58 substantiae:
1421 740 105 58 sed
1481 740 195 58 solummodo
1631 740 90 58 in
1676 740 105 58 id:
1737 740 120 58 quid
1812 740 105 58 est
1857 740 120 58 natura

201 793 247 57 substantiae
398 793 115 57 rei
464 793 230 57 naturalis.
645 793 99 57 Et
694 793 115 57 sic
760 793 214 57 quicunque
924 793 197 57 concedit
1072 793 132 57 quod
1155 793 247 57 impossibile
1352 793 115 57 est
1418 793 148 57 fieri
1516 793 395 57 transubstantiationem
1862 793 99 57 in
1895 793 82 57 sub

201 846 205 60 stantiam
355 846 171 60 animae
474 846 256 60 rationalis:
679 846 85 60 &
714 846 154 60 simul
816 846 137 60 quod
901 846 137 60 sola
987 846 154 60 anima
1089 846 239 60 rationalis
1277 846 120 60 sit
1346 846 85 60 &
1380 846 171 60 possit
1500 846 137 60 esse
1585 846 154 60 forma
1688 846 205 60 hominis:
1824 846 154 60 contra.

200 905 189 59 dictoria
342 905 94 59 in
389 905 110 59 suo
452 905 142 59 dicto
546 905 204 59 implicat:
703 905 189 59 scilicet
845 905 126 59 quod
924 905 157 59 fieret
1034 905 204 59 conuersio
1191 905 94 59 in
1238 905 236 59 substantiam
1427 905 157 59 animae
1537 905 79 59 &
1568 905 110 59 non
1631 905 157 59 fieret
1741 905 94 59 in
1788 905 142 59 subam
1867 905 110 59 eius.

194 952 103 62 Aut
253 952 118 62 ergo
327 952 162 62 oportet
444 952 191 62 concedere
591 952 118 62 quod
665 952 88 62 in
709 952 132 62 subam
797 952 147 62 animae
900 952 206 62 rationalis
1062 952 103 62 sit
1121 952 309 62 transubstantiatio
1385 952 147 62 panis:
1488 952 103 62 aut
1547 952 147 62 negare
1650 952 118 62 quod
1723 952 118 62 sola
1797 952 132 62 anima
1870 952 118 62 ratio-

192 1011 131 58 nalis
280 1011 102 58 sit
338 1011 131 58 forma
425 1011 174 58 materiae
555 1011 87 58 in
599 1011 160 58 homine.
715 1011 116 58 Quia
788 1011 131 58 autem
875 1011 102 58 non
933 1011 116 58 fiat
1005 1011 305 58 transubstantiatio
1267 1011 87 58 in
1310 1011 131 58 subam
1397 1011 145 58 animae
1499 1011 218 58 rationalis,
1673 1011 116 58 bene
1746 1011 203 58 concedunt:
1891 1011 87 58 male

201 1062 109 55 ergo
270 1062 178 55 concedunt
406 1062 109 55 quod
475 1062 109 55 sola
543 1062 123 55 anima
625 1062 191 55 rationalis
775 1062 96 55 est
830 1062 123 55 forma
912 1062 164 55 materiae
1035 1062 82 55 in
1076 1062 150 55 homine.
1185 1062 109 55 Quia
1253 1062 123 55 autem
1335 1062 109 55 bene
1403 1062 178 55 concedunt
1540 1062 68 55 &
1567 1062 246 55 rationabiliter
1772 1062 109 55 quod
1840 1062 123 55 subae
1909 1062 68 55 cor

200 1118 138 63 poreae
297 1118 289 63 transubstantiatio
545 1118 96 63 non
600 1118 138 63 potest
696 1118 124 63 fieri
779 1118 83 63 in
820 1118 138 63 animam
917 1118 193 63 rationalem
1068 1118 96 63 vel
1124 1118 83 63 in
1165 1118 193 63 quancumque
1317 1118 124 63 subam
1399 1118 221 63 incorpoream:
1578 1118 124 63 ratio
1661 1118 110 63 haec
1730 1118 110 63 est:
1799 1118 110 63 quam
1868 1118 96 63 in.
1909 1118 69 63 xi.

214 1167 182 62 Quolibet
351 1167 228 62 quaestione.
533 1167 137 62 iiii.
624 1167 243 62 insinuauimus
822 1167 213 62 assignando
989 1167 106 62 pro
1050 1167 167 62 ratione
1171 1167 122 62 quod
1247 1167 122 62 suba
1323 1167 137 62 panis
1415 1167 106 62 non
1475 1167 152 62 posset
1582 1167 213 62 conuertiin
1749 1167 182 62 deitatem
1871 1167 106 62 Chri-

193 1219 122 74 sti:
269 1219 122 74 quia
345 1219 168 74 oportet
467 1219 122 74 quod
544 1219 122 74 eius
620 1219 198 74 conuersio
772 1219 107 74 non
833 1219 107 74 sit
894 1219 244 74 annihilatio:
1093 1219 76 74 &
1123 1219 107 74 sic
1184 1219 168 74 oportet
1306 1219 122 74 quod
1382 1219 198 74 aliquitas
1535 1219 122 74 eius
1611 1219 153 74 maneat
1718 1219 76 74 &
1748 1219 122 74 eius
1825 1219 122 74 esse
1901 1219 107 74 quo

201 1277 98 66 quo
257 1277 112 66 modo
327 1277 84 66 in
369 1277 112 66 illo
439 1277 84 66 in
481 1277 112 66 quod
551 1277 224 66 convertitur.
732 1277 112 66 Quod
802 1277 98 66 non
858 1277 140 66 posset
956 1277 126 66 fieri
1040 1277 154 66 ratione
1152 1277 196 66 distantiae
1306 1277 182 66 infinitae
1446 1277 154 66 deitati
1557 1277 182 66 infinitae
1697 1277 84 66 ad
1739 1277 154 66 finitam
1851 1277 126 66 subam
1921 1277 56 66 pa

193 1335 124 62 nis:
270 1335 93 62 si
316 1335 201 62 poneretur
471 1335 124 62 suba
549 1335 139 62 panis
642 1335 186 62 conuerti
781 1335 93 62 in
828 1335 139 62 subam
921 1335 186 62 deitati.
1060 1335 124 62 Quid
1137 1335 139 62 etiam
1230 1335 108 62 non
1292 1335 155 62 posset
1401 1335 139 62 fieri
1494 1335 93 62 si
1540 1335 170 62 ponatur
1664 1335 124 62 suba
1742 1335 139 62 panis
1819 1335 155 62 conuerti

189 1383 92 70 in
235 1383 138 70 subam
327 1383 245 70 incorpoream:
526 1383 123 70 quia
602 1383 92 70 vt
648 1383 184 70 procedit
786 1383 169 70 secunda
909 1383 138 70 ratio
1001 1383 138 70 nihil
1093 1383 107 70 est
1154 1383 169 70 commune
1277 1383 138 70 reale
1369 1383 184 70 secundum
1507 1383 123 70 esse
1583 1383 169 70 naturae
1706 1383 230 70 substantiae
1890 1383 107 70 pa-
1936 1383 61 70 in

193 1439 103 62 nis
252 1439 74 62 &
282 1439 133 62 subae
370 1439 236 62 incorporeae:
562 1439 133 62 licet
650 1439 103 62 sit
709 1439 103 62 eis
768 1439 162 62 aliquid
886 1439 147 62 comune
989 1439 177 62 secundum
1122 1439 133 62 ronem
1210 1439 74 62 &
1240 1439 177 62 secundum
1373 1439 118 62 esse
1446 1439 162 62 logicum
1564 1439 88 62 eo
1608 1439 118 62 quod
1682 1439 103 62 non
1741 1439 221 62 communicant
1918 1439 88 62 in

195 1494 178 64 materia
324 1494 81 64 &
356 1494 194 64 subiecto
502 1494 81 64 a
534 1494 113 64 quo
599 1494 178 64 sumitur
728 1494 226 64 communitas
906 1494 178 64 naturae
1035 1494 194 64 secundum
1181 1494 129 64 quam
1262 1494 145 64 forma
1359 1494 194 64 convenit
1504 1494 113 64 cum
1569 1494 162 64 forma,
1682 1494 162 64 qualis
1779 1494 194 64 communitas

193 1549 111 64 non
256 1549 111 64 est
320 1549 126 64 nisi
399 1549 142 64 inter
493 1549 158 64 formas
604 1549 126 64 quae
683 1549 126 64 sunt
762 1549 221 64 educibiles
936 1549 95 64 de
983 1549 190 64 potentia
1125 1549 205 64 materiae:
1283 1549 111 64 ita
1346 1549 126 64 quod
1425 1549 142 64 forma
1520 1549 221 64 educibilis
1694 1549 95 64 de
1741 1549 190 64 potentia
1883 1549 126 64 mate

193 1601 116 60 riae
266 1601 131 60 talem
354 1601 233 60 communitatem
543 1601 102 60 non
601 1601 131 60 habet
689 1601 102 60 cum
747 1601 131 60 forma
834 1601 102 60 non
892 1601 189 60 educibili
1038 1601 87 60 de
1082 1601 175 60 potentia
1213 1601 189 60 materiae,
1358 1601 87 60 vt
1402 1601 102 60 cum
1460 1601 131 60 anima
1548 1601 189 60 rationali
1693 1601 248 60 quantuncumque
1883 1601 87 60 ipsa

189 1654 118 62 sit
256 1654 252 62 naturaliter
458 1654 151 62 forma
559 1654 218 62 materiae.
727 1654 101 62 vt
777 1654 202 62 secundum
928 1654 118 62 hoc
996 1654 101 62 in
1046 1654 151 62 nihil
1147 1654 168 62 potest
1264 1654 202 62 converti
1416 1654 134 62 suba
1500 1654 151 62 panis
1600 1654 319 62 sacramentaliter
1869 1654 84 62 &
1886 1654 84 62 mi-

184 1709 202 69 raculose
336 1709 168 69 subito
453 1709 84 69 &
487 1709 219 69 immediate
655 1709 101 69 in
706 1709 135 69 quod
790 1709 118 69 non
857 1709 168 69 possit
975 1709 202 69 conuerti
1127 1709 135 69 alio
1211 1709 135 69 modo
1295 1709 269 69 conversionis
1514 1709 252 69 naturaliter
1716 1709 84 69 &
1749 1709 118 69 per
1817 1709 151 69 multa
1901 1709 67 69 me

201 1765 119 67 dia:
276 1765 89 67 vt
320 1765 179 67 secundum
454 1765 104 67 hoc
514 1765 119 67 quia
588 1765 89 67 in
633 1765 104 67 his
692 1765 149 67 quorum
796 1765 119 67 vnum
871 1765 149 67 potest
975 1765 223 67 naturaliter
1154 1765 179 67 converti
1287 1765 89 67 in
1332 1765 149 67 aliud,
1436 1765 134 67 illud
1526 1765 164 67 aliquae
1645 1765 193 67 econverso
1779 1765 193 67 naturaliter

192 1820 125 62 pont
270 1820 187 62 conuerti
410 1820 93 62 in
457 1820 171 62 primum:
582 1820 140 62 nihil
675 1820 125 62 ergo
753 1820 156 62 potest
862 1820 187 62 converti
1002 1820 93 62 in
1049 1820 171 62 aliquid
1174 1820 125 62 nisi
1252 1820 140 62 illud
1345 1820 202 62 viceversa
1501 1820 156 62 possit
1610 1820 187 62 conuerti
1750 1820 93 62 in
1797 1820 171 62 primum:
1906 1820 62 62 vt

195 1871 92 57 si
241 1871 138 57 panis
332 1871 214 57 substantia
500 1871 153 57 possit
607 1871 183 57 conuerti
745 1871 92 57 in
791 1871 199 57 deitatem,
944 1871 76 57 &
974 1871 199 57 econuerso
1127 1871 153 57 deitas
1234 1871 153 57 possit
1341 1871 199 57 conuertii
1494 1871 229 57 substantiam
1678 1871 153 57 panis:
1785 1871 76 57 &
1800 1871 168 57 similiter

194 1924 96 67 si
242 1924 128 67 suba
322 1924 144 67 panis
418 1924 160 67 posset
529 1924 192 67 conuerti
673 1924 96 67 in
721 1924 144 67 subam
817 1924 160 67 animae
929 1924 112 67 vel
993 1924 176 67 angeli,
1120 1924 208 67 econuerso
1280 1924 128 67 suba
1360 1924 160 67 angeli
1472 1924 112 67 vel
1536 1924 160 67 animae
1648 1924 160 67 posset
1759 1924 192 67 conuerti
1903 1924 96 67 in

190 1977 142 62 subam
285 1977 158 62 panis.
395 1977 95 62 Et
443 1977 111 62 est
506 1977 142 62 eadem
601 1977 142 62 ratio
695 1977 189 62 communis
837 1977 95 62 de
885 1977 237 62 conversione
1074 1977 142 62 inter
1169 1977 142 62 subam
1264 1977 142 62 panis
1358 1977 79 62 &
1390 1977 189 62 deitatis
1532 1977 95 62 in
1579 1977 189 62 inuicem,
1721 1977 79 62 &
1753 1977 142 62 inter
1832 1977 142 62 conver-

193 2033 163 62 sionem
307 2033 98 62 in
356 2033 179 62 inuicem
486 2033 147 62 inter
584 2033 147 62 subam
682 2033 147 62 panis
779 2033 98 62 in
828 2033 147 62 subam
926 2033 163 62 angeli
1040 2033 114 62 aut
1105 2033 179 62 animae:
1236 2033 130 62 quam
1317 2033 163 62 tangit
1431 2033 179 62 Boetius
1562 2033 98 62 in
1610 2033 147 62 libro
1708 2033 98 62 de
1757 2033 163 62 duabus
1871 2033 130 62 natu

194 2089 110 55 ris
257 2089 79 55 &
289 2089 110 55 vna
352 2089 173 55 persona
478 2089 189 55 Christi:
620 2089 189 55 probando
762 2089 110 55 per
825 2089 142 55 ipsam
920 2089 126 55 quod
998 2089 95 55 in
1046 2089 173 55 Christo
1172 2089 110 55 nec
1235 2089 158 55 deitas
1345 2089 158 55 possit
1456 2089 189 55 conuerti
1598 2089 95 55 in
1645 2089 237 55 humanitatem
1834 2089 110 55 nec
1881 2089 95 55 huma

195 2139 122 70 nitas
277 2139 81 70 in
317 2139 176 70 deitatem,
453 2139 95 70 sic
507 2139 163 70 inquiens
629 2139 108 70 caa.
697 2139 108 70 vii.
764 2139 95 70 Hoc
819 2139 149 70 quomodo
927 2139 122 70 fieri
1008 2139 149 70 potest:
1117 2139 95 70 non
1171 2139 81 70 ei
1211 2139 122 70 omnis
1293 2139 95 70 res
1347 2139 81 70 in
1388 2139 95 70 rem
1442 2139 122 70 omnem
1523 2139 122 70 verti
1604 2139 135 70 potest
1699 2139 95 70 aut
1753 2139 203 70 trasmutari.
1902 2139 68 70 Nam

197 2191 105 60 nec
257 2191 180 60 corporea
392 2191 90 60 in
437 2191 225 60 incorpoream
617 2191 105 60 nec
676 2191 210 60 incorporea
841 2191 90 60 in
886 2191 105 60 eam
946 2191 120 60 quae
1021 2191 150 60 corpus
1126 2191 105 60 est
1186 2191 150 60 mutari
1291 2191 165 60 potest.
1411 2191 105 60 Nec
1471 2191 120 60 vero
1545 2191 210 60 incorporea
1710 2191 90 60 in
1755 2191 195 60 seinuicem
1890 2191 75 60 for

194 2243 116 67 mas,
266 2243 174 67 proprias
396 2243 159 67 mutant.
512 2243 116 67 sola
584 2243 116 67 enim
657 2243 145 67 mutari
758 2243 275 67 transformarique
989 2243 87 67 in
1033 2243 87 67 se
1076 2243 159 67 praeset
1192 2243 116 67 quae
1264 2243 145 67 habent
1366 2243 130 67 vnius
1453 2243 174 67 materiae
1583 2243 145 67 comune
1684 2243 203 67 subiectum.
1843 2243 72 67 &
1858 2243 101 67 infra

191 2298 173 64 Corporea
321 2298 116 64 vero
393 2298 72 64 &
422 2298 202 64 incorporea
581 2298 130 64 nulla
668 2298 159 64 ratione
783 2298 173 64 poterunt
913 2298 202 64 permutari:
1072 2298 159 64 quoniam
1188 2298 130 64 nulli
1275 2298 159 64 communi
1390 2298 159 64 materia
1506 2298 173 64 subiecta
1636 2298 231 64 participant.
1824 2298 72 64 &
1838 2298 116 64 infra.

197 2353 132 58 Nullo
285 2353 118 58 ergo
359 2353 118 58 modo
432 2353 132 58 fieri
520 2353 147 58 potest
623 2353 88 58 vt
667 2353 147 58 corpus
770 2353 88 58 in
814 2353 206 58 corporalem
976 2353 162 58 speciem
1093 2353 220 58 permutetur:
1270 2353 147 58 quorum
1372 2353 118 58 enim
1446 2353 176 58 commonis
1578 2353 132 58 nulla
1666 2353 103 58 est
1725 2353 162 58 materia
1842 2353 103 58 nec
1901 2353 88 58 in

191 2407 97 62 se
239 2407 146 62 verti
337 2407 113 62 nec
402 2407 211 62 permutari
564 2407 195 62 possunt.
710 2407 113 62 Sed
774 2407 146 62 dicet
872 2407 243 62 aduersarius
1066 2407 130 62 quod
1147 2407 113 62 non
1212 2407 113 62 est
1277 2407 162 62 verum:
1391 2407 130 62 quod
1472 2407 195 62 scilicet
1618 2407 97 62 in
1666 2407 130 62 illo
1747 2407 146 62 dicto
1828 2407 130 62 impli-

186 2458 151 64 cantur
292 2458 288 64 contradictoria:
534 2458 121 64 immo
610 2458 136 64 simul
701 2458 151 64 stant:
807 2458 121 64 quod
882 2458 121 64 sola
958 2458 136 64 anima
1049 2458 212 64 rationalis
1215 2458 106 64 sit
1276 2458 136 64 forma
1367 2458 151 64 humani
1473 2458 197 64 corporis:
1624 2458 76 64 &
1654 2458 136 64 tamen
1745 2458 121 64 quod
1821 2458 91 64 in
1851 2458 106 64 subam

193 2514 143 64 animae
293 2514 201 64 rationalis
451 2514 100 64 per
508 2514 86 64 se
551 2514 72 64 &
580 2514 172 64 secundum
709 2514 86 64 se
752 2514 100 64 non
809 2514 115 64 fiat
881 2514 215 64 transubatio
1053 2514 143 64 panis:
1153 2514 129 64 etiam
1239 2514 115 64 ipsa
1311 2514 129 64 anima
1397 2514 186 64 existente
1540 2514 186 64 coniuncta
1684 2514 172 64 corpori.
1813 2514 115 64 Bene
1870 2514 86 64 enim

183 2569 205 65 concedunt
341 2569 126 65 quod
420 2569 142 65 sicut
515 2569 110 65 non
578 2569 158 65 potest
688 2569 142 65 fieri
783 2569 205 65 conversio
941 2569 142 65 panis
1036 2569 95 65 in
1083 2569 189 65 angelum:
1225 2569 126 65 quia
1304 2569 95 65 in
1351 2569 142 65 nullo
1446 2569 189 65 subiecto
1588 2569 142 65 reali
1683 2569 253 65 communicant:
1872 2569 79 65 ita

188 2633 130 53 etiam
274 2633 188 53 concedunt
419 2633 116 53 quod
491 2633 101 53 non
549 2633 144 53 potest
650 2633 130 53 fieri
737 2633 303 53 transubstantiatio
997 2633 130 53 panis
1083 2633 87 53 in
1127 2633 144 53 animam
1228 2633 188 53 separatam
1372 2633 87 53 vt
1415 2633 173 53 separata
1546 2633 116 53 est:
1618 2633 116 53 quia
1690 2633 173 53 separata
1806 2633 144 53 existens

185 2675 173 61 nihil
300 2675 173 61 habet
415 2675 211 61 commune
569 2675 134 61 cum
646 2675 154 61 ipso
742 2675 173 61 pane,
857 2675 134 61 nam
934 2675 154 61 dato
1030 2675 154 61 quod
1125 2675 211 61 haberet
1279 2675 230 61 materiam
1452 2675 192 61 partem
1586 2675 154 61 sui,
1682 2675 134 61 non
1759 2675 173 61 tamen
1855 2675 96 61 est

187 2730 215 64 eiusdem
344 2730 235 64 rationis
520 2730 137 64 cum
598 2730 215 64 materia
754 2730 196 64 panis:
891 2730 156 64 quod
989 2730 254 64 oporteret
1185 2730 117 64 ad
1243 2730 137 64 hoc
1321 2730 117 64 vt
1380 2730 196 64 posset
1517 2730 176 64 fieri
1634 2730 254 64 conuersio
1810 2730 137 64 eorum

180 2783 264 62 adinuicem.
387 2783 207 62 Attamen
538 2783 151 62 quia
633 2783 207 62 materia
783 2783 226 62 corporis
953 2783 320 62 perfectibilis
1217 2783 132 62 per
1292 2783 188 62 animam
1424 2783 188 62 dantem
1556 2783 226 62 rationem
1707 2783 245 62 corporeita-

188 2837 111 60 tis
252 2837 111 60 est
315 2837 175 60 eiusdem
443 2837 191 60 rationis
586 2837 111 60 cum
649 2837 175 60 materia
776 2837 159 60 panis:
888 2837 127 60 ideo
967 2837 159 60 dicunt
1079 2837 127 60 quod
1158 2837 127 60 dato
1238 2837 127 60 quod
1317 2837 143 60 illud
1412 2837 159 60 corpus
1524 2837 95 60 in
1571 2837 127 60 quid
1651 2837 175 60 dicitur
1778 2837 143 60 fieri
1858 2837 95 60 tran

186 2890 319 66 substantiatio
449 2890 169 66 panis
562 2890 207 66 nominet
712 2890 263 66 compositum
918 2890 300 66 substantiale
1162 2890 113 66 ab
1219 2890 150 66 ipsa
1313 2890 169 66 forma
1425 2890 300 66 substantiali
1669 2890 150 66 quae
1763 2890 131 66 est
1820 2890 131 66 anima

183 2942 149 66 fiet
276 2942 167 66 tamen
388 2942 241 66 conuersio
573 2942 186 66 totius
703 2942 167 66 panis
815 2942 111 66 in
870 2942 167 66 totum
982 2942 260 66 compositum
1186 2942 223 66 corporis
1353 2942 130 66 per
1427 2942 130 66 se:
1501 2942 130 66 hoc
1576 2942 130 66 est
1650 2942 111 66 in
1706 2942 167 66 totum
1798 2942 149 66 compo-

182 3000 159 55 situm
288 3000 106 55 ex
341 3000 141 55 ipsa
430 3000 159 55 anima
536 3000 230 55 rationali
712 3000 88 55 &
748 3000 194 55 materia
889 3000 212 55 corporis
1048 3000 265 55 organizata:
1260 3000 141 55 quae
1348 3000 283 55 intelligitur
1578 3000 124 55 per
1649 3000 194 55 corpus:
1790 3000 106 55 eo
1843 3000 141 55 quod

183 3053 184 56 istud
305 3053 286 56 compositum
530 3053 163 56 quod
632 3053 184 56 dicit
754 3053 225 56 corpus,
918 3053 286 56 communicat
1142 3053 123 56 in
1204 3053 225 56 materia
1367 3053 225 56 eiusdem
1530 3053 245 56 rationis
1714 3053 143 56 cum
1775 3053 184 56 materia

184 3103 240 64 compositi
368 3103 147 64 quod
460 3103 203 64 nominat
607 3103 184 64 panis.
737 3103 92 64 &
773 3103 147 64 tunc
866 3103 111 64 si
921 3103 111 64 ex
976 3103 129 64 hoc
1050 3103 184 64 debeat
1179 3103 203 64 concedi
1326 3103 147 64 quod
1418 3103 184 64 fieret
1548 3103 387 64 transubstantiatio
1879 3103 111 64 in

187 3159 166 87 ipsam
297 3159 276 87 substantiam
518 3159 184 87 animae
647 3159 276 87 rationalis,
869 3159 129 87 hoc
942 3159 166 87 esset
1053 3159 129 87 per
1127 3159 221 87 accidens
1292 3159 184 87 valde:
1421 3159 92 87 &
1458 3159 240 87 solummodo
1643 3159 111 87 vt
1698 3159 129 87 est
1753 3159 203 87 coniuncta
