2492 3718
507 257 122 86 sit
576 257 262 86 naturaliter
786 257 105 86 ad
839 257 140 86 quod
926 257 122 86 est
996 257 262 86 indisposita
1206 257 175 86 natura
1329 257 122 86 cui
1399 257 175 86 inest.
1521 257 157 86 Quare
1626 257 122 86 cum
1696 257 192 86 calidum
1836 257 87 86 &
1871 257 210 86 frigidum
2028 257 87 86 &
2046 257 262 86 vniuersaliter

513 338 225 64 contraria
686 338 138 64 nata
772 338 138 64 sint
859 338 156 64 fieri
963 338 156 64 circa
1066 338 138 64 idem
1153 338 277 64 naturaliter:
1378 338 87 64 &
1412 338 190 64 materia
1551 338 104 64 vt
1603 338 121 64 est
1672 338 121 64 sub
1741 338 121 64 vno
1810 338 277 64 contrariorum
2035 338 242 64 excellenti
2208 338 104 64 omni

504 398 98 54 no
553 398 115 54 est
618 398 246 54 indisposita
815 398 98 54 ad
864 398 131 54 esse
946 398 115 54 sub
1012 398 213 54 contrario
1176 398 246 54 excellenti:
1373 398 148 54 licet
1471 398 148 54 citra
1570 398 131 54 suas
1652 398 246 54 intensiones
1849 398 131 54 siue
1931 398 262 54 excellentias
2128 398 180 54 contraria

520 446 152 60 cmnia
621 446 135 60 quae
705 446 219 60 recipiunt
874 446 152 60 magis
975 446 84 60 &
1008 446 168 60 minus,
1126 446 185 60 possint
1261 446 135 60 esse
1345 446 168 60 simul:
1463 446 185 60 idcirco
1598 446 135 60 dico
1682 446 135 60 quod
1766 446 253 60 impossibile
1968 446 118 60 est
2036 446 168 60 corpus
2137 446 168 60 danmnati

513 500 157 60 simul
617 500 139 60 esse
704 500 157 60 summe
809 500 192 60 calidum
948 500 87 60 &
983 500 157 60 summe
1087 500 226 60 frigidum.
1262 500 105 60 An
1314 500 157 60 autem
1419 500 139 60 pati
1506 500 174 60 possit
1628 500 105 60 ab
1680 500 192 60 vtroque
1819 500 157 60 simul
1924 500 174 60 absque
2046 500 279 60 calefactione
2255 500 52 60 &

513 553 325 58 infrigidatione,
787 553 103 58 de
838 553 120 58 hoc
906 553 222 58 dicendum,
1077 553 154 58 sicut
1180 553 120 58 iam
1248 553 171 58 dictum
1368 553 120 58 est
1437 553 103 58 de
1488 553 205 58 passione
1642 553 171 58 animae
1762 553 103 58 an
1813 553 137 58 pati
1898 553 171 58 possit
2018 553 86 58 a
2052 553 171 58 calore
2172 553 171 58 absque

511 616 89 51 eo
556 616 118 51 quod
629 616 192 51 calefiat.
777 616 118 51 Quid
851 616 118 51 ergo
924 616 177 51 arguitur
1057 616 89 51 ad
1101 616 148 51 primam
1205 616 162 51 partem:
1323 616 118 51 quod
1396 616 118 51 deus
1470 616 103 51 hoc
1529 616 148 51 potest
1632 616 162 51 facere:
1750 616 118 51 Dico
1824 616 118 51 quod
1898 616 133 51 verum
1986 616 103 51 est
2045 616 89 51 si
2090 616 103 51 sit
2134 616 162 51 factibile

516 662 102 65 sed
575 662 117 65 dico
648 662 117 65 quod
721 662 102 65 non
780 662 102 65 est
838 662 205 65 factibile.
999 662 117 65 Quod
1072 662 190 65 arguitur,
1218 662 117 65 quod
1291 662 132 65 immo:
1379 662 117 65 quia
1452 662 102 65 non
1511 662 175 65 occurrit
1642 662 249 65 contradictio:
1847 662 117 65 Dico
1920 662 117 65 quod
1993 662 146 65 falsum
2095 662 117 65 est.
2168 662 88 65 Et
2212 662 117 65 quod

514 714 189 68 arguitur
656 714 126 68 quod
735 714 126 68 non:
814 714 126 68 quia
893 714 174 68 calidum
1019 714 79 68 &
1051 714 189 68 frigidum
1193 714 126 68 sunt
1272 714 205 68 contraria
1430 714 111 68 non
1493 714 300 68 contradictoria:
1746 714 126 68 Dico
1824 714 126 68 quod
1903 714 142 68 verum
1998 714 111 68 est
2061 714 142 68 primo
2156 714 79 68 &
2188 714 111 68 per
2235 714 63 68 se

514 766 105 68 sed
574 766 150 68 quando
679 766 120 68 sunt
754 766 90 68 in
799 766 225 68 excellentia
980 766 210 68 reducuntur
1145 766 90 68 ad
1190 766 270 68 contradictoria
1415 766 75 68 &
1446 766 150 68 habent
1551 766 90 68 in
1596 766 90 68 se
1641 766 105 68 vim
1701 766 331 68 contradictoriorum.
1986 766 165 68 calidum
2107 766 120 68 enim
2182 766 90 68 in
2227 766 105 68 sum

509 823 100 64 mo
559 823 84 64 &
593 823 201 64 frigidum
744 823 100 64 in
794 823 151 64 summo
894 823 234 64 opponuntur
1079 823 151 64 sicut
1179 823 184 64 calidum
1313 823 84 64 &
1347 823 117 64 non
1414 823 201 64 calidum:
1564 823 84 64 &
1598 823 151 64 sicut
1698 823 201 64 frigidum
1849 823 84 64 &
1882 823 117 64 non
1949 823 218 64 frigidum.
2117 823 151 64 Quida
2201 823 100 64 ite-

518 876 108 64 rum
579 876 185 64 arguitur
718 876 124 64 quod
796 876 108 64 non
857 876 124 64 sunt
935 876 278 64 contradictoria
1167 876 124 64 quia
1244 876 108 64 non
1306 876 124 64 sunt
1383 876 139 64 circa
1476 876 139 64 idem:
1568 876 124 64 Dico
1646 876 124 64 quod
1723 876 139 64 immo:
1816 876 124 64 quia
1893 876 93 64 ly
1939 876 139 64 circa
2032 876 139 64 dicit
2109 876 201 64 circunstan-

518 929 117 53 tiam
591 929 175 53 subiecti
723 929 73 53 &
752 929 175 53 materiae
883 929 160 53 tantum:
1000 929 87 53 ly
1043 929 87 53 ex
1087 929 131 53 autem
1175 929 117 53 bene
1248 929 146 53 potest
1350 929 131 53 etiam
1437 929 146 53 dicere
1539 929 262 53 circunstantiam
1758 929 204 53 potentiae.
1918 929 73 53 &
1947 929 102 53 sic
2006 929 117 53 sunt
2079 929 219 53 simpliciter
2239 929 73 53 cir

514 984 89 77 ca
559 984 133 77 idem:
648 984 119 77 quid
722 984 133 77 ponit
811 984 297 77 contradictionem:
1063 984 178 77 quamquam
1196 984 104 77 non
1255 984 119 77 sunt
1330 984 89 77 ex
1374 984 133 77 eadem
1463 984 193 77 potentia.
1611 984 119 77 illa
1685 984 119 77 enim
1759 984 178 77 potentia
1893 984 104 77 non
1952 984 133 77 ponit
2041 984 104 77 rem
2100 984 163 77 aliquam
2204 984 104 77 supra

511 1035 287 55 substantiam
741 1035 134 55 sed
817 1035 249 55 solummodo
1009 1035 249 55 respectum
1200 1035 153 55 eius
1296 1035 115 55 ad
1353 1035 211 55 formam,
1507 1035 115 55 vt
1564 1035 172 55 alibi
1660 1035 287 55 declarauimus.

852 1086 196 64 Equuntur
999 1086 245 64 pertinentia
1195 1086 98 64 ad
1244 1086 180 64 hominem
1374 1086 294 64 accidentaliter
1619 1086 114 64 pro
1684 1086 147 64 statu
1782 1086 147 64 vitae
1880 1086 245 64 praesentis.
2076 1086 163 64 Quorum
2174 1086 131 64 primum

852 1145 80 59 &
884 1145 161 59 vnicum
997 1145 129 59 erat
1077 1145 209 59 pertinens
1238 1145 96 59 ad
1286 1145 193 59 Christum
1431 1145 113 59 qui
1495 1145 113 59 est
1559 1145 80 59 &
1592 1145 129 59 erat
1672 1145 129 59 deus
1752 1145 80 59 &
1784 1145 145 59 homo.
1881 1145 145 59 Vtrum
1977 1145 193 59 Christus
2122 1145 96 59 si
2154 1145 145 59 fuisset

853 1199 178 69 mortuus
982 1199 146 69 senio
1079 1199 178 69 fuisset
1209 1199 194 69 secundum
1354 1199 162 69 corpus
1468 1199 259 69 putrefactus.
1678 1199 146 69 Plura
1775 1199 146 69 autem
1872 1199 129 69 alia
1953 1199 146 69 erant
2050 1199 97 69 de
2099 1199 162 69 homine
2196 1199 113 69 puro.

857 1247 142 62 ClRca
952 1247 158 62 primum
1063 1247 190 62 arguitur
1205 1247 127 62 quod
1284 1247 127 62 sic.
1364 1247 127 62 quia
1443 1247 158 62 natura
1553 1247 111 62 non
1617 1247 174 62 incipit
1743 1247 142 62 motum
1838 1247 127 62 quem
1917 1247 111 62 non
1981 1247 158 62 potest
2091 1247 206 62 terminare
2234 1247 79 62 se-

856 1304 154 59 cundum
963 1304 230 59 philosopum.
1147 1304 123 59 iii.
1224 1304 261 59 metaphysicae.
1439 1304 184 59 terminus
1577 1304 138 59 autem
1669 1304 246 59 corruptionis
1869 1304 184 59 corporis
2007 1304 184 59 viuentis
2145 1304 107 59 est
2192 1304 107 59 putre

844 1359 168 63 factio,
966 1359 183 63 secundum
1103 1359 213 63 philosopum
1270 1359 91 63 in
1316 1359 137 63 iiii.
1407 1359 183 63 meteoro.
1544 1359 122 63 ergo
1621 1359 107 63 cum
1682 1359 152 63 natura
1788 1359 137 63 istum
1880 1359 244 63 corruptionis
2078 1359 183 63 terminum
2215 1359 91 63 in
2245 1359 61 63 se

527 1414 121 71 nio
596 1414 189 71 Christi
733 1414 121 71 per
802 1414 138 71 eius
889 1414 172 71 mortem
1009 1414 258 71 incepisset,
1216 1414 138 71 ergo
1302 1414 121 71 &c.
1371 1414 189 71 CONtra.
1509 1414 138 71 tunc
1595 1414 121 71 non
1664 1414 189 71 fuisset
1801 1414 155 71 verum
1905 1414 155 71 illud
2008 1414 172 71 dictum
2112 1414 189 71 prophetae

522 1467 119 60 Non
590 1467 153 60 dabis
692 1467 187 60 sanctum
828 1467 136 60 tuum
914 1467 170 60 videre
1033 1467 289 60 corruptionem.
1271 1467 136 60 DIco
1356 1467 102 60 de
1407 1467 136 60 ista
1493 1467 289 60 putrefactione
1731 1467 204 60 corporis
1884 1467 102 60 de
1935 1467 119 60 qua
2003 1467 119 60 est
2072 1467 221 60 quaestio,
2225 1467 85 60 si-

525 1523 126 52 cut
597 1523 108 52 de
651 1523 162 52 morte
758 1523 215 52 Ezechiae
920 1523 162 52 dicit
1028 1523 179 52 beatus
1153 1523 233 52 Gregorius
1333 1523 179 52 libro.
1458 1523 108 52 x.
1512 1523 162 52 Mora.
1620 1523 126 52 sic
1692 1523 233 52 inquiens.
1871 1523 162 52 Nulla
1979 1523 144 52 quae
2069 1523 108 52 in
2123 1523 126 52 hoc
2176 1523 126 52 mundo

523 1572 210 61 hominibus
685 1572 146 61 fiunt
782 1572 162 61 absque
895 1572 259 61 omnipotentis
1105 1572 113 61 dei
1170 1572 178 61 occulto
1300 1572 194 61 consilio
1445 1572 210 61 eueniunt,
1607 1572 113 61 nam
1672 1572 162 61 cuncta
1785 1572 129 61 deus
1866 1572 227 61 praesciens
2044 1572 129 61 ante
2125 1572 178 61 saecula
2238 1572 65 61 de

529 1627 156 56 creuit
639 1627 125 56 quae
716 1627 109 56 per
779 1627 171 56 saecula
903 1627 249 56 disponuntur.
1106 1627 109 56 nec
1168 1627 187 56 propheta
1309 1627 156 56 igitur
1418 1627 156 56 fallax
1527 1627 125 56 quia
1605 1627 156 56 tempus
1714 1627 156 56 mortis
1823 1627 187 56 innotuit
1963 1627 109 56 quo
2025 1627 109 56 vir
2088 1627 125 56 ille
2166 1627 125 56 mori
2228 1627 78 56 me-

519 1679 190 69 rebatur:
661 1679 111 69 nec
725 1679 190 69 dominica
867 1679 174 69 statuta
993 1679 190 69 convulsa
1135 1679 142 69 sunt:
1230 1679 126 69 quia
1309 1679 95 69 vt
1356 1679 95 69 ex
1404 1679 205 69 largitate
1562 1679 111 69 dei
1625 1679 126 69 anni
1704 1679 142 69 vitae
1799 1679 237 69 crescerent:
1988 1679 111 69 hoc
2051 1679 158 69 quoque
2162 1679 111 69 and
2209 1679 95 69 ten-

523 1734 124 71 pora
600 1734 201 71 praefixum
755 1734 139 71 fuit.
847 1734 186 71 Secundum
987 1734 124 71 hunc
1064 1734 124 71 ergo
1141 1734 139 71 modum
1234 1734 124 71 dico
1312 1734 93 71 ad
1358 1734 232 71 quaestionem
1544 1734 124 71 quod
1621 1734 186 71 Christus
1760 1734 93 71 si
1807 1734 170 71 mortuus
1931 1734 170 71 fuisset
2054 1734 201 71 confectus
2194 1734 108 71 senio

529 1798 177 62 quantum
657 1798 112 62 est
722 1798 96 62 ex
770 1798 145 62 cursu
866 1798 145 62 motus
963 1798 209 62 naturalis
1123 1798 177 62 fuisset
1252 1798 161 62 corpus
1364 1798 129 62 eius
1445 1798 257 62 putrefactum:
1653 1798 145 62 sicut
1750 1798 129 62 tunc
1830 1798 161 62 quando
1943 1798 209 62 nuntiauit
2103 1798 177 62 Esaias,
2216 1798 80 62 Eze

524 1843 141 70 chias
619 1843 173 70 fuisset
744 1843 189 70 mortuus.
886 1843 173 70 Quantum
1011 1843 141 70 tamen
1106 1843 110 70 est
1169 1843 94 70 ex
1216 1843 157 70 diuina
1326 1843 299 70 praeordinatione
1577 1843 126 70 puto
1656 1843 126 70 quod
1734 1843 236 70 putrefactum
1923 1843 204 70 nequaquam
2080 1843 173 70 fuisset
2190 1843 110 70 etiam

527 1896 100 60 si
577 1896 150 60 vsque
677 1896 100 60 ad
727 1896 299 60 resurrectionem
976 1896 249 60 vniuersalem
1176 1896 133 60 deus
1259 1896 299 60 resurrectionem
1508 1896 183 60 Christi
1641 1896 266 60 distulisset,
1857 1896 133 60 quia
1940 1896 116 60 cum
2007 1896 100 60 ab
2057 1896 166 60 initio
2173 1896 100 60 in
2206 1896 100 60 Chri

523 1948 119 60 sti
591 1948 272 60 incarnatione
812 1948 170 60 filius
931 1948 119 60 dei
998 1948 187 60 humanam
1134 1948 187 60 naturam
1270 1948 204 60 integram
1423 1948 85 60 &
1457 1948 119 60 quo
1525 1948 102 60 ad
1576 1948 170 60 corpus
1695 1948 85 60 &
1729 1948 119 60 quo
1797 1948 102 60 ad
1848 1948 170 60 animam
1966 1948 238 60 assumpsit:
2153 1948 136 60 quod
2238 1948 102 60 in

531 2004 253 67 desibiliter
734 2004 219 67 assumpsit
902 2004 118 67 pie
970 2004 219 67 credendum
1138 2004 135 67 est.
1223 2004 253 67 Deposuisset
1425 2004 152 67 autem
1526 2004 169 67 corpus
1644 2004 152 67 illud
1745 2004 202 67 separata
1897 2004 152 67 anima
1998 2004 101 67 si
2049 2004 287 67 putrefactione

531 2060 202 66 corruptum
687 2060 186 66 fuisset.
826 2060 109 66 Sic
888 2060 124 66 ergo
966 2060 171 66 pietati
1090 2060 140 66 fidei
1183 2060 217 66 adhaerendo
1354 2060 124 66 dico
1431 2060 124 66 quod
1509 2060 233 66 putrefactum
1695 2060 109 66 non
1757 2060 171 66 fuisset
1881 2060 109 66 nec
1943 2060 248 66 incineratum:
2145 2060 109 66 sed
2207 2060 124 66 deus

535 2106 108 66 sua
596 2106 217 66 ordiatione
767 2106 186 66 integrum
906 2106 232 66 custodisset
1091 2106 186 66 quousque
1231 2106 139 66 ipsum
1323 2106 263 66 resurrecturum
1540 2106 248 66 decreuisset.
1741 2106 108 66 Nec
1803 2106 108 66 est
1865 2106 232 66 difficultas
2050 2106 93 66 in
2097 2106 108 66 hac
2143 2106 155 66 quaestio

529 2166 96 51 ne
577 2166 128 51 alia
657 2166 128 51 quam
737 2166 144 51 vtrum
833 2166 192 51 postquam
976 2166 176 51 mortuus
1104 2166 128 51 fuit
1184 2166 96 51 in
1232 2166 144 51 cruce
1328 2166 160 51 statim
1439 2166 192 51 corrupta
1583 2166 160 51 fuerit
1695 2166 96 51 in
1743 2166 96 51 eo
1791 2166 144 51 forma
1887 2166 288 51 corporeitatis,
2126 2166 112 51 aut
2174 2166 128 51 corru-

532 2219 109 64 pta
595 2219 172 64 fuisset
720 2219 94 64 si
767 2219 109 64 non
829 2219 172 64 fuisset
954 2219 219 64 accelerata
1126 2219 172 64 Christi
1250 2219 250 64 resurrectio.
1453 2219 125 64 Puto
1531 2219 125 64 enim
1610 2219 125 64 quod
1688 2219 94 64 in
1734 2219 140 64 nullo
1828 2219 125 64 casu
1906 2219 172 64 fuisset
2031 2219 203 64 corruptum
2187 2219 109 64 sed
2250 2219 94 64 di

522 2271 136 62 uina
607 2271 255 62 ordinatione
811 2271 255 62 conseruatum
1014 2271 255 62 miraculose:
1218 2271 153 62 sicut
1320 2271 238 62 miraculose
1507 2271 170 62 additi
1626 2271 204 62 fuerunt.
1779 2271 119 62 xv.
1847 2271 136 62 anni
1931 2271 153 62 annis
2033 2271 255 62 naturalibus
2220 2271 85 62 Eze

529 2325 162 62 chiae:
642 2325 113 62 non
707 2325 129 62 dico
787 2325 194 62 miraculo
933 2325 129 62 nouo
1014 2325 178 62 operato
1143 2325 81 62 a
1175 2325 113 62 deo
1240 2325 145 62 inter
1337 2325 178 62 Christi
1466 2325 162 62 mortem
1580 2325 81 62 &
1612 2325 307 62 resurrectionem:
1871 2325 113 62 sed
1935 2325 194 62 antiquam
2081 2325 194 62 miraculo
2226 2325 113 62 quo

529 2379 191 62 scilicet
672 2379 143 62 ilius
768 2379 112 62 dei
832 2379 96 62 in
880 2379 112 62 sua
943 2379 255 62 incarnatione
1151 2379 271 62 indesibilitur
1374 2379 191 62 integram
1517 2379 175 62 humanam
1645 2379 175 62 naturam
1772 2379 223 62 assumpsit.
1947 2379 175 62 dicente
2075 2379 207 62 Damasceno
2218 2379 80 62 li-

524 2432 133 66 bro.
608 2432 133 66 iii.
691 2432 116 66 ca.
757 2432 133 66 iii.
841 2432 316 66 Indiuisibiliter
1107 2432 83 66 &
1140 2432 316 66 ineuulsibiliter
1406 2432 83 66 &
1440 2432 250 66 indistanter
1639 2432 83 66 &
1673 2432 300 66 immiscibiliter
1922 2432 100 66 in
1972 2432 166 66 duabus
2089 2432 183 66 naturis
2205 2432 100 66 vnam

524 2486 242 60 hypostasim
714 2486 242 60 confitemur
904 2486 155 60 filii
1007 2486 138 60 dei.
1094 2486 104 60 Et
1146 2486 121 60 Leo
1215 2486 138 60 papa
1301 2486 207 60 sermone.
1457 2486 104 60 x.
1508 2486 104 60 de
1560 2486 173 60 natali
1681 2486 155 60 dicit
1785 2486 138 60 sic.
1871 2486 138 60 Quia
1958 2486 138 60 etsi
2044 2486 138 60 vnum
2130 2486 155 60 manet
2234 2486 104 60 ab

522 2541 253 62 aeternitate,
727 2541 142 62 aliud
822 2541 158 62 coepit
933 2541 95 62 ex
980 2541 189 62 tempore,
1122 2541 142 62 tamen
1217 2541 95 62 in
1264 2541 189 62 vnitatem
1406 2541 221 62 conueniunt
1580 2541 95 62 vt
1627 2541 111 62 nec
1690 2541 253 62 separationem
1896 2541 174 62 possint
2022 2541 158 62 habere
2132 2541 111 62 nec
2180 2541 126 62 finem:

521 2598 108 55 dum
582 2598 108 55 ita
644 2598 123 55 sibi
721 2598 231 55 inhaeserunt
906 2598 93 55 vt
952 2598 123 55 siue
1029 2598 93 55 in
1076 2598 247 55 omnipotentia
1276 2598 123 55 siue
1353 2598 93 55 in
1399 2598 216 55 contumelia
1569 2598 108 55 nec
1631 2598 154 55 diuina
1739 2598 93 55 in
1785 2598 170 55 Christo
1908 2598 170 55 careant
2031 2598 185 55 humanis:
2170 2598 108 55 nec
2216 2598 93 55 huma

525 2645 91 68 na
570 2645 182 68 diuinis.
707 2645 91 68 Et
752 2645 106 68 sic
813 2645 152 68 humana
919 2645 152 68 natura
1025 2645 91 68 in
1071 2645 167 68 Christo
1192 2645 136 68 finem
1283 2645 152 68 habere
1389 2645 106 68 non
1450 2645 152 68 potuit
1556 2645 106 68 nec
1617 2645 91 68 ex
1662 2645 136 68 parte
1753 2645 152 68 animae
1859 2645 106 68 nec
1920 2645 91 68 ex
1965 2645 136 68 parte
2056 2645 197 68 corporis,
2208 2645 121 68 quae

526 2703 161 57 vtique
638 2703 96 57 vt
687 2703 145 57 dicit
783 2703 96 57 in
831 2703 193 57 sermone.
976 2703 145 57 viii.
1072 2703 161 57 finiri
1185 2703 129 57 nisi
1265 2703 113 57 aut
1330 2703 257 57 consumptione
1539 2703 113 57 aut
1603 2703 241 57 separatione
1796 2703 113 57 non
1860 2703 177 57 posset.
1989 2703 145 57 Eodem
2085 2703 161 57 igitur
2181 2703 129 57 miracu

522 2754 107 68 lo
576 2754 125 68 quo
647 2754 143 68 tunc
737 2754 179 68 corpus
862 2754 197 68 Christi
1005 2754 232 68 assumpsit
1183 2754 125 68 cum
1255 2754 161 68 anima
1362 2754 143 68 sibi
1451 2754 250 68 coniuncta:
1648 2754 161 68 ipsum
1755 2754 268 68 conseruauit
1969 2754 89 68 a
2005 2754 268 68 corruptione
2202 2754 107 68 ipsa

532 2809 150 62 anima
633 2809 217 62 separata:
800 2809 84 62 &
833 2809 117 62 hoc
900 2809 217 62 insinuant
1067 2809 150 62 verba
1167 2809 234 62 prophetae.
1351 2809 117 62 Non
1418 2809 150 62 dabis
1518 2809 184 62 sanctum
1652 2809 134 62 tuum
1736 2809 167 62 videre
1853 2809 284 62 corruptionem.
2087 2809 167 62 Glossa
2187 2809 117 62 secun

534 2862 111 57 dum
598 2862 222 57 Augustinus
772 2862 95 57 i.
820 2862 159 57 corpus
931 2862 127 57 meum
1010 2862 79 57 a
1042 2862 95 57 te
1090 2862 286 57 sanctificatum:
1328 2862 143 57 quasi
1423 2862 190 57 diceret,
1566 2862 95 57 ex
1614 2862 111 57 hoc
1677 2862 127 57 quod
1756 2862 270 57 sanctificatum
1979 2862 111 57 est
2042 2862 79 57 a
2074 2862 95 57 te
2122 2862 111 57 non
2169 2862 143 57 permit-

530 2912 114 64 tes
595 2912 147 64 ipsum
693 2912 164 64 videre
808 2912 278 64 corruptionem.
1037 2912 131 64 Erat
1118 2912 147 64 autem
1216 2912 131 64 illa
1298 2912 278 64 sanctificatio
1527 2912 114 64 per
1593 2912 114 64 hoc
1658 2912 131 64 quod
1740 2912 98 64 ex
1789 2912 164 64 vnione
1903 2912 180 64 humanae
2034 2912 180 64 naturae
2165 2912 114 64 cum
2214 2912 98 64 diui

523 2972 93 64 na
570 2972 156 64 natura
679 2972 140 64 vnxit
773 2972 109 64 eum
835 2972 125 64 deus
913 2972 125 64 prae
991 2972 249 64 participibus
1193 2972 140 64 suis.
1287 2972 78 64 &
1318 2972 187 64 secundum
1458 2972 125 64 haec
1536 2972 218 64 concedenda
1707 2972 109 64 est
1769 2972 171 64 secunda
1894 2972 140 64 ratio
1987 2972 125 64 Vnde
2065 2972 125 64 quid
2143 2972 156 64 Petrus
2237 2972 62 64 ar

533 3022 126 65 guit
612 3022 95 65 in
659 3022 174 65 actibus
786 3022 126 65 cap.
864 3022 110 65 ii.
928 3022 95 65 &.
975 3022 142 65 xiii.
1070 3022 221 65 verificari
1243 3022 158 65 verbum
1354 3022 142 65 Dauid
1448 3022 110 65 per
1511 3022 284 65 resurrectionem
1748 3022 174 65 Christi
1874 3022 252 65 acceleratam:
2079 3022 110 65 non
2142 3022 110 65 est
2205 3022 126 65 argu

530 3077 154 64 mentum
637 3077 77 64 a
668 3077 138 64 cauam
760 3077 108 64 sed
822 3077 77 64 a
853 3077 138 64 signo
945 3077 169 64 tantum:
1068 3077 123 64 quia
1145 3077 123 64 etsi
1222 3077 108 64 non
1283 3077 169 64 fuisset
1406 3077 231 64 accelerata,
1591 3077 138 64 adhuc
1683 3077 138 64 tamen
1775 3077 231 64 verificatum
1960 3077 169 64 fuisset
2083 3077 154 64 verbum
2190 3077 138 64 Dauid

529 3131 211 80 propter
682 3131 173 80 aliam
798 3131 192 80 causam
932 3131 134 80 iam
1009 3131 211 80 dictam.
1163 3131 115 80 AD
1220 3131 192 80 primum
1355 3131 115 80 in
1412 3131 269 80 oppositum:
1624 3131 154 80 quod
1720 3131 192 80 natura
1854 3131 134 80 non
1931 3131 211 80 incipit
2085 3131 173 80 motum
2181 3131 115 80 quem
