2464 3763
189 277 253 98 incurrendum
392 277 169 98 turpe:
510 277 118 98 hoc
578 277 118 98 est
645 277 270 98 turpitudinem
865 277 186 98 culpae.
1000 277 101 98 Et
1051 277 118 98 sic
1118 277 203 98 secundum
1270 277 169 98 rectam
1389 277 203 98 rationem
1541 277 152 98 debet
1642 277 118 98 non
1710 277 186 98 sperans
1845 277 152 98 aliam
1929 277 68 98 vi

179 363 130 67 tam,
260 363 179 67 eligere
390 363 130 67 mori
471 363 114 67 pro
536 363 227 67 republica:
715 363 146 67 sicut
812 363 81 67 &
845 363 179 67 sperans
975 363 146 67 illam
1072 363 97 67 ex
1121 363 227 67 charitate:
1300 363 81 67 &
1332 363 146 67 sicut
1429 363 130 67 iste
1511 363 195 67 secundum
1657 363 162 67 rectam
1771 363 195 67 rationem
1901 363 97 67 debe

177 405 127 79 ret
250 405 200 79 eligere
395 405 146 79 mori
486 405 127 79 pro
559 405 236 79 republica
741 405 218 79 secundum
904 405 255 79 praedictum
1105 405 164 79 modum
1214 405 164 79 etiam
1323 405 109 79 si
1377 405 127 79 per
1450 405 236 79 huiusmodi
1632 405 182 79 mortem
1760 405 164 79 nihil
1850 405 146 79 merer-

171 469 112 69 tur
235 469 128 69 quod
315 469 144 69 esset
411 469 224 69 recepturus
587 469 96 69 in
635 469 128 69 alia
715 469 144 69 vita.
811 469 176 69 Propter
939 469 144 69 quod,
1035 469 96 69 vt
1083 469 144 69 dicit
1178 469 176 69 Tullius
1306 469 160 69 libro.
1418 469 96 69 i.
1466 469 96 69 de
1514 469 208 69 officiis,
1674 469 208 69 praeclare
1834 469 192 69 scriptum

192 516 131 73 est
267 516 94 73 a
305 516 225 73 Platone:
474 516 131 73 Non
549 516 169 73 nobis
661 516 169 73 solum
774 516 150 73 nati
868 516 188 73 sumus:
999 516 225 73 ortusque
1168 516 188 73 nostri
1300 516 188 73 partem
1431 516 188 73 patria
1562 516 225 73 vendicat
1731 516 188 73 partem
1844 516 150 73 amici.

189 581 154 59 Atque
291 581 102 59 vt
343 581 171 59 placet
462 581 188 59 stoicis
599 581 137 59 quae
684 581 102 59 in
735 581 171 59 terris
855 581 222 59 gignuntur
1025 581 102 59 ad
1076 581 137 59 vsum
1162 581 205 59 hominium
1315 581 154 59 omnia
1418 581 188 59 creari:
1554 581 188 59 homines
1691 581 154 59 autem
1793 581 188 59 hominum
1913 581 85 59 cau

192 636 104 64 sa
244 636 139 64 esse
331 636 243 64 generatos:
522 636 104 64 vt
574 636 139 64 ipsi
661 636 156 64 inter
765 636 104 64 se
817 636 156 64 alius
921 636 139 64 alii
1008 636 208 64 prodesse
1164 636 191 64 posset.
1303 636 104 64 In
1355 636 122 64 hoc
1425 636 191 64 naturam
1564 636 191 64 debemus
1703 636 156 64 ducem
1807 636 174 64 sequi:
1911 636 87 64 con

186 688 213 63 munesque
346 688 249 63 vtilitates
541 688 107 63 in
595 688 178 63 medium
719 688 195 63 afferre
861 688 231 63 mutatione
1038 688 266 63 officiorum.
1251 688 142 63 ldem
1340 688 107 63 in
1393 688 213 63 oratione
1553 688 213 63 populari
1713 688 107 63 ad
1766 688 213 63 senatum.
1908 688 89 63 Sic

188 732 105 69 ab
240 732 174 69 initio
362 732 122 69 fui
431 732 226 69 animatus:
606 732 105 69 vt
658 732 122 69 non
728 732 157 69 magis
832 732 105 69 me
884 732 122 69 mea
954 732 157 69 causa
1058 732 192 69 putarem
1198 732 139 69 esse
1285 732 157 69 natum
1389 732 139 69 quam
1476 732 261 69 reipublicae
1685 732 261 69 procreatum.
1877 732 122 69 Nihil

190 786 136 68 duri
275 786 119 68 vel
343 786 170 68 acerbi
463 786 136 68 mihi
548 786 136 68 erit
633 786 119 68 quo
701 786 239 68 respublica
889 786 239 68 curabitur.
1076 786 153 68 neque
1178 786 102 68 ei
1229 786 136 68 mors
1314 786 170 68 misera
1434 786 119 68 est
1502 786 136 68 quae
1587 786 102 68 ob
1638 786 256 68 rempublicam
1826 786 170 68 capitur:

197 842 147 64 neque
295 842 229 64 exercitium
475 842 147 64 turpe
573 842 115 64 est
639 842 131 64 quod
721 842 197 64 virtutae
868 842 246 64 suscipitur:
1065 842 229 64 praesertim
1245 842 115 64 cum
1310 842 115 64 hae
1376 842 164 64 poenae
1490 842 213 64 nonnullam
1654 842 180 64 habeant
1785 842 98 64 in
1834 842 98 64 se
1867 842 131 64 conso-

191 891 222 68 lationem.
361 891 119 68 cum
430 891 102 68 vt
481 891 153 68 dicit
583 891 153 68 libro
685 891 153 68 primo
788 891 290 68 inuectiuarum.
1026 891 170 68 Patria
1146 891 136 68 mihi
1231 891 136 68 vita
1316 891 119 68 mea
1384 891 153 68 multo
1487 891 188 68 charior
1623 891 136 68 est.
1708 891 136 68 Idem
1793 891 153 68 libro
1879 891 119 68 iiii.

186 949 140 63 Mihi
274 949 175 63 quidem
397 949 140 63 haec
485 949 211 63 conditio
643 949 140 63 data
730 949 123 63 est
801 949 105 63 vt
853 949 158 63 omnes
959 949 263 63 acerbitates
1169 949 158 63 omnes
1274 949 193 63 dolores
1415 949 281 63 cruciatusque
1643 949 211 63 perferam
1801 949 123 63 non
1871 949 158 63 solum

190 1002 227 72 fortiter:
364 1002 122 72 sed
434 1002 157 72 etiam
539 1002 210 72 libenter
696 1002 192 72 dummodo
836 1002 140 72 meis
924 1002 227 72 laboribus
1099 1002 157 72 vrbis
1203 1002 245 72 pariterque
1396 1002 262 72 reipublicae
1605 1002 210 72 dignitas
1763 1002 210 72 salusque
1903 1002 87 72 pa-

196 1057 190 71 riantur
334 1057 155 71 aequo
437 1057 155 71 animo
541 1057 224 71 paratoque
713 1057 190 71 moriar.
851 1057 121 71 Non
920 1057 138 71 enim
1006 1057 172 71 turpis
1127 1057 138 71 mors
1213 1057 155 71 forti
1317 1057 138 71 viro
1403 1057 172 71 potest
1523 1057 224 71 accidere:
1696 1057 155 71 neque
1799 1057 172 71 misera
1903 1057 86 71 sa-

179 1109 188 76 pienti.
316 1109 171 76 ltaque
436 1109 223 76 sapientes
607 1109 188 76 nunquam
744 1109 120 76 eam
813 1109 188 76 inuiti:
950 1109 171 76 fortes
1070 1109 154 76 etiam
1173 1109 154 76 saepe
1275 1109 274 76 appetierunt.
1498 1109 137 76 Vnde
1584 1109 137 76 quia
1669 1109 274 76 philosophous
1875 1109 120 76 secun

187 1171 131 69 dum
262 1171 187 69 rectam
393 1171 224 69 rationem
561 1171 149 69 mori
654 1171 243 69 eligendum
841 1171 243 69 sentiebat
1027 1171 131 69 pro
1102 1171 243 69 republica
1289 1171 224 69 politico
1457 1171 168 69 forti
1569 1171 93 69 &
1606 1171 224 69 sapienti
1755 1171 243 69 contemplati

185 1217 128 67 uo,
258 1217 165 67 etiam
368 1217 110 67 si
422 1217 165 67 nihil
532 1217 165 67 boni:
642 1217 128 67 sed
715 1217 165 67 solum
825 1217 201 67 amissio
971 1217 146 67 boni
1062 1217 146 67 inde
1154 1217 128 67 eis
1227 1217 274 67 contingeret
1446 1217 219 67 secundum
1611 1217 165 67 modum
1721 1217 128 67 iam
1776 1217 219 67 expositum:

188 1272 137 74 ideo
274 1272 171 74 quando
394 1272 154 74 dixit
496 1272 120 74 in.
565 1272 120 74 ix.
634 1272 154 74 libro
736 1272 137 74 vnam
822 1272 154 74 bonam
925 1272 206 74 actionem
1079 1272 171 74 magnam
1199 1272 137 74 quam
1285 1272 171 74 multas
1405 1272 171 74 paruas
1525 1272 257 74 morientibus
1731 1272 240 74 eligendam:
1902 1272 86 74 eli

192 1327 140 80 gunt
279 1327 175 80 vtique
402 1327 175 80 magnum
524 1327 158 80 bonum
629 1327 245 80 sibiipsis:
821 1327 193 80 addidit
962 1327 175 80 forte.
1084 1327 140 80 quia
1172 1327 140 80 etsi
1259 1327 158 80 illud
1364 1327 123 80 non
1434 1327 280 80 contingeret,
1662 1327 263 80 nihilominus
1872 1327 158 80 tamen

189 1375 133 72 mori
273 1375 116 72 sic
339 1375 200 72 secundum
489 1375 166 72 rectam
605 1375 200 72 rationem
755 1375 216 72 eligeret.
921 1375 100 72 Et
971 1375 200 72 secundum
1120 1375 116 72 hoc
1187 1375 249 72 concedendae
1386 1375 133 72 sunt
1470 1375 133 72 duae
1553 1375 183 72 vltimae
1686 1375 200 72 rationes
1819 1375 166 72 inductae

185 1434 111 78 ad
240 1434 166 78 istam
350 1434 203 78 partem.
498 1434 147 78 Quia
590 1434 111 78 si
645 1434 166 78 forte
756 1434 203 78 aliquis
903 1434 203 78 poneret
1050 1434 147 78 quod
1142 1434 276 78 philosophus
1363 1434 129 78 non
1437 1434 203 78 poneret
1584 1434 203 78 felicem
1713 1434 258 78 speculatiuum

193 1487 184 69 debere
322 1487 203 69 eligere
469 1487 148 69 mori
561 1487 166 69 dicto
672 1487 148 69 modo
764 1487 166 69 quasi
875 1487 129 69 sit
949 1487 184 69 omnino
1078 1487 295 69 sequestratus
1317 1487 111 69 ab
1373 1487 184 69 humana
1502 1487 240 69 societate
1686 1487 129 69 non
1760 1487 184 69 viuens
1889 1487 129 69 qua

188 1542 103 72 si
239 1542 137 72 homo
325 1542 223 72 mortalis:
497 1542 120 72 sed
565 1542 154 72 quasi
668 1542 189 72 diuinus
805 1542 86 72 &
840 1542 257 72 immortalis,
1046 1542 103 72 vt
1097 1542 154 72 dicit
1200 1542 257 72 philosophus
1406 1542 103 72 in
1457 1542 172 72 quarto
1577 1542 240 72 Ethicorum:
1766 1542 86 72 &
1800 1542 137 72 quod
1869 1542 103 72 ideo

190 1609 129 66 non
263 1609 203 66 tenetur
411 1609 258 66 descendere
613 1609 92 66 a
650 1609 129 66 sua
724 1609 258 66 felicitate
927 1609 313 66 contemplatiua
1185 1609 111 66 ad
1240 1609 221 66 actionem
1406 1609 240 66 politicam
1590 1609 129 66 pro
1664 1609 258 66 republica:
1866 1609 92 66 &
1885 1609 92 66 sic

196 1642 188 88 ponendo
333 1642 120 88 hoc
401 1642 188 88 diceret
538 1642 103 88 ad
589 1642 171 88 primam
709 1642 205 88 rationem
863 1642 137 88 quod
948 1642 154 88 verum
1051 1642 120 88 est
1119 1642 137 88 quod
1205 1642 154 88 bonum
1307 1642 205 88 publicum
1461 1642 274 88 praeferendum
1683 1642 120 88 est
1752 1642 205 88 priuato:
1906 1642 120 88 dum

184 1702 157 75 tamen
288 1702 157 75 bonum
393 1702 210 75 priuatum
551 1702 245 75 includatur
743 1702 105 75 in
795 1702 210 75 publico:
953 1702 175 75 aliter
1075 1702 140 75 non:
1162 1702 157 75 licet
1267 1702 262 75 simpliciter
1477 1702 122 75 sit
1547 1702 280 75 praeferendum
1774 1702 192 75 quantum
1897 1702 87 75 est

194 1757 97 69 ex
242 1757 146 69 parte
340 1757 130 69 sui,
421 1757 114 69 non
486 1757 146 69 tamen
583 1757 179 69 quantum
713 1757 114 69 est
778 1757 146 69 parte
876 1757 162 69 illius
989 1757 146 69 cuius
1087 1757 146 69 bonum
1184 1757 195 69 priuatum
1330 1757 114 69 non
1395 1757 227 69 includitur
1574 1757 97 69 in
1623 1757 130 69 bono
1704 1757 195 69 publico.
1850 1757 97 69 Et
1883 1757 97 69 simi

193 1812 147 72 liter
291 1812 98 72 si
339 1812 179 72 diceret
470 1812 98 72 ad
519 1812 212 72 secundam:
682 1812 130 72 quod
764 1812 130 72 vnum
845 1812 179 72 membrum
976 1812 179 72 exponit
1106 1812 98 72 se
1155 1812 163 72 mortis
1269 1812 196 72 periculo
1416 1812 179 72 propter
1547 1812 294 72 conseruationem
1791 1812 179 72 totius:
1905 1812 82 72 ve-

185 1867 110 69 rum
248 1867 110 69 est
311 1867 157 69 quando
420 1867 172 69 membrum
545 1867 110 69 non
608 1867 141 69 habet
702 1867 188 69 proprium
843 1867 235 69 intellectum
1031 1867 110 69 nec
1094 1867 157 69 potest
1203 1867 157 69 habere
1313 1867 125 69 suum
1391 1867 157 69 bonum,
1501 1867 188 69 proprium
1642 1867 204 69 separatum
1798 1867 141 69 extra
1876 1867 110 69 bonum

186 1924 180 61 totius.
316 1924 98 61 si
365 1924 147 61 tamen
463 1924 131 61 pars
545 1924 114 61 vel
610 1924 180 61 membrum
741 1924 180 61 haberet
871 1924 196 61 proprium
1018 1924 261 61 intellectum:
1230 1924 98 61 et
1279 1924 147 61 bonum
1377 1924 131 61 quod
1459 1924 212 61 separatim
1622 1924 163 61 posset
1736 1924 212 61 obtinere,
1899 1924 114 61 qua

195 1978 98 67 le
244 1978 146 67 habet
341 1978 277 67 speculatiuus,
569 1978 212 67 nequaquam
732 1978 195 67 eligeret
878 1978 163 67 illud.
992 1978 130 67 lsta
1074 1978 114 67 non
1139 1978 179 67 possunt
1269 1978 163 67 stare:
1383 1978 130 67 quia
1464 1978 130 67 etsi
1546 1978 244 67 philosophus
1741 1978 146 67 circa
1839 1978 98 67 ea
1887 1978 130 67 quae

192 2026 126 75 sunt
271 2026 94 75 ad
318 2026 141 75 finem
412 2026 141 75 multa
506 2026 188 75 secundum
648 2026 157 75 rectam
758 2026 188 75 rationem
899 2026 204 75 sentiebat
1056 2026 79 75 &
1088 2026 126 75 illa
1166 2026 126 75 quae
1245 2026 157 75 sentit
1355 2026 141 75 fides
1449 2026 220 75 catholica:
1622 2026 141 75 circa
1716 2026 126 75 illa
1795 2026 141 75 tamen
1889 2026 94 75 in
1920 2026 63 75 or

195 2087 183 72 dinando
328 2087 133 72 ipsa
412 2087 100 72 ad
462 2087 150 72 finem
561 2087 83 72 &
595 2087 150 72 circa
694 2087 150 72 ipsum
794 2087 150 72 finem
894 2087 150 72 vitae
994 2087 183 72 humanae
1127 2087 100 72 in
1177 2087 166 72 multis
1293 2087 200 72 errabat:
1443 2087 150 72 sicut
1543 2087 83 72 &
1576 2087 133 72 alii
1659 2087 250 72 philosophi.
1859 2087 133 72 quia
1925 2087 67 72 vt

188 2140 145 64 dicit
284 2140 225 64 Augustinus
462 2140 193 64 sibiipsi
606 2140 241 64 fabricabant
800 2140 177 64 quandam
928 2140 241 64 felicitatem
1122 2140 258 64 percipiendam
1331 2140 97 64 in
1379 2140 129 64 vita
1460 2140 225 64 praesenti:
1637 2140 129 64 quae
1717 2140 113 64 est
1782 2140 145 64 finis
1862 2140 129 64 operum

196 2197 214 62 virtutis:
360 2197 82 62 &
393 2197 115 62 sic
459 2197 99 62 ad
509 2197 148 62 alium
608 2197 148 62 finem
707 2197 231 62 ordinabant
888 2197 198 62 virtutum
1037 2197 148 62 opera
1135 2197 132 62 quam
1218 2197 181 62 ordinet
1350 2197 148 62 fides
1449 2197 231 62 catholica:
1630 2197 132 62 quae
1713 2197 181 62 ordinat
1845 2197 132 62 illa
1927 2197 99 62 ad

197 2246 258 66 beatitudinem
407 2246 258 66 percipiendam
616 2246 97 66 in
665 2246 129 66 vita
745 2246 177 66 futura:
874 2246 81 66 &
906 2246 113 66 sic
971 2246 194 66 errauit,
1116 2246 97 66 si
1165 2246 145 66 tamen
1261 2246 161 66 posuit
1374 2246 145 66 (quod
1471 2246 113 66 non
1535 2246 161 66 credo)
1648 2246 177 66 felicem
1761 2246 226 66 speculatiuum

199 2299 118 69 sic
267 2299 237 69 subtractum
453 2299 169 69 fuisse
571 2299 85 69 a
605 2299 220 69 focietate
774 2299 169 69 humana
893 2299 135 69 quod
977 2299 118 69 non
1045 2299 220 69 teneretur
1214 2299 101 69 in
1265 2299 169 69 aliquo
1383 2299 186 69 reipuca
1518 2299 118 69 hoc
1586 2299 135 69 enim
1671 2299 118 69 est
1738 2299 169 69 contra
1857 2299 118 69 ius
1907 2299 85 69 na-

189 2347 166 75 turae,
305 2347 99 75 vt
355 2347 166 75 dictum
471 2347 132 75 est,
554 2347 83 75 a
587 2347 116 75 quo
653 2347 182 75 absolui
785 2347 116 75 non
852 2347 166 75 potuit
968 2347 132 75 nisi
1050 2347 215 75 posuisset
1216 2347 132 75 quod
1299 2347 99 75 in
1348 2347 232 75 felicitate
1530 2347 132 75 illa
1613 2347 248 75 speculatiua
1812 2347 182 75 positus
1928 2347 66 75 es

197 2405 112 77 set
261 2405 144 77 extra
357 2405 160 77 statum
469 2405 192 77 peccandi
613 2405 144 77 sicut
708 2405 128 77 sunt
788 2405 144 77 beati
884 2405 96 77 in
932 2405 176 77 gloria:
1060 2405 128 77 quid
1140 2405 160 77 omnino
1252 2405 192 77 erroneum
1396 2405 128 77 est.
1476 2405 128 77 quia
1555 2405 128 77 ergo
1635 2405 160 77 semper
1747 2405 144 77 manet
1827 2405 160 77 naturali

202 2460 120 66 ter
270 2460 223 66 obligatus
442 2460 257 66 reipublicae
648 2460 86 66 &
682 2460 120 66 est
751 2460 103 66 in
803 2460 154 66 statu
906 2460 189 66 merendi
1043 2460 86 66 &
1077 2460 240 66 demerendi,
1266 2460 189 66 tenetur
1403 2460 172 66 semper
1524 2460 189 66 eligere
1661 2460 137 66 mori
1747 2460 120 66 pro
1798 2460 189 66 republica

191 2515 196 70 secundum
338 2515 163 70 dictum
452 2515 163 70 modum.
566 2515 82 70 &
599 2515 114 70 hoc
664 2515 131 70 quia
746 2515 147 70 licet
844 2515 147 70 bonum
941 2515 131 70 suum
1023 2515 196 70 priuatum
1170 2515 180 70 aliquod
1301 2515 212 70 positiuum
1464 2515 114 70 non
1529 2515 228 70 includitur
1709 2515 98 70 in
1758 2515 131 70 illo
1839 2515 131 70 bono
1904 2515 82 70 pu-

187 2573 163 74 blico,
301 2573 228 74 includitur
480 2573 146 74 tamen
577 2573 98 74 in
626 2573 130 74 illo
707 2573 146 74 bonum
805 2573 130 74 eius
886 2573 195 74 priuatum
1033 2573 146 74 quasi
1131 2573 212 74 negatiuum
1293 2573 195 74 scilicet
1440 2573 163 74 euasio
1554 2573 260 74 turpitudinis
1765 2573 81 74 &
1798 2573 130 74 mali
1863 2573 130 74 culpae

197 2623 102 73 vt
248 2623 170 73 dictum
367 2623 136 73 est:
452 2623 85 73 &
486 2623 119 73 hoc
554 2623 204 73 sufficit
708 2623 102 73 ad
759 2623 255 73 propositum.
963 2623 136 73 Quia
1048 2623 102 73 si
1099 2623 102 73 in
1150 2623 136 73 bono
1235 2623 187 73 publico
1371 2623 119 73 non
1439 2623 119 73 sic
1507 2623 272 73 includeretur
1729 2623 153 73 bonum
1831 2623 136 73 suum
1899 2623 85 73 pri

188 2674 176 71 uatum,
312 2674 141 71 puto
400 2674 141 71 quod
488 2674 159 71 nullo
594 2674 141 71 modo
682 2674 194 71 deberet
822 2674 194 71 eligere
963 2674 141 71 mori
1051 2674 159 71 dicto
1157 2674 141 71 modo
1245 2674 159 71 sicut
1351 2674 123 71 nec
1421 2674 211 71 tenentur
1580 2674 123 71 hoc
1650 2674 194 71 eligere
1791 2674 176 71 sancti
1915 2674 106 71 in

196 2729 182 81 patria:
329 2729 133 81 quia
412 2729 116 81 non
478 2729 149 81 esset
578 2729 100 81 in
628 2729 116 81 hoc
694 2729 182 81 debitor
827 2729 249 81 reipublicae
1026 2729 149 81 sicut
1125 2729 116 81 nec
1192 2729 166 81 sancti
1308 2729 100 81 in
1358 2729 182 81 patria:
1490 2729 133 81 quia
1573 2729 149 81 sicut
1673 2729 133 81 illi
1756 2729 116 81 non
1822 2729 133 81 sunt
1888 2729 100 81 pars

200 2780 204 72 ciuitatis
357 2780 204 72 ecclesiae
514 2780 220 72 militantis
686 2780 110 72 nec
749 2780 94 72 de
796 2780 125 72 foro
875 2780 141 72 eius:
969 2780 110 72 sic
1031 2780 110 72 nec
1094 2780 125 72 iste
1173 2780 141 72 esset
1267 2780 125 72 pars
1345 2780 220 72 societatis
1518 2780 188 72 humanae:
1659 2780 188 72 secundum
1800 2780 125 72 quod
1878 2780 110 72 hoc
1925 2780 63 72 vi

189 2832 150 81 detur
289 2832 183 81 sentire
423 2832 250 81 philosophus
623 2832 100 81 in
673 2832 133 81 nono
756 2832 283 81 metaphysicae.
989 2832 117 81 vbi
1056 2832 150 81 dicit
1156 2832 133 81 quod
1239 2832 117 81 vir
1306 2832 183 81 eremita
1439 2832 150 81 neque
1539 2832 117 81 est
1606 2832 150 81 bonus
1706 2832 150 81 neque
1806 2832 167 81 malus.
1906 2832 83 81 vbi

193 2890 155 74 dicit
296 2890 275 74 Commentator:
519 2890 137 74 quia
605 2890 120 74 non
674 2890 120 74 est
742 2890 137 74 pars
828 2890 240 74 ciuitatis.
1017 2890 120 74 Vir
1086 2890 155 74 autem
1189 2890 189 74 eremita
1326 2890 206 74 secundum
1481 2890 258 74 philosophum
1687 2890 137 74 erat
1773 2890 155 74 felix
1859 2890 137 74 felici

190 2931 134 90 tate
274 2931 268 90 speculatiua.
492 2931 218 90 Similiter
659 2931 134 90 quid
743 2931 184 90 dicitur
877 2931 100 90 ad
927 2931 201 90 secundum
1078 2931 134 90 quod
1162 2931 184 90 membrum
1296 2931 184 90 habens,
1430 2931 201 90 proprium
1580 2931 251 90 intellectum
1781 2931 84 90 &
1815 2931 201 90 proprium
1949 2931 50 90 E

190 2998 171 69 bonum
304 2998 247 69 separatum
494 2998 133 69 non
571 2998 209 69 deberet
723 2998 209 69 eligere
875 2998 152 69 mori
970 2998 171 69 dicto
1084 2998 152 69 modo
1180 2998 152 69 nisi
1275 2998 171 69 bonum
1389 2998 152 69 suum
1484 2998 305 69 includeretur
1732 2998 114 69 in
1789 2998 152 69 bono
1884 2998 133 69 com
1941 2998 57 69 a

186 3043 156 88 muni:
290 3043 121 88 non
359 3043 173 88 valet.
481 3043 139 88 quia
567 3043 156 88 licet
671 3043 191 88 singula
810 3043 173 88 membra
932 3043 208 88 haberent
1088 3043 208 88 singulos
1244 3043 260 88 intellectus
1452 3043 104 88 in
1504 3043 191 88 iudicio
1643 3043 208 88 secundum
1799 3043 173 88 rectam
1903 3043 87 88 ra-

195 3105 166 69 tionem
312 3105 100 69 de
361 3105 199 69 eligendo
511 3105 149 69 illum
610 3105 166 69 actum,
727 3105 199 69 deberent
876 3105 166 69 plures
992 3105 249 69 intellectus
1191 3105 183 69 illorum
1324 3105 133 69 esse
1407 3105 149 69 vnus.
1507 3105 166 69 etenim
1623 3105 166 69 licet,
1739 3105 100 69 vt
1789 3105 166 69 dictum
1888 3105 100 69 est,

197 3168 154 83 bonum
300 3168 171 83 illius
419 3168 205 83 priuatum
573 3168 222 83 positiuum
744 3168 120 83 non
813 3168 239 83 includatur
1001 3168 103 83 in
1052 3168 137 83 illo
1138 3168 137 83 bono
1223 3168 205 83 publico,
1377 3168 239 83 includitur
1565 3168 154 83 tamen
1668 3168 103 83 in
1719 3168 137 83 illo
1805 3168 154 83 bonum
1890 3168 103 83 eius
