2466 3737
495 236 189 103 ducere:
632 236 86 103 &
667 236 137 103 tunc
753 236 155 103 demum
856 236 189 103 dimissa
993 236 137 103 illa
1079 236 241 103 religionem
1268 236 206 103 intrare:
1423 236 137 103 quia
1509 236 120 103 per
1578 236 120 103 hoc
1646 236 172 103 multum
1767 236 172 103 posset
1887 236 258 103 vilificari,
2093 236 86 103 &
2128 236 172 103 magnum

505 328 160 69 damnum
617 328 160 69 habere
728 328 128 69 illa
808 328 128 69 quae
888 328 144 69 esset
984 328 160 69 ducta:
1095 328 96 69 et
1143 328 128 69 ille
1223 328 160 69 nullum
1335 328 239 69 emolumentum
1526 328 112 69 nec
1590 328 207 69 temporale
1749 328 112 69 nec
1813 328 239 69 spirituale.
2005 328 112 69 Sed
2069 328 96 69 si
2100 328 160 69 postquam

501 389 108 56 eam
562 389 170 56 iurauit
686 389 93 56 se
733 389 186 56 ducturum
872 389 108 56 cum
934 389 201 56 proposito
1088 389 217 56 commorandi
1258 389 108 56 cum
1320 389 139 56 illa,
1413 389 139 56 mutet
1506 389 217 56 propositum
1676 389 93 56 de
1722 389 217 56 conmorando
1892 389 170 56 propter
2016 389 217 56 propositum
2186 389 93 56 de
2217 389 62 56 re

509 431 193 68 ligionem
653 431 209 68 intrando:
814 431 161 68 melius
926 431 112 68 est
991 431 96 68 ei
1039 431 96 68 in
1087 431 128 68 tali
1167 431 128 68 casu
1247 431 144 68 primo
1344 431 161 68 ducere
1456 431 96 68 ad
1504 431 193 68 iplendum
1649 431 241 68 iuramentum,
1842 431 80 68 &
1874 431 209 68 postmodum
2034 431 193 68 intrare,
2179 431 96 68 vt
2211 431 64 68 di

516 485 94 73 cit
569 485 134 73 decre,
663 485 161 73 quaedam.
783 485 94 73 PER
837 485 94 73 iam
890 485 120 73 dicta
970 485 120 73 patet
1051 485 80 73 ad
1091 485 161 73 tertium.
1211 485 80 73 Et
1251 485 107 73 quod
1318 485 187 73 adiungitur
1465 485 80 73 in
1506 485 187 73 argumento,
1653 485 107 73 quod
1720 485 94 73 non
1773 485 94 73 est
1827 485 107 73 tale
1893 485 120 73 votum
1974 485 161 73 licitum:
2081 485 187 73 quodscilicet

505 542 102 63 est
564 542 102 63 cum
622 542 190 63 proposito
768 542 102 63 non
827 542 219 63 expgriendi:
1002 542 102 63 sed
1060 542 131 63 stati
1148 542 204 63 recedendi:
1308 542 117 63 nisi
1381 542 117 63 quia
1454 542 204 63 propositum
1615 542 88 63 de
1659 542 204 63 experiendo
1819 542 117 63 quod
1892 542 146 63 habuit
1995 542 161 63 tempore
2111 542 131 63 voti,
2184 542 88 63 cade

493 596 95 68 ret
548 596 95 68 sub
602 596 122 68 voto:
683 596 122 68 patet
765 596 81 68 ex
805 596 136 68 dictis
900 596 108 68 quod
968 596 136 68 falsum
1063 596 190 68 supponitur
1212 596 81 68 in
1253 596 217 68 antecedente.
1429 596 81 68 Si
1470 596 122 68 tamen
1551 596 122 68 esset
1633 596 136 68 verum,
1728 596 108 68 bene
1795 596 122 68 verum
1877 596 122 68 esset
1958 596 108 68 quod
2026 596 217 68 sequatretur:
2189 596 81 68 quem

500 654 170 66 admodum
623 654 123 66 quia
700 654 201 66 illicitum
854 654 108 66 est
916 654 216 66 iuramentum
1086 654 108 66 quo
1148 654 170 66 aliquis
1271 654 154 66 alicui
1379 654 201 66 promittit
1533 654 154 66 ducere
1641 654 108 66 eam
1703 654 93 66 in
1749 654 154 66 vxorem
1857 654 108 66 cum
1919 654 201 66 proposito
2073 654 154 66 statim
2166 654 108 66 dimit

498 707 132 70 tendi
586 707 103 70 eam
645 707 161 70 ductam:
762 707 117 70 ideo
836 707 103 70 sub
895 707 117 70 illo
968 707 191 70 iuramento
1115 707 132 70 cadit
1203 707 205 70 propositum
1364 707 88 70 de
1408 707 161 70 ducendo
1526 707 147 70 illam:
1628 707 103 70 ita
1687 707 117 70 quod
1760 707 103 70 per
1819 707 132 70 illud
1907 707 205 70 iuramentum
2069 707 191 70 obligatur
2215 707 88 70 ad

498 760 185 62 ducendum
637 760 154 62 illam,
745 760 77 62 &
776 760 93 62 ad
822 760 247 62 continuandum
1023 760 216 62 propositum
1193 760 93 62 de
1239 760 216 62 conmorando
1409 760 108 62 cum
1471 760 139 62 illa:
1563 760 124 62 nisi
1641 760 139 62 prius
1733 760 124 62 quam
1811 760 139 62 illam
1903 760 216 62 cognouerit
2073 760 154 62 mutare
2166 760 108 62 volue

498 825 105 59 rit
558 825 210 59 propositum
723 825 135 59 illud
814 825 90 59 in
859 825 210 59 propositum
1024 825 90 59 de
1069 825 180 59 intrando
1205 825 226 59 religionem.
1385 825 120 59 Quid
1460 825 135 59 tamen
1550 825 135 59 locum
1641 825 105 59 non
1701 825 135 59 habet
1791 825 90 59 in
1836 825 210 59 proposito,
2001 825 135 59 etiam
2092 825 210 59 supponendo

496 873 117 61 quod
570 873 132 61 votum
658 873 103 61 sit
716 873 191 61 illicitum
863 873 103 61 quo
922 873 117 61 quis
995 873 132 61 vouet
1083 873 88 61 se
1127 873 205 61 intraturum
1289 873 205 61 religionem
1450 873 103 61 cum
1509 873 191 61 proposito
1656 873 103 61 non
1714 873 205 61 experiendi
1876 873 147 61 illam:
1979 873 117 61 quid
2052 873 132 61 tamen
2140 873 88 61 ad
2169 873 103 61 prae-

495 927 118 63 sens
569 927 103 63 non
628 927 206 63 asserimus.
790 927 118 63 DIco
864 927 118 63 enim
938 927 118 63 quod
1011 927 103 63 non
1070 927 177 63 obstante
1203 927 118 63 quod
1277 927 118 63 tale
1351 927 206 63 propositum
1513 927 133 63 facit
1601 927 133 63 votum
1690 927 133 63 illud
1778 927 206 63 illicitum,
1941 927 206 63 propositum
2088 927 177 63 contrarium

494 986 140 59 tamen
588 986 109 59 non
650 986 140 59 cadit
744 986 109 59 sub
806 986 140 59 voto.
900 986 125 59 Quid
978 986 140 59 autem
1071 986 203 59 assumitur
1227 986 94 59 ad
1274 986 156 59 illius
1383 986 249 59 probationem:
1585 986 125 59 quod
1663 986 140 59 illud
1757 986 140 59 cadit
1850 986 109 59 sub
1913 986 125 59 voto
1990 986 109 59 aut
2053 986 203 59 iuramento
2193 986 78 59 si-

489 1035 97 61 ne
537 1035 114 61 quo
602 1035 146 61 votum
700 1035 114 61 aut
765 1035 227 61 iuramentum
943 1035 114 61 non
1008 1035 114 61 est
1073 1035 195 61 licitum:
1219 1035 130 61 Dico
1300 1035 130 61 quod
1381 1035 114 61 hoc
1446 1035 114 61 non
1511 1035 130 61 velt
1592 1035 146 61 verum
1689 1035 130 61 est.
1770 1035 97 61 AD
1819 1035 146 61 cuius
1916 1035 243 61 intellectum
2111 1035 195 61 sciendum

498 1095 126 59 est:
577 1095 126 59 quod
656 1095 142 59 votum
750 1095 126 59 siue
829 1095 220 59 iuramentum
1002 1095 110 59 non
1065 1095 110 59 est
1128 1095 173 59 licitum
1254 1095 126 59 sine
1333 1095 173 59 aliquo,
1459 1095 173 59 duplici
1585 1095 94 59 de
1632 1095 157 59 causa.
1742 1095 110 59 Vna
1805 1095 126 59 quia
1884 1095 142 59 illud
1979 1095 110 59 est
2026 1095 236 59 circunstantia

495 1148 78 66 &
527 1148 187 66 conditio
667 1148 109 66 qua
729 1148 109 66 sit
791 1148 171 66 licitum
916 1148 125 66 quod
994 1148 171 66 vouetur
1118 1148 109 66 aut
1180 1148 187 66 iuratur:
1320 1148 93 66 vt
1367 1148 140 66 causa
1461 1148 171 66 propter
1585 1148 125 66 quam
1663 1148 125 66 sic.
1741 1148 125 66 Alia
1819 1148 125 66 vero
1896 1148 187 66 decausa,
2037 1148 125 66 quia
2114 1148 140 66 illud
2192 1148 78 66 est

495 1197 185 69 conditio
634 1197 124 69 siue
711 1197 278 69 circunstantia,
943 1197 108 69 non
1004 1197 108 69 qua
1066 1197 108 69 sit
1128 1197 185 69 licitum,
1267 1197 93 69 vt
1313 1197 139 69 causa
1406 1197 170 69 propter
1530 1197 124 69 quam
1607 1197 124 69 sic,
1684 1197 108 69 sed
1746 1197 93 69 vt
1792 1197 124 69 sine
1869 1197 108 69 qua
1931 1197 108 69 non
1993 1197 232 69 tantummodo.
2178 1197 93 69 De
2209 1197 62 69 ge

496 1251 116 70 nere
569 1251 261 70 circunstantiae
787 1251 131 70 primo
874 1251 116 70 modo
946 1251 102 70 est
1004 1251 131 70 omnis
1091 1251 247 70 circunstantia
1295 1251 116 70 quae
1367 1251 174 70 secundum
1498 1251 203 70 praedictum
1657 1251 131 70 modum
1745 1251 102 70 est
1803 1251 189 70 contraria
1948 1251 131 70 actui
2035 1251 102 70 qui
2078 1251 189 70 promittitur

490 1307 109 68 sub
553 1307 125 68 voto
631 1307 125 68 siue
709 1307 219 68 iuramento:
881 1307 78 68 &
912 1307 109 68 hoc
974 1307 125 68 siue
1052 1307 109 68 sit
1115 1307 140 68 actui
1208 1307 203 68 contraria
1365 1307 172 68 ratione
1489 1307 125 68 sui,
1568 1307 125 68 siue
1646 1307 172 68 ratione
1770 1307 172 68 obiecti
1895 1307 140 68 circa
1989 1307 125 68 quod
2067 1307 125 68 est.
2145 1307 94 68 Et
2176 1307 94 68 ideo

494 1375 149 54 omnis
594 1375 282 54 circunstantia
826 1375 116 54 sic
893 1375 216 54 contraria
1059 1375 149 54 etiam
1158 1375 149 54 cadit
1258 1375 116 54 sub
1324 1375 133 54 voto
1407 1375 83 54 &
1440 1375 232 54 iuramento,
1623 1375 100 54 vt
1673 1375 149 54 patet
1772 1375 100 54 ex
1822 1375 249 54 declaratis.
2021 1375 100 54 De
2071 1375 166 54 genere
2170 1375 100 54 vero

491 1418 273 73 circunstantiae
718 1418 167 73 secundo
840 1418 121 73 modo
915 1418 106 73 est
976 1418 136 73 omnis
1067 1418 258 73 circunstantia
1279 1418 136 73 cuius
1370 1418 212 73 contrarium
1537 1418 106 73 non
1598 1418 243 73 contrariatur
1795 1418 136 73 actui
1886 1418 106 73 qui
1947 1418 227 73 promittitur
2129 1418 106 73 sub
2174 1418 91 73 voto

489 1484 112 59 aut
553 1484 176 59 iuramen
681 1484 112 59 to:
745 1484 160 59 qualis
858 1484 272 59 circunstantia
1082 1484 96 59 in
1130 1484 208 59 proposito
1290 1484 112 59 est
1354 1484 224 59 propositum
1531 1484 96 59 de
1579 1484 224 59 experiendo
1755 1484 96 59 vt
1803 1484 144 59 patet
1899 1484 96 59 ex
1947 1484 176 59 dictis.
2076 1484 96 59 Et
2124 1484 128 59 ideo
2188 1484 80 59 ta-

493 1522 111 72 lis
557 1522 270 72 circunstantia
779 1522 111 72 non
843 1522 143 72 cadit
938 1522 111 72 sub
1001 1522 127 72 voto
1081 1522 111 72 aut
1144 1522 222 72 iuramento:
1319 1522 111 72 sic
1383 1522 127 72 quod
1462 1522 111 72 sub
1526 1522 127 72 tali
1605 1522 270 72 circunstantia
1827 1522 111 72 aut
1891 1522 222 72 conditione
2066 1522 191 72 oporteat
2208 1522 95 72 ad

495 1576 173 74 implere
621 1576 142 74 votum
716 1576 110 74 vel
779 1576 237 74 iuramentum.
968 1576 95 74 Et
1016 1576 110 74 sic
1079 1576 158 74 vouens
1189 1576 173 74 intrare
1315 1576 221 74 religionem
1489 1576 110 74 cum
1552 1576 205 74 proposito
1709 1576 237 74 experiendi,
1899 1576 110 74 non
1962 1576 173 74 oportet
2088 1576 126 74 quod
2151 1576 126 74 intram

500 1637 93 67 do
547 1637 155 67 habeat
656 1637 217 67 propositum
826 1637 217 67 experiendi
997 1637 124 67 nisi
1074 1637 155 67 voueat
1183 1637 109 67 hoc
1245 1637 109 67 per
1307 1637 233 67 intentionem
1493 1637 248 67 specialiter.
1694 1637 93 67 et
1741 1637 109 67 sic
1803 1637 217 67 propositum
1973 1637 217 67 experiendi
2144 1637 109 67 non
2190 1637 78 67 est

499 1699 154 60 necesse
611 1699 112 60 quod
681 1699 126 60 cadat
766 1699 98 60 sub
822 1699 126 60 voto:
906 1699 126 60 licet
990 1699 112 60 fine
1061 1699 112 60 ipso
1131 1699 98 60 non
1187 1699 98 60 sit
1243 1699 154 60 licitum
1355 1699 140 60 votum:
1454 1699 84 60 si
1496 1699 126 60 tamen
1580 1699 112 60 sine
1650 1699 112 60 illo
1720 1699 98 60 non
1777 1699 98 60 sit
1833 1699 168 60 licitum:
1959 1699 84 60 vt
2001 1699 84 60 si
2043 1699 140 60 fieret
2142 1699 98 60 sub
2198 1699 98 60 pro

502 1751 161 64 posito
614 1751 225 64 contrario.
791 1751 193 64 Sufficit
935 1751 128 64 enim
1016 1751 96 64 vt
1064 1751 128 64 tale
1144 1751 225 64 propositum
1321 1751 112 64 sit
1385 1751 209 64 solummodo
1546 1751 177 64 annexum
1674 1751 128 64 illi
1754 1751 128 64 quod
1835 1751 144 64 cadit
1931 1751 112 64 sub
1995 1751 144 64 voto:
2091 1751 80 64 &
2124 1751 128 64 ideo
2188 1751 80 64 non

506 1797 168 72 oportet
628 1797 138 72 illud
720 1797 214 72 propositum
889 1797 168 72 saluari
1011 1797 92 72 in
1057 1797 184 72 implendo
1195 1797 138 72 votum
1287 1797 92 72 vt
1333 1797 199 72 liberetur
1486 1797 77 72 a
1517 1797 168 72 debito:
1639 1797 138 72 licet
1731 1797 168 72 oportet
1853 1797 123 72 quod
1930 1797 168 72 existat
2053 1797 107 72 cum
2099 1797 168 72 emitritur

509 1866 160 63 votum.
621 1866 240 63 Quemadmodum
813 1866 96 63 in
860 1866 208 63 emittendo
1020 1866 144 63 votum
1116 1866 176 63 oportet
1244 1866 128 63 quod
1324 1866 144 63 adsit
1419 1866 224 63 propositum
1595 1866 96 63 de
1643 1866 224 63 profitendo
1819 1866 176 63 tempore
1947 1866 192 63 congruo,
2090 1866 80 63 &
2106 1866 160 63 perseue-

503 1915 140 64 rando
597 1915 203 64 vlterius:
753 1915 125 64 quia
831 1915 125 64 fine
909 1915 125 64 tali
987 1915 203 64 proposito
1143 1915 109 64 non
1206 1915 172 64 valeret
1331 1915 140 64 votum
1424 1915 94 64 de
1471 1915 203 64 intrando,
1627 1915 140 64 sicut
1721 1915 109 64 nec
1783 1915 125 64 fine
1861 1915 203 64 proposito
2017 1915 94 64 de
2064 1915 234 64 experiendo:

511 1967 124 62 quia
589 1967 218 62 propositum
760 1967 218 62 profitendi
931 1967 78 62 &
963 1967 249 62 perseuerandi
1165 1967 93 62 in
1211 1967 202 62 religione
1367 1967 109 62 est
1429 1967 140 62 finis
1522 1967 187 62 intrandi
1662 1967 233 62 religionem.
1849 1967 93 62 Et
1896 1967 140 62 istud
1989 1967 156 62 primum
2098 1967 140 62 debet
2176 1967 93 62 esse

507 2016 90 66 in
552 2016 224 66 intentione:
731 2016 134 66 licet
820 2016 164 66 vltimum
940 2016 90 66 in
985 2016 224 66 executione:
1164 2016 90 66 vt
1208 2016 90 66 ad
1253 2016 119 66 quod
1328 2016 194 66 ordinatur
1477 2016 209 66 propositum
1641 2016 224 66 experiendi.
1820 2016 90 66 et
1865 2016 134 66 tamen
1955 2016 149 66 nuilus
2059 2016 164 66 diceret
2178 2016 119 66 quod

502 2082 217 64 propositum
672 2082 93 64 de
718 2082 217 64 profitendo
888 2082 155 64 semper
997 2082 170 64 oportet
1120 2082 232 64 conseruare:
1306 2082 201 64 similiter
1461 2082 77 64 &
1492 2082 93 64 de
1538 2082 263 64 perseuerando:
1755 2082 124 64 quia
1832 2082 201 64 similiter
1987 2082 108 64 nec
2048 2082 217 64 propositum
2203 2082 62 64 de

502 2130 216 69 experiendo:
675 2130 130 69 etiam
761 2130 87 69 si
805 2130 144 69 essent
906 2130 202 69 necessaria
1064 2130 87 69 ad
1108 2130 101 69 hoc
1165 2130 115 69 quod
1237 2130 130 69 votum
1324 2130 130 69 esset
1411 2130 173 69 licitum.
1541 2130 115 69 Quod
1613 2130 188 69 manifeste
1757 2130 130 69 patet
1844 2130 101 69 per
1901 2130 101 69 hoc
1959 2130 115 69 quod
2031 2130 87 69 si
2074 2130 159 69 aliquis
2190 2130 101 69 pro

498 2178 164 73 mittat
613 2178 115 73 sub
678 2178 132 73 fide
761 2178 99 73 et
810 2178 214 73 iuramento
974 2178 181 73 aliquam
1106 2178 164 73 ducere
1221 2178 99 73 in
1270 2178 164 73 vxorem
1385 2178 115 73 non
1451 2178 148 73 valet
1550 2178 214 73 promissio
1714 2178 132 73 nisi
1796 2178 164 73 habeat
1911 2178 230 73 propositum
2076 2178 197 73 conmorandi

507 2239 110 69 cum
570 2239 110 69 ea,
633 2239 79 69 &
665 2239 110 69 eam
727 2239 220 69 carnaliter
901 2239 252 69 cognoscendi.
1105 2239 94 69 Et
1152 2239 126 69 hoc,
1231 2239 126 69 quia
1309 2239 126 69 nisi
1388 2239 142 69 aliud
1483 2239 236 69 superueniat
1671 2239 189 69 conditio
1813 2239 157 69 vxoris
1923 2239 189 69 requirit
2065 2239 126 69 quod
2143 2239 110 69 vir
2190 2239 79 69 con

506 2300 163 59 moretur
625 2300 104 59 cum
684 2300 104 59 ea.
743 2300 119 59 Tnde
818 2300 89 59 si
862 2300 163 59 interim
981 2300 133 59 velit
1070 2300 163 59 intrare
1188 2300 222 59 religionem:
1366 2300 178 59 consulit
1500 2300 163 59 quaedam
1618 2300 208 59 decretauls
1782 2300 119 59 quod
1856 2300 133 59 prius
1945 2300 193 59 contrahat
2093 2300 104 59 cum
2152 2300 133 59 illa:
2227 2300 44 59 &

510 2356 124 62 tunc
588 2356 140 62 demum
681 2356 155 62 intret
790 2356 233 62 religionem:
977 2356 78 62 &
1008 2356 171 62 constat
1132 2356 124 62 quod
1210 2356 124 62 iste
1288 2356 109 62 non
1350 2356 202 62 contrahit
1505 2356 109 62 cum
1567 2356 124 62 illa
1645 2356 109 62 cum
1707 2356 202 62 proposito
1863 2356 218 62 commorandi
2034 2356 109 62 cum
2096 2356 140 62 illa,
2189 2356 78 62 &
2205 2356 62 62 co

514 2403 202 67 gnoscendi
670 2403 140 67 illam
763 2403 233 67 carnaliter,
949 2403 140 67 quale
1042 2403 140 67 tamen
1135 2403 217 67 propositum
1305 2403 93 67 ab
1352 2403 155 67 initio
1461 2403 171 67 habuit:
1585 2403 78 67 &
1616 2403 155 67 habere
1724 2403 171 67 debuit.
1848 2403 109 67 SED
1910 2403 140 67 dicet
2003 2403 171 67 aliquis
2127 2403 124 67 quod
2189 2403 78 67 non

506 2450 114 77 est
571 2450 180 77 simile:
702 2450 131 77 quia
784 2450 131 77 iste
865 2450 164 77 iurans
980 2450 164 77 ducere
1094 2450 164 77 vxorem
1209 2450 114 77 sub
1274 2450 213 77 proposito
1438 2450 229 77 commorandi
1618 2450 196 77 cumilla,
1765 2450 114 77 non
1830 2450 164 77 soluit
1945 2450 229 77 iuramentum
2125 2450 131 77 nisi
2190 2450 82 77 mu-

502 2513 144 65 tando
598 2513 144 65 illud
694 2513 96 65 in
743 2513 176 65 melius:
871 2513 128 65 ille
951 2513 144 65 autem
1047 2513 112 65 non
1111 2513 144 65 mutat
1208 2513 96 65 in
1256 2513 160 65 melius
1368 2513 112 65 sed
1432 2513 160 65 potius
1544 2513 96 65 in
1592 2513 160 65 peius.
1705 2513 128 65 Dico
1785 2513 128 65 quod
1865 2513 144 65 licet
1961 2513 112 65 non
2025 2513 112 65 sit
2090 2513 160 65 simile
2202 2513 96 65 in

510 2566 191 68 speciali
653 2566 112 68 quo
717 2566 96 68 ad
765 2566 112 68 hoc
829 2566 127 68 quod
908 2566 143 68 illud
1004 2566 112 68 non
1068 2566 159 68 potest
1179 2566 159 68 mutari
1291 2566 127 68 nisi
1371 2566 175 68 mutetur
1498 2566 96 68 in
1546 2566 175 68 melius:
1673 2566 112 68 est
1737 2566 143 68 tamen
1833 2566 159 68 simile
1944 2566 96 68 in
1992 2566 191 68 generali
2136 2566 112 68 quo
2199 2566 96 68 ad

511 2622 110 66 hoc
574 2622 125 66 quod
652 2622 204 66 promissum
809 2622 110 66 sub
872 2622 157 66 aliquo
981 2622 204 66 proposito
1138 2622 110 66 non
1201 2622 172 66 oporter
1326 2622 157 66 semper
1436 2622 172 66 soluere
1561 2622 110 66 sub
1624 2622 157 66 eodem:
1733 2622 188 66 secundum
1874 2622 125 66 quod
1953 2622 94 66 in
2000 2622 204 66 proposito
2141 2622 125 66 potest

508 2677 148 70 solui
606 2677 148 70 votum
705 2677 115 70 non
771 2677 181 70 mutando
903 2677 231 70 propositum
1085 2677 99 70 in
1134 2677 181 70 melius,
1266 2677 115 70 sed
1332 2677 99 70 in
1382 2677 231 70 contrarium
1563 2677 115 70 vel
1629 2677 99 70 in
1678 2677 214 70 deterius:
1843 2677 115 70 ibi
1909 2677 148 70 autem
2008 2677 115 70 non
2074 2677 115 70 hoc
2124 2677 148 70 contin-

502 2731 135 74 git:
587 2731 135 74 quia
671 2731 152 74 illud
773 2731 237 74 propositum
959 2731 119 74 est
1027 2731 152 74 causa
1129 2731 186 74 propter
1264 2731 135 74 quam
1349 2731 186 74 licitum
1484 2731 119 74 est
1552 2731 237 74 iuramentum
1738 2731 169 74 illud:
1857 2731 119 74 hic
1924 2731 152 74 autem
2026 2731 220 74 solummodo
2178 2731 85 74 est

514 2787 155 60 causa
617 2787 138 60 sine
703 2787 121 60 qua
772 2787 121 60 non
841 2787 121 60 est
910 2787 207 60 licitum,
1065 2787 103 60 vt
1116 2787 155 60 patet
1220 2787 103 60 ex
1254 2787 155 60 dictis.

827 2837 132 59 Irca
909 2837 198 59 Septimum
1057 2837 214 59 arguitur:
1222 2837 132 59 quod
1304 2837 115 59 non
1370 2837 148 59 licet
1469 2837 214 59 ecclesiae
1633 2837 132 59 dare
1716 2837 165 59 certam
1831 2837 165 59 summam
1946 2837 198 59 pecuniae
2094 2837 99 59 ad
2127 2837 132 59 terras

844 2896 179 63 emendas
974 2896 98 63 vt
1023 2896 146 63 detur
1120 2896 130 63 illi
1202 2896 146 63 certa
1299 2896 146 63 summa
1397 2896 195 63 pecuniae
1543 2896 211 63 reddituum
1706 2896 98 63 ad
1755 2896 146 63 vitam
1852 2896 146 63 suam:
1950 2896 130 63 quia
2031 2896 114 63 non
2096 2896 146 63 licet
2178 2896 81 63 eme

861 2947 76 66 e
891 2947 182 66 redditus
1028 2947 91 66 ad
1073 2947 152 66 vitam.
1179 2947 91 66 IN
1225 2947 212 66 contrarium
1391 2947 106 66 est
1452 2947 227 66 consuetudo.
1634 2947 121 66 Dico
1709 2947 121 66 quod
1785 2947 121 66 bene
1861 2947 182 66 licitum:
1997 2947 91 66 st
2043 2947 121 66 quod
2119 2947 167 66 quisque

854 3000 216 69 haereditatem
1030 3000 108 69 suam
1098 3000 176 69 precariae
1233 3000 95 69 det
1287 3000 176 69 ecclesiae
1422 3000 162 69 secundum
1544 3000 108 69 quod
1612 3000 135 69 dictat
1707 3000 189 69 concilium:
1855 3000 95 69 sic
1909 3000 149 69 dicens.
2018 3000 81 69 x.
2058 3000 108 69 qui.
2126 3000 95 69 ii.
2166 3000 95 69 Preca

842 3058 121 56 riae
918 3058 76 56 a
948 3058 151 56 nemine
1054 3058 91 56 de
1099 3058 136 56 rebus
1190 3058 182 56 ecclesia
1326 3058 151 56 sticis
1432 3058 136 56 fieri
1523 3058 242 56 praesumantur
1720 3058 121 56 nisi
1796 3058 167 56 quantum
1917 3058 91 56 de
1962 3058 212 56 quantitate
2129 3058 136 56 datur
2204 3058 61 56 ex

838 3108 177 72 proprio,
971 3108 148 72 duplum
1074 3108 192 72 accipiant
1222 3108 89 72 de
1266 3108 133 72 rebus
1355 3108 192 72 ecclesiae
1502 3108 89 72 in
1547 3108 103 72 suo
1606 3108 148 72 tantum
1709 3108 103 72 qui
1768 3108 177 72 dederunt
1901 3108 162 72 nomine:
2019 3108 89 72 si
2063 3108 118 72 res,
2122 3108 148 72 proprias

826 3167 80 84 &
858 3167 289 84 ecclesiasticas
1099 3167 225 84 fructuario
1276 3167 112 84 vsu
1340 3167 161 84 tenere
1452 3167 209 84 voluerit.
1613 3167 96 84 Si
1661 3167 145 84 autem
1757 3167 128 84 res,
1837 3167 193 84 proprias
1982 3167 96 84 ad
2030 3167 193 84 praesens
2159 3167 112 84 dimi
