2440 3812
149 282 176 101 serint,
277 282 96 101 ex
325 282 144 101 rebus
421 282 208 101 ecclesiae
582 282 176 101 triplum
710 282 224 101 fructuario
886 282 112 101 vsu
950 282 96 101 in
998 282 112 101 suo
1063 282 160 101 tantum
1175 282 176 101 quisque
1303 282 160 101 nomine
1415 282 160 101 sumat.
1527 282 112 101 vbi
1591 282 144 101 dicit
1688 282 144 101 Glos.
1768 282 176 101 Precariae

154 362 100 81 hic
211 362 171 81 dicuntur
339 362 156 81 quaedam
452 362 242 81 praestationes
651 362 114 81 vsus
722 362 128 81 rerum
808 362 85 81 in
850 362 270 81 recompensatione
1078 362 114 81 eius
1149 362 227 81 proprietatis
1334 362 114 81 quae
1405 362 128 81 datur
1490 362 185 81 ecclesiae
1632 362 156 81 duplum.
1746 362 128 81 Glos.
1817 362 128 81 videtur

157 420 247 73 contradicere
358 420 139 73 supra
450 420 155 73 eodem.
559 420 93 73 Si
605 420 217 73 oeconomus.
775 420 108 73 vbi
837 420 170 73 dicitur
961 420 124 73 quod
1038 420 201 73 tantundem
1193 420 139 73 debet
1285 420 139 73 dari.
1378 420 108 73 sed
1440 420 108 73 lex
1502 420 124 73 illa
1579 420 201 73 benignior
1734 420 108 73 est
1796 420 170 73 canone.

157 481 93 61 Si
203 481 139 61 autem
296 481 108 61 sic
357 481 139 61 licet
450 481 185 61 quemquam
589 481 247 61 haereditatem
790 481 124 61 suam
867 481 124 61 dare
944 481 216 61 ecclesiae:
1114 481 77 61 &
1145 481 139 61 illam
1238 481 216 61 fructuario
1408 481 108 61 vsu
1470 481 185 61 retinere
1609 481 93 61 ad
1655 481 139 61 vitam
1748 481 139 61 suam:
1840 481 77 61 &
1856 481 77 61 cum

161 525 114 76 hoc
226 525 163 76 duplum
340 525 98 76 de
389 525 147 76 rebus
486 525 228 76 ecclesiae,
666 525 114 76 aut
731 525 195 76 triplum,
877 525 114 76 aut
942 525 228 76 tantundem:
1122 525 147 76 multo
1219 525 179 76 fortius
1350 525 147 76 licet
1447 525 114 76 rem
1513 525 130 76 suam
1594 525 130 76 quam
1675 525 147 76 dedit
1757 525 179 76 ecclesiae

157 577 118 76 vsu
225 577 237 76 fructuario
411 577 220 76 retinere,
579 577 118 76 aut
647 577 118 76 eam
715 577 101 76 ad
765 577 203 76 praesens
917 577 237 76 dimittere:
1103 577 84 76 &
1137 577 101 76 in
1188 577 101 76 ea
1238 577 237 76 vsufructum
1424 577 186 76 quantum
1559 577 152 76 valet
1661 577 220 76 retinere:
1813 577 118 76 eccle

160 628 114 83 sia
225 628 130 83 quae
306 628 146 83 illam
404 628 260 83 haereditatem
615 628 179 83 recipit
745 628 98 83 se
794 628 81 83 &
826 628 114 83 sua
891 628 211 83 obligante
1054 628 98 83 ad
1102 628 211 83 tantundem
1265 628 98 83 ei
1314 628 195 83 annuatim
1460 628 228 83 soluendum.
1639 628 130 83 Quia
1720 628 130 83 ergo
1785 628 146 83 perinde

158 683 119 85 est
226 683 204 85 pecuniam
379 683 136 85 dare
463 683 221 85 ecclesiae
633 683 102 85 ad
684 683 170 85 terras
803 683 85 85 &
836 683 271 85 possessiones
1057 683 136 85 siue
1142 683 271 85 haereditates
1362 683 187 85 emendas
1498 683 102 85 vt
1549 683 153 85 detur
1651 683 153 85 certa
1752 683 153 85 summa
1837 683 102 85 pecu

151 738 153 78 niae,
253 738 136 78 siue
338 738 204 78 redditus
490 738 102 78 ad
541 738 170 78 vitam:
660 738 85 78 &
694 738 136 78 dare
779 738 271 78 haereditatem
999 738 136 78 quam
1084 738 136 78 modo
1169 738 136 78 quis
1254 738 204 78 possidet
1406 738 85 78 &
1440 738 187 78 seruare
1576 738 102 78 in
1627 738 237 78 vsufructum
1796 738 136 78 certam

154 788 158 85 summam
265 788 190 85 pecuniae
407 788 126 85 siue
486 788 190 85 redditus
628 788 95 85 ad
675 788 142 85 vitam
770 788 95 85 ab
818 788 190 85 ecclesia
960 788 237 85 accipiendi:
1149 788 126 85 Dico
1228 788 126 85 quod
1307 788 126 85 bene
1386 788 142 85 licet
1481 788 126 85 dare
1560 788 205 85 ecclesiae
1718 788 111 85 &c.
1781 788 190 85 secundum

155 845 122 79 quod
231 845 138 79 tenet
323 845 214 79 consuetudo
491 845 214 79 ecclesiae,
659 845 92 79 vt
705 845 138 79 dicit
797 845 168 79 secunda
919 845 153 79 ratio.
1027 845 92 79 AD
1072 845 153 79 primam
1180 845 122 79 quae
1256 845 107 79 est
1317 845 92 79 in
1363 845 214 79 oppositum:
1531 845 122 79 quod
1608 845 107 79 non
1669 845 138 79 licet
1761 845 138 79 emere
1853 845 107 79 red

159 897 148 84 ditus
257 897 98 84 ad
306 897 164 84 vitam:
421 897 131 84 Dico
503 897 131 84 quod
585 897 197 84 redditus
733 897 98 84 ad
782 897 148 84 vitam
880 897 230 84 dupliciter
1061 897 180 84 possunt
1192 897 197 84 acquiri.
1340 897 115 84 Vno
1405 897 131 84 modo
1487 897 98 84 ex
1536 897 131 84 iure
1618 897 131 84 sibi
1700 897 180 84 debito.
1832 897 82 84 &
1848 897 82 84 hoc

160 955 115 78 vel
225 955 230 78 reseruando
406 955 132 78 sibi
488 955 230 78 vsufructum
669 955 99 78 ad
718 955 148 78 vitam
817 955 132 78 suam
899 955 115 78 pro
965 955 263 78 haereditate,
1179 955 82 78 &
1212 955 115 78 pro
1277 955 132 78 ipso
1360 955 214 78 vsufructu
1524 955 230 78 accipiendo
1705 955 164 78 certam
1803 955 132 78 summam

166 1008 188 78 pecuniae
308 1008 94 78 ab
355 1008 126 78 illo
433 1008 94 78 in
480 1008 126 78 quem
559 1008 204 78 translata
716 1008 110 78 est
778 1008 235 78 haereditas:
967 1008 110 78 vel
1030 1008 94 78 ex
1077 1008 157 78 aliquo
1187 1008 126 78 alio
1265 1008 141 78 iusto
1359 1008 173 78 titulo:
1485 1008 126 78 quod
1563 1008 126 78 bene
1642 1008 157 78 licet,
1752 1008 94 78 vt
1799 1008 141 78 patet
1877 1008 63 78 ex

162 1064 105 75 iam
222 1064 150 75 dictis
327 1064 90 75 in
373 1064 120 75 illo
448 1064 105 75 qui
508 1064 120 75 sibi
583 1064 105 75 ius
643 1064 90 75 in
688 1064 226 75 haereditate
869 1064 105 75 sua
929 1064 226 75 reseruauit.
1110 1064 120 75 lste
1185 1064 120 75 enim
1260 1064 105 75 non
1320 1064 135 75 solum
1411 1064 135 75 habet
1501 1064 181 75 redditus
1636 1064 90 75 ad
1681 1064 135 75 vitam
1772 1064 135 75 suam:
1862 1064 105 75 sed

157 1128 137 66 etiam
248 1128 137 66 habet
339 1128 106 66 ius
400 1128 228 66 percipiendi
583 1128 137 66 illos
674 1128 198 66 redditus:
826 1128 122 66 quia
902 1128 91 66 de
948 1128 106 66 suo
1008 1128 122 66 sibi
1084 1128 198 66 reseruato
1236 1128 137 66 habet
1328 1128 152 66 illos,
1434 1128 122 66 quae
1510 1128 122 66 ambo
1586 1128 243 66 continentur:
1784 1128 91 66 in
1814 1128 122 66 vsufru

164 1167 122 86 ctu.
240 1167 184 86 Vlterius
378 1167 138 86 autem
470 1167 122 86 quod
546 1167 122 86 iste
623 1167 138 86 habet
714 1167 92 86 in
760 1167 199 86 vsufructu
913 1167 107 86 que
974 1167 184 86 scilicet
1112 1167 229 86 reseruauit:
1296 1167 76 86 &
1326 1167 107 86 quo
1387 1167 92 86 ad
1433 1167 199 86 redditus,
1586 1167 76 86 &
1617 1167 107 86 quo
1678 1167 92 86 ad
1724 1167 107 86 ius
1770 1167 168 86 percipiem

158 1217 107 85 di
212 1217 233 85 redditus:
391 1217 143 85 bene
480 1217 179 85 potest
605 1217 179 85 alteri
731 1217 215 85 vendere:
892 1217 125 85 qui
963 1217 143 85 ipso
1053 1217 215 85 vendente
1214 1217 143 85 vera
1303 1217 215 85 emptione
1464 1217 143 85 emit
1553 1217 215 85 redditus
1714 1217 107 85 ad
1768 1217 161 85 vitam
1858 1217 89 85 vel

171 1282 149 79 ipsius
275 1282 104 79 qui
335 1282 163 79 vendit:
453 1282 104 79 vel
513 1282 89 79 si
557 1282 193 79 placuerit
706 1282 74 79 &
736 1282 193 79 expediens
884 1282 74 79 &
914 1282 223 79 rationabile
1092 1282 193 79 videbitur
1241 1282 163 79 tenenti
1360 1282 253 79 haereditatem,
1568 1282 89 79 ad
1612 1282 134 79 vitam
1701 1282 149 79 illius
1805 1282 104 79 qui
1850 1282 89 79 emit

165 1327 222 80 commutando
340 1327 143 80 vitam
435 1327 95 80 in
483 1327 159 80 vitam:
594 1327 111 80 sed
657 1327 111 80 non
721 1327 127 80 emit
800 1327 143 80 solos
896 1327 206 80 redditus,
1055 1327 111 80 sed
1118 1327 127 80 emit
1198 1327 143 80 etiam
1293 1327 111 80 ius
1356 1327 127 80 quod
1436 1327 127 80 ille
1515 1327 159 80 habuit
1626 1327 79 80 &
1658 1327 191 80 retinuit
1801 1327 127 80 sibi
1880 1327 95 80 in

167 1382 261 78 haereditate
375 1382 139 78 quam
462 1382 104 78 ab
515 1382 174 78 initio
636 1382 174 78 dedit:
758 1382 139 78 sine
845 1382 122 78 quo
915 1382 139 78 iure
1002 1382 157 78 empto
1106 1382 209 78 redditus
1263 1382 122 78 emi
1332 1382 104 78 ad
1384 1382 157 78 vitam
1489 1382 244 78 nullatenus
1680 1382 139 78 (uvt
1767 1382 157 78 puto)
1854 1382 87 78 pos

167 1435 138 84 sent.
259 1435 92 84 Et
305 1435 92 84 ex
351 1435 107 84 hoc
412 1435 169 84 perinde
535 1435 107 84 est
596 1435 92 84 in
642 1435 123 84 tali
719 1435 153 84 emente
826 1435 92 84 ac
872 1435 92 84 si
918 1435 123 84 ipse
995 1435 92 84 ab
1041 1435 153 84 initio
1148 1435 245 84 haereditatem
1348 1435 138 84 illam
1440 1435 184 84 dedisset
1578 1435 215 84 ecclesiae,
1747 1435 77 84 &
1777 1435 123 84 sibi
1839 1435 107 84 reser

173 1498 172 68 uasset
293 1498 241 68 vsufructum
483 1498 103 68 ad
535 1498 172 68 certam
656 1498 172 68 summam
776 1498 207 68 pecuniae
932 1498 224 68 annuatim:
1104 1498 155 68 sicut
1207 1498 155 68 fecit
1311 1498 138 68 ille
1397 1498 86 68 a
1432 1498 121 68 quo
1501 1498 138 68 ipse
1587 1498 207 68 redditus
1742 1498 155 68 illos
1828 1498 121 68 emit.

168 1547 92 82 Et
214 1547 139 82 sicut
306 1547 92 82 in
353 1547 170 82 talibus
476 1547 108 82 est
537 1547 92 82 de
584 1547 216 82 redditibus
753 1547 92 82 ad
799 1547 154 82 vitam:
907 1547 108 82 sic
969 1547 108 82 est
1031 1547 92 82 de
1077 1547 216 82 redditibus
1246 1547 216 82 perpetuis.
1416 1547 139 82 Sicut
1508 1547 123 82 enim
1586 1547 154 82 potest
1693 1547 170 82 aliquis
1801 1547 139 82 haeredi

168 1608 146 74 tatem
265 1608 130 74 suam
346 1608 130 74 dare
427 1608 211 74 ecclesiae
589 1608 81 74 &
621 1608 211 74 reseruare
783 1608 130 74 sibi
864 1608 178 74 aliquam
994 1608 211 74 portionem
1156 1608 194 74 redditus
1302 1608 97 74 ad
1351 1608 146 74 vitam
1448 1608 130 74 sibi
1529 1608 194 74 tradendi
1675 1608 97 74 ab
1723 1608 211 74 ecclesia:
1869 1608 81 74 sic

178 1651 123 88 pont
255 1651 123 88 sibi
332 1651 201 88 reseruare
486 1651 170 88 aliquam
610 1651 201 88 portionem
764 1651 93 88 in
810 1651 216 88 redditibus
980 1651 201 88 perpetuis
1134 1651 201 88 reddendis
1289 1651 93 88 ab
1335 1651 201 88 ecclesia:
1489 1651 139 88 licet
1582 1651 139 88 forte
1674 1651 170 88 minorem
1798 1651 123 88 quam
1859 1651 93 88 sibi

169 1706 178 75 reseruat
302 1706 89 75 ad
347 1706 148 75 vitam.
451 1706 133 75 Quare
539 1706 74 75 &
569 1706 133 75 eadem
658 1706 163 75 ratione
776 1706 118 75 quae
850 1706 133 75 prius
939 1706 148 75 potest
1043 1706 118 75 iste
1117 1706 74 75 &
1146 1706 178 75 redditus
1280 1706 74 75 &
1309 1706 104 75 ius
1369 1706 222 75 percipiendi
1546 1706 133 75 illos
1635 1706 148 75 alteri
1739 1706 178 75 vendere:
1872 1706 74 75 &
1887 1706 59 75 il

169 1771 93 65 le
215 1771 124 65 pont
292 1771 186 65 vtrumque
432 1771 155 65 licite
540 1771 155 65 emere:
649 1771 93 65 vt
695 1771 186 65 secundum
835 1771 108 65 hoc
897 1771 93 65 eo
943 1771 124 65 modo
1021 1771 108 65 quo
1082 1771 139 65 licet
1175 1771 139 65 emere
1268 1771 186 65 redditus
1408 1771 93 65 ad
1454 1771 139 65 vitam
1547 1771 93 65 sm
1594 1771 108 65 iam
1656 1771 155 65 dictum
1764 1771 155 65 modum,
1857 1771 93 65 esnt

178 1814 139 83 licet
270 1814 139 83 emere
363 1814 186 83 redditus
503 1814 217 83 perpetuos.
673 1814 93 83 Et
720 1814 139 83 sicut
813 1814 170 83 licitum
937 1814 108 83 est
999 1814 201 83 acquirere
1153 1814 186 83 redditus
1293 1814 93 83 ad
1339 1814 139 83 vitam
1432 1814 77 83 &
1463 1814 201 83 perpetuos
1618 1814 93 83 vt
1665 1814 93 83 ex
1711 1814 124 83 iure
1789 1814 124 83 sibi
1851 1814 108 83 debi-

182 1872 86 80 to
225 1872 86 80 ex
268 1872 230 80 reseruatione
455 1872 101 80 pro
512 1872 158 80 propria
628 1872 216 80 haereditate
800 1872 173 80 secundum
930 1872 101 80 iam
987 1872 144 80 dictum
1088 1872 144 80 modum:
1189 1872 230 80 consimiliter
1376 1872 129 80 licet
1462 1872 187 80 acquirere
1606 1872 173 80 redditus
1735 1872 86 80 ad
1778 1872 129 80 vitam
1865 1872 72 80 &
1879 1872 72 80 est

187 1924 199 87 perpetuos
340 1924 92 87 ex
386 1924 123 87 iure
463 1924 123 87 sibi
540 1924 153 87 debito
647 1924 123 87 alio
724 1924 138 87 iusto
816 1924 169 87 titulo.
938 1924 138 87 lusto
1030 1924 123 87 puta
1107 1924 107 87 pro
1169 1924 153 87 debito
1276 1924 123 87 iure
1353 1924 184 87 seruitii
1491 1924 184 87 impensi:
1629 1924 107 87 vel
1690 1924 123 87 pure
1752 1924 199 87 liberaliter

178 1980 118 87 puta
252 1980 103 87 rex
311 1980 147 87 potest
414 1980 118 87 dare
487 1980 147 87 alicui
590 1980 103 87 pro
649 1980 177 87 seruitio
782 1980 88 87 ei
826 1980 162 87 impenso
944 1980 103 87 vel
1002 1980 118 87 pure
1076 1980 235 87 liberaliter.
1267 1980 88 87 x.
1311 1980 147 87 libras
1414 1980 132 87 supra
1503 1980 235 87 castelletum:
1694 1980 118 87 quam
1768 1980 118 87 sibi
1841 1980 88 87 de
1871 1980 88 87 iure

176 2040 206 73 competunt:
338 2040 103 73 vel
397 2040 103 73 est
456 2040 147 73 potest
559 2040 206 73 tantundem,
721 2040 103 73 vel
780 2040 133 73 pilus
869 2040 103 73 aut
928 2040 133 73 minus
1016 2040 147 73 alicui
1119 2040 118 73 dare
1193 2040 88 73 de
1237 2040 133 73 bursa
1325 2040 103 73 sua
1384 2040 236 73 recipiendum:
1576 2040 103 73 vel
1635 2040 88 73 ad
1679 2040 133 73 vitam
1767 2040 103 73 vel
1826 2040 88 73 ad
1856 2040 103 73 perpe

177 2082 141 84 tuum,
272 2082 94 84 ad
319 2082 110 84 hoc
382 2082 173 84 solummo
507 2082 204 84 obligando
664 2082 141 84 sicut
759 2082 94 84 ad
806 2082 204 84 seruitium
963 2082 189 84 personam
1104 2082 126 84 suam
1183 2082 79 84 &
1214 2082 189 84 personas
1356 2082 236 84 successorum
1544 2082 173 84 suorum,
1670 2082 79 84 &
1702 2082 141 84 omnia
1796 2082 126 84 bona
1859 2082 94 84 sua,

175 2136 75 87 &
205 2136 165 87 illorum
325 2136 165 87 mobilia
445 2136 75 87 &
475 2136 195 87 immobilia
625 2136 120 87 nunc
700 2136 210 87 existentia
865 2136 75 87 &
895 2136 90 87 in
940 2136 165 87 futurum
1060 2136 225 87 prouentura:
1239 2136 105 87 vel
1299 2136 150 87 partem
1404 2136 180 87 illorum:
1539 2136 120 87 quae
1614 2136 135 87 etiam
1704 2136 150 87 posset
1794 2136 165 87 consimili

180 2191 133 82 modo
263 2191 199 82 vendere.
413 2191 83 82 &
446 2191 116 82 sic
513 2191 150 82 dando
613 2191 150 82 talia
712 2191 116 82 non
779 2191 116 82 dat
845 2191 199 82 pecuniam
995 2191 283 82 principaliter
1228 2191 133 82 quae
1311 2191 116 82 est
1377 2191 116 82 res
1444 2191 183 82 quaedam
1577 2191 249 82 corporalis,
1776 2191 116 82 sed
1826 2191 133 82 potius

180 2246 110 75 ius
243 2246 235 75 percipiendi
431 2246 188 75 pecuniam
572 2246 125 75 quod
650 2246 110 75 est
713 2246 110 75 res
775 2246 266 75 incorporalis:
994 2246 172 75 fundata
1119 2246 141 75 tamen
1213 2246 141 75 super
1307 2246 110 75 rem
1370 2246 219 75 corporalem
1542 2246 203 75 obligatam
1699 2246 78 75 &
1730 2246 203 75 ordinatam
1886 2246 94 75 ad

176 2299 112 82 rem
240 2299 224 82 corporalem
416 2299 256 82 percipiendam
624 2299 176 82 ratione
752 2299 160 82 illius
864 2299 144 82 iuris
960 2299 80 82 a
992 2299 96 82 re
1040 2299 208 82 corporali
1199 2299 192 82 obligata
1343 2299 112 82 pro
1407 2299 144 82 illo:
1503 2299 80 82 &
1535 2299 192 82 vendendo
1679 2299 144 82 talia
1775 2299 112 82 non
1823 2299 128 82 vendit

185 2355 197 83 pecuniam
332 2355 295 83 principaliter,
578 2355 115 83 sed
643 2355 164 83 potius
758 2355 115 83 ius
824 2355 246 83 percipiendi
1020 2355 213 83 pecuniam.
1184 2355 98 83 In
1233 2355 115 83 qua
1299 2355 229 83 venditione
1479 2355 147 83 nulla
1577 2355 115 83 sit
1643 2355 229 83 translatio
1823 2355 115 83 rei
1872 2355 82 83 cor

179 2407 183 82 poralis
312 2407 83 82 a
345 2407 199 82 vendente
495 2407 100 82 in
545 2407 199 82 ementem:
694 2407 116 82 est
761 2407 149 82 tamen
860 2407 100 82 in
910 2407 100 82 ea
960 2407 232 82 translatio
1142 2407 83 82 a
1176 2407 199 82 vendente
1325 2407 100 82 in
1375 2407 183 82 ementem
1508 2407 116 82 rei
1574 2407 266 82 incorporalis
1790 2407 199 82 fundatae

185 2458 148 85 super
283 2458 115 85 rem
349 2458 231 85 corporalem
531 2458 132 85 puta
613 2458 148 85 super
712 2458 198 85 personam
861 2458 148 85 regis
960 2458 82 85 &
993 2458 247 85 successorum
1190 2458 148 85 eius:
1289 2458 115 85 aut
1355 2458 264 85 haereditatem
1570 2458 181 85 aliquam
1702 2458 181 85 illius:
1834 2458 82 85 &
1850 2458 99 85 ordi

178 2530 142 55 natae
273 2530 95 55 ad
320 2530 253 55 percipiendum
526 2530 142 55 aliam
621 2530 111 55 rem
684 2530 221 55 corporalem
858 2530 126 55 puta
937 2530 205 55 pecuniam:
1095 2530 95 55 ad
1142 2530 142 55 cuius
1237 2530 221 55 solutionem
1411 2530 221 55 obligantur
1585 2530 190 55 personae
1727 2530 142 55 regum
1822 2530 111 55 aut
1869 2530 95 55 bona

181 2566 181 88 ipsorum.
317 2566 181 88 Vlterius
453 2566 136 88 autem
543 2566 121 88 ille
619 2566 106 88 cui
679 2566 136 88 datum
770 2566 106 88 est
830 2566 121 88 tale
905 2566 106 88 ius
966 2566 75 88 a
996 2566 121 88 rege
1071 2566 106 88 seu
1132 2566 181 88 venditum
1268 2566 106 88 aut
1328 2566 75 88 a
1358 2566 196 88 quocumque
1509 2566 136 88 alio,
1600 2566 151 88 potest
1705 2566 136 88 illud
1796 2566 106 88 ius
1856 2566 136 88 datum

184 2622 114 78 vel
249 2622 163 78 emptum
363 2622 163 78 alteri
477 2622 131 78 dare
559 2622 114 78 vel
624 2622 196 78 vendere:
771 2622 196 78 scilicet
918 2622 196 78 secundum
1065 2622 228 78 praedictum
1244 2622 163 78 modum.
1358 2622 131 78 Alio
1440 2622 147 78 autem
1538 2622 131 78 modo
1619 2622 179 78 possunt
1750 2622 179 78 acquiri
1864 2622 98 78 red-

189 2680 148 79 ditus
287 2680 99 79 ad
337 2680 148 79 vitam
436 2680 115 79 non
502 2680 132 79 sibi
584 2680 231 79 reseruando
766 2680 115 79 ius
832 2680 99 79 in
881 2680 264 79 haereditate,
1095 2680 198 79 propria:
1244 2680 132 79 quam
1326 2680 115 79 aut
1392 2680 165 79 libere
1508 2680 198 79 contulit
1656 2680 115 79 aut
1722 2680 214 79 vendidit:
1871 2680 82 79 nec

188 2725 166 89 emendo
305 2725 149 89 ipsos
404 2725 116 89 cum
471 2725 133 89 iure
553 2725 133 89 illo
636 2725 133 89 quid
719 2725 166 89 habuit
836 2725 183 89 vendens
968 2725 100 89 in
1018 2725 166 89 dictam
1134 2725 282 89 haereditatem:
1367 2725 116 89 nec
1433 2725 232 89 recipiendo
1616 2725 133 89 tale
1698 2725 116 89 ius
1765 2725 100 89 ex
1815 2725 133 89 dono
1898 2725 100 89 al

183 2784 174 72 terius
304 2784 122 72 iam
374 2784 157 72 dicto
479 2784 157 72 modo:
583 2784 87 72 &
618 2784 122 72 sic
688 2784 104 72 ex
740 2784 157 72 iusto
844 2784 192 72 titulo:
984 2784 122 72 sed
1053 2784 174 72 absque
1175 2784 139 72 omni
1262 2784 279 72 reseruatione
1489 2784 87 72 &
1524 2784 174 72 absque
1646 2784 139 72 omni
1733 2784 139 72 dono
1820 2784 139 72 sibi
1889 2784 70 72 fa

192 2833 115 89 cto
257 2833 115 89 aut
323 2833 197 89 emptione
470 2833 197 89 secundum
618 2833 115 89 iam
684 2833 164 89 dictum
798 2833 148 89 modum
897 2833 164 89 facta.
1012 2833 197 89 secundum
1159 2833 131 89 quem
1241 2833 148 89 modum
1340 2833 148 89 alias
1438 2833 295 89 determinauimus
1684 2833 164 89 omnino
1783 2833 180 89 illicitum

191 2889 134 77 esse
275 2889 150 77 emere
375 2889 200 77 redditus
525 2889 100 77 ad
575 2889 150 77 vitam
675 2889 117 77 aut
742 2889 234 77 perpetuos,
926 2889 134 77 puta
1009 2889 167 77 quando
1126 2889 184 77 aliquis
1260 2889 150 77 habet
1360 2889 200 77 pecuniam
1510 2889 83 77 &
1544 2889 117 77 dat
1610 2889 250 77 communitati
1794 2889 167 77 tantummo

188 2940 105 78 do
241 2940 105 78 vt
294 2940 211 78 recipiat
452 2940 105 78 ab
505 2940 140 78 illa
592 2940 211 78 annuatim
750 2940 105 78 ad
803 2940 158 78 vitam
908 2940 140 78 suam
996 2940 123 78 vel
1066 2940 211 78 perpetuo
1224 2940 176 78 certam
1347 2940 176 78 summam
1470 2940 211 78 pecuniae
1628 2940 211 78 annuatim
1786 2940 211 78 sumendam

191 2995 112 83 Est
255 2995 128 83 enim
335 2995 96 83 in
383 2995 128 83 illa
463 2995 256 83 acquisitione
671 2995 128 83 vera
751 2995 176 83 species
879 2995 160 83 vsurae
991 2995 128 83 quae
1071 2995 144 83 certa
1167 2995 128 83 est.
1247 2995 112 83 Hoc
1311 2995 240 83 declarandum
1503 2995 112 83 est
1567 2995 192 83 secundum
1711 2995 128 83 quod
1791 2995 144 83 alias
1887 2995 112 83 de-

188 3058 222 75 clarauimus.
366 3058 89 75 i.
410 3058 192 75 Quolibet,
558 3058 222 75 quaestione.
736 3058 148 75 xxxix.
839 3058 89 75 &.
884 3058 133 75 viii.
973 3058 192 75 Quolibet,
1120 3058 222 75 quaestione.
1298 3058 163 75 xxiiii.
1416 3058 104 75 Est
1476 3058 148 75 igitur
1579 3058 192 75 sciendum:
1727 3058 118 75 quod
1801 3058 89 75 si
1831 3058 133 75 aliquis

190 3105 191 76 habeat.
329 3105 122 76 xx.
398 3105 191 76 solidos
538 3105 174 76 Parit.
659 3105 226 76 videlicet
833 3105 139 76 vnam
920 3105 191 76 libram:
1059 3105 87 76 &
1094 3105 244 76 mutuauerit
1286 3105 191 76 proximo
1425 3105 122 76 suo
1494 3105 122 76 eam
1564 3105 122 76 sub
1633 3105 139 76 tali
1720 3105 244 76 conditione
1894 3105 70 76 si

187 3171 113 76 ue
244 3171 244 76 pactione,
431 3171 150 76 quod
525 3171 225 76 quousque
694 3171 225 76 voluerit
863 3171 131 76 eam
938 3171 225 76 retinere
1107 3171 169 76 dabit
1219 3171 150 76 sibi
1313 3171 131 76 aut
1388 3171 263 76 haeredibus
1595 3171 150 76 suis
1689 3171 150 76 vnum
1782 3171 225 76 denarium
