2460 3720
487 183 163 105 bentur
601 183 146 105 mala,
698 183 277 105 praecipiuntur
926 183 146 105 bona,
1024 183 244 105 conceduntur
1219 183 163 105 media,
1333 183 211 105 suadentur
1495 183 211 105 perfecta.
1658 183 98 105 In
1707 183 163 105 duobus
1821 183 146 105 illis
1918 183 163 105 primis
2032 183 195 105 peccatum
2162 183 98 105 omne

486 267 288 67 concluditur:
720 267 108 67 in
774 267 198 67 vtroque
918 267 144 67 enim
1007 267 126 67 dei
1079 267 252 67 continetur
1277 267 234 67 imperium.
1457 267 126 67 Non
1529 267 162 67 solum
1637 267 144 67 enim
1727 267 270 67 praecipere,
1942 267 126 67 sed
2014 267 162 67 etiam
2104 267 162 67 prohibe

484 328 100 66 re
534 328 199 66 iubentis
684 328 133 66 est:
767 328 133 66 haec
849 328 216 66 sententia
1015 328 216 66 vniuersos
1181 328 166 66 tenet:
1298 328 116 66 nec
1364 328 133 66 vlli
1447 328 232 66 transgredi
1629 328 149 66 licet
1729 328 133 66 quid
1812 328 183 66 omnibus
1945 328 216 66 imperatum
2111 328 133 66 est.
2177 328 83 66 Duo

484 388 205 64 reliqua
633 388 112 64 in
689 388 242 64 potestate
875 388 205 64 dimissa
1024 388 167 64 sunt.
1135 388 112 64 Et
1191 388 149 64 tunc
1284 388 242 64 alloquens
1470 388 93 64 &
1507 388 223 64 admonens
1675 388 279 64 Demetriadem
1898 388 167 64 super
2010 388 298 64 praeceptorum

486 434 231 62 impletione
668 434 165 62 subdit
784 434 182 62 dicens.
916 434 264 62 Perfectionis
1131 434 165 62 itaque
1246 434 165 62 secuta
1362 434 231 62 consilium,
1543 434 149 62 serua
1642 434 198 62 generale
1791 434 215 62 mandatum:
1956 434 99 62 in
2006 434 149 62 causa
2088 434 182 62 iustitiae

488 491 157 71 vnum
586 491 215 71 debemus
743 491 196 71 omnes,
880 491 196 71 virgo,
1017 491 196 71 vidua,
1154 491 196 71 nupta,
1291 491 215 71 summus,
1448 491 215 71 medius,
1604 491 98 71 &
1644 491 157 71 imus
1741 491 196 71 gradus
1878 491 274 71 aequaliter
2074 491 196 71 iubentur

488 550 232 55 adimplere
667 550 250 55 praecepta,
863 550 125 55 nec
934 550 89 55 a
970 550 143 55 lege
1059 550 214 55 soluitur
1220 550 125 55 qui
1291 550 161 55 supra
1398 550 161 55 legem
1506 550 214 55 proponit
1666 550 196 55 facere.
1809 550 214 55 Quinimmo
1970 550 178 55 nullus
2095 550 161 55 magis
2184 550 89 55 il-

493 605 160 68 licita
605 605 160 68 vitare
717 605 144 68 debet
813 605 128 68 quam
893 605 112 68 qui
957 605 176 68 respuit
1085 605 128 68 quae
1165 605 208 68 licebant:
1325 605 112 68 nec
1389 605 192 68 quisquam
1532 605 112 68 ita
1596 605 176 68 mandata
1724 605 224 68 pollicetur
1900 605 208 68 implenda,
2060 605 96 68 vt
2108 605 128 68 ille
2188 605 112 68 qui

483 658 160 61 amore
590 658 285 61 perfectionis
822 658 160 61 supra
929 658 196 61 mandata
1071 658 267 61 conscendit:
1285 658 89 61 &
1321 658 125 61 dum
1392 658 196 61 amplius
1534 658 196 61 statuit
1677 658 178 61 facere
1802 658 143 61 quam
1891 658 214 61 scriptum
2051 658 143 61 est,
2122 658 143 61 osten-

490 710 107 62 dit
551 710 122 62 sibi
627 710 137 62 minus
718 710 183 62 scriptum
855 710 122 62 esse
931 710 122 62 quam
1007 710 198 62 potuerit.
1159 710 152 62 Igitur
1266 710 107 62 qui
1327 710 152 62 tantae
1433 710 228 62 obedientiae
1616 710 91 62 se
1661 710 228 62 profitetur,
1844 710 91 62 vt
1890 710 137 62 etiam
1981 710 167 62 diuinum
2103 710 198 62 consilium

491 766 205 64 libenter
645 766 188 64 audiat:
781 766 222 64 quaeliter
952 766 154 64 debet
1054 766 171 64 audire
1174 766 256 64 praeceptum:
1379 766 154 64 quasi
1481 766 171 64 dicat,
1601 766 171 64 multum
1721 766 256 64 diligenter.
1925 766 85 64 &
1960 766 222 64 intelligo
2130 766 120 64 non
2182 766 85 64 tam

478 824 141 61 aure
566 824 211 61 corporis
725 824 141 61 quam
813 824 246 61 obedientia
1007 824 194 61 cordis:
1147 824 158 61 ipsum
1253 824 158 61 opere
1359 824 229 61 implendo.
1535 824 106 61 Ex
1587 824 123 61 quo
1658 824 141 61 enim
1746 824 211 61 eligendo
1904 824 211 61 consilia
2063 824 158 61 minus
2151 824 123 61 osten

490 876 114 59 dit
555 876 131 59 sibi
637 876 196 59 scriptum
784 876 131 59 quam
866 876 212 59 potuerit,
1029 876 82 59 &
1062 876 131 59 plus
1143 876 245 59 pollicetur,
1339 876 82 59 &
1372 876 180 59 iubetur
1503 876 180 59 implere
1634 876 212 59 praecepta
1797 876 114 59 per
1862 876 196 59 consilia
2010 876 98 59 ad
2059 876 131 59 quae
2140 876 163 59 astrin

491 933 155 66 gitur
594 933 120 66 non
663 933 240 66 omittenda:
851 933 120 66 nec
920 933 103 66 ab
972 933 189 66 illorum
1109 933 258 66 obseruantia
1315 933 258 66 absoluitur,
1521 933 120 66 sed
1590 933 155 66 magis
1693 933 103 66 ad
1745 933 155 66 illam
1848 933 206 66 ligatur,
2002 933 155 66 etiam
2105 933 155 66 vsque
2208 933 103 66 ad

490 988 218 64 minima.
649 988 139 64 Hic
728 988 159 64 idem
828 988 179 64 dicit
947 988 119 64 ad
1006 988 298 64 Cellantiam.
1245 988 139 64 Duo
1324 988 159 64 sunt
1423 988 199 64 genera
1562 988 278 64 mandatorum
1781 988 119 64 in
1840 988 199 64 quibus
1979 988 258 64 clauditur
2158 988 119 64 tota

480 1040 239 70 iustitia:
664 1040 258 70 prohibendi
866 1040 147 70 vnum
958 1040 147 70 est:
1050 1040 202 70 iubendi
1197 1040 221 70 alterum.
1363 1040 129 70 Hoc
1437 1040 184 70 igitur
1566 1040 184 70 duplex
1694 1040 276 70 diuersumque
1915 1040 276 70 praeceptum,
2118 1040 147 70 prohi-

483 1096 137 64 bend
569 1096 206 64 scilicet
723 1096 86 64 &
758 1096 240 64 imperandi,
947 1096 155 64 aequo
1050 1096 189 64 omnibus
1187 1096 137 64 iure
1273 1096 206 64 mandatum
1427 1096 137 64 est,
1513 1096 120 64 non
1582 1096 172 64 virgo,
1702 1096 120 64 non
1771 1096 172 64 vidua,
1891 1096 120 64 non
1960 1096 172 64 nupta,
2080 1096 103 64 ab
2132 1096 120 64 hoc
2183 1096 86 64 im-

488 1151 159 70 perio
594 1151 177 70 secura
718 1151 141 70 est:
806 1151 106 70 in
859 1151 177 70 quouis
983 1151 230 70 proposito
1160 1151 106 70 in
1213 1151 177 70 quouis
1336 1151 159 70 gradu
1443 1151 247 70 aequaliter
1637 1151 212 70 peccatum
1796 1151 141 70 est,
1884 1151 124 70 vel
1955 1151 230 70 prohibita
2114 1151 159 70 admitte

483 1212 107 63 re
537 1212 125 63 vel
608 1212 160 63 iussa
715 1212 125 63 non
786 1212 196 63 facere.
929 1212 125 63 Nec
1000 1212 143 63 vero
1089 1212 160 63 eorum
1196 1212 107 63 te
1250 1212 196 63 seducat
1392 1212 160 63 error
1499 1212 125 63 qui
1571 1212 107 63 ex
1624 1212 214 63 arbitrio
1785 1212 125 63 suo
1856 1212 196 63 eligunt
1999 1212 107 63 vt
2052 1212 196 63 mandata
2177 1212 89 63 com

489 1261 188 63 temnant
626 1261 137 63 quae
711 1261 120 63 vel
779 1261 154 63 quasi
882 1261 154 63 vilia
984 1261 120 63 vel
1053 1261 154 63 parua
1155 1261 256 63 despiciunt.
1360 1261 85 63 &
1395 1261 171 63 infra.
1514 1261 205 63 Magisque
1668 1261 103 63 id
1719 1261 256 63 prouidendum
1924 1261 120 63 est
1993 1261 103 63 ne
2044 1261 137 63 tibi
2129 1261 120 63 hoc
2181 1261 85 63 cum

492 1315 174 64 licita
614 1315 227 64 contemnis
788 1315 261 64 securitatem
997 1315 192 64 quandam
1136 1315 261 64 illicitorum
1345 1315 192 64 faciat,
1485 1315 209 64 quicquid
1642 1315 122 64 pro
1711 1315 209 64 iustitia
1868 1315 122 64 deo
1938 1315 209 64 offertur
2095 1315 122 64 non
2147 1315 122 64 debet

487 1373 219 59 impedire
651 1373 255 59 iustitiam,
851 1373 128 59 sed
924 1373 200 59 iuuare.
1070 1373 91 59 &
1106 1373 182 59 infra.
1234 1373 109 59 Vt
1288 1373 164 59 exuta
1398 1373 146 59 mens
1489 1373 91 59 a
1525 1373 200 59 cunctis
1671 1373 273 59 retinaculis
1889 1373 219 59 mundanis
2053 1373 164 59 atque
2144 1373 128 59 corpo

496 1428 196 64 ralibus
639 1428 285 64 voluptatibus
870 1428 142 64 sit:
959 1428 89 64 &
995 1428 214 64 valeamus
1155 1428 196 64 plenius
1298 1428 232 64 inhaerere
1476 1428 232 64 dominicis
1654 1428 267 64 praeceptis.
1867 1428 142 64 Ecce
1956 1428 125 64 cum
2028 1428 178 64 beatus
2135 1428 142 64 Hiero.

494 1480 162 60 dicat
602 1480 144 60 quod
692 1480 216 60 mandatum
854 1480 144 60 omne
944 1480 90 60 &
980 1480 108 60 in
1034 1480 126 60 hoc
1106 1480 144 60 quod
1196 1480 216 60 mandatum
1358 1480 108 60 de
1411 1480 234 60 honorando
1591 1480 216 60 parentes
1753 1480 162 60 aequo
1861 1480 144 60 iure
1951 1480 198 60 omnibus
2095 1480 126 60 est
2167 1480 144 60 man-

502 1540 170 70 datum,
621 1540 136 70 quod
707 1540 102 70 in
758 1540 170 70 quouis
877 1540 170 70 gradu,
996 1540 85 70 &
1030 1540 102 70 in
1082 1540 170 70 quouis
1201 1540 222 70 proposito
1371 1540 239 70 aequaliter
1559 1540 205 70 peccatum
1712 1540 119 70 est
1781 1540 153 70 ipsum
1883 1540 256 70 transgredi.
2087 1540 136 70 Vide
2173 1540 136 70 ergo

497 1592 100 55 tu
547 1592 117 55 qui
614 1592 100 55 ex
664 1592 200 55 arbitrio
814 1592 117 55 tuo
880 1592 167 55 eligis
997 1592 233 55 religionem
1180 1592 150 55 atque
1280 1592 183 55 implere
1413 1592 200 55 consilia
1563 1592 183 55 studes,
1696 1592 100 55 ne
1746 1592 100 55 si
1796 1592 150 55 doces
1896 1592 133 55 quod
1979 1592 183 55 propter
2112 1592 150 55 magna
2196 1592 83 55 con

498 1643 211 64 filiorum
657 1643 158 64 opera
763 1643 123 64 non
833 1643 123 64 sis
903 1643 229 64 obligatus
1080 1643 106 64 ad
1132 1643 141 64 opus
1220 1643 194 64 mandati
1361 1643 106 64 de
1414 1643 229 64 honorando
1590 1643 229 64 parentes,
1766 1643 123 64 sis
1837 1643 106 64 de
1890 1643 176 64 numero
2013 1643 194 64 illorum
2154 1643 123 64 qui
2207 1643 70 64 ex

500 1699 213 64 arbitrio
660 1699 124 64 suo
731 1699 195 64 eligunt
873 1699 107 64 vt
926 1699 195 64 mandata
1068 1699 266 64 contemnant:
1282 1699 89 64 &
1317 1699 195 64 tanquam
1459 1699 160 64 vilia
1566 1699 89 64 &
1601 1699 160 64 parua
1708 1699 213 64 reputant
1868 1699 231 64 respectum
2045 1699 266 64 consiliorum

506 1756 177 53 quibus
630 1756 124 53 cum
701 1756 177 53 licita
825 1756 248 53 contemnant
1020 1756 106 53 in
1073 1756 195 53 vouendo
1214 1756 230 53 consilia,
1391 1756 124 53 hoc
1462 1756 159 53 facit
1568 1756 124 53 eis
1639 1756 265 53 securitatem
1851 1756 195 53 quandam
1993 1756 283 53 illicitorum,
2205 1756 71 53 ne

498 1809 220 72 scilicet
663 1809 201 72 peccent
809 1809 110 72 in
864 1809 238 72 omittendo
1047 1809 256 72 praecepta,
1249 1809 147 72 quod
1340 1809 183 72 omnino
1468 1809 201 72 videtur
1615 1809 238 72 erroneum,
1798 1809 147 72 quia
1889 1809 110 72 vt
1944 1809 183 72 subdit
2054 1809 220 72 Hieronymus

509 1876 215 58 quicquid
671 1876 215 58 offertur
832 1876 126 58 deo
904 1876 126 58 pro
976 1876 215 58 iustitia
1137 1876 215 58 scilicet
1299 1876 197 58 priuata
1442 1876 287 58 conseruanda,
1676 1876 162 58 sicut
1783 1876 215 58 offertur
1945 1876 108 58 ei
1999 1876 162 58 votum
2107 1876 108 58 de
2142 1876 144 58 seruan

510 1926 110 59 do
565 1926 238 59 consilia:
748 1926 128 59 non
821 1926 165 59 debet
931 1926 220 59 impedire
1096 1926 238 59 iustitiam
1280 1926 257 59 publicamne
1481 1926 220 59 seruetur
1646 1926 128 59 pro
1720 1926 128 59 qua
1793 1926 220 59 offertur
1958 1926 238 59 professio
2141 1926 110 59 de
2178 1926 110 59 ser-

518 1970 159 72 uando
624 1970 194 72 mandata
766 1970 106 72 in
819 1970 212 72 ingressu
978 1970 247 72 religionis
1172 1970 283 72 Christianae,
1402 1970 124 72 sed
1473 1970 177 72 potius
1597 1970 177 72 iuuare
1720 1970 106 72 vt
1773 1970 247 72 efficacius
1968 1970 230 72 seruetur,
2145 1970 141 72 quia
2215 1970 71 72 vt

510 2034 204 61 videtur
659 2034 204 61 sentire
807 2034 278 61 Hieronymus,
1029 2034 259 61 obseruatio
1233 2034 278 61 consiliorum
1455 2034 130 61 non
1529 2034 130 61 est
1603 2034 148 61 nisi
1695 2034 204 61 quaedam
1844 2034 259 61 dispositio
2047 2034 111 61 ad
2084 2034 204 61 pleniorem

511 2078 294 64 obseruantiam
749 2078 275 64 mandatorum,
969 2078 147 64 quia
1061 2078 294 64 obseruatione
1299 2078 275 64 consiliorum
1520 2078 202 64 exuitur
1666 2078 147 64 mens
1758 2078 92 64 a
1795 2078 294 64 retinaculis,
2033 2078 128 64 &c.
2107 2078 165 64 sicut
2217 2078 110 64 di

511 2133 130 66 cit
586 2133 278 66 Hieronymus,
808 2133 185 66 quibus
938 2133 185 66 exutis
1068 2133 204 66 valemus
1216 2133 204 66 plenius
1365 2133 204 66 diuinis
1513 2133 241 66 inhaerere
1698 2133 278 66 praeceptis.
1921 2133 111 66 vt
1977 2133 223 66 secundum
2144 2133 130 66 hoc
2199 2133 93 66 ob-

509 2194 219 66 seruatio
673 2194 273 66 consiliorum
891 2194 182 66 potius
1019 2194 237 66 ordinetur
1201 2194 237 66 finaliter
1383 2194 109 66 ad
1438 2194 310 66 obseruationem
1693 2194 255 66 mandatorum
1893 2194 146 66 quam
1984 2194 255 66 econuerso:
2185 2194 91 66 &
2221 2194 109 66 in

521 2251 138 61 tali
607 2251 155 61 plena
710 2251 275 61 obseruatione
934 2251 241 61 mandatorum
1123 2251 189 61 constat
1260 2251 138 61 tota
1346 2251 224 61 perfectio
1518 2251 310 61 essentialiter.
1776 2251 138 61 Vnde
1862 2251 103 61 si
1914 2251 189 61 propter
2051 2251 206 61 consilia
2189 2251 103 61 opor

520 2303 141 63 teret
614 2303 157 63 diuina
724 2303 188 63 omittere
866 2303 220 63 praecepta,
1038 2303 94 63 vt
1085 2303 188 63 aestimo,
1227 2303 110 63 non
1289 2303 157 63 essent
1399 2303 188 63 consilia
1541 2303 267 63 perfectionis,
1760 2303 110 63 sed
1823 2303 157 63 potius
1933 2303 141 63 deuia
2027 2303 188 63 erroris.
2153 2303 141 63 Propter

521 2353 139 66 quod
607 2353 104 66 in
660 2353 226 66 Grangensi
833 2353 208 66 concilio
990 2353 208 66 dicitur:
1146 2353 87 66 &
1181 2353 191 66 habetur
1319 2353 226 66 distinct.
1493 2353 139 66 xxx.
1580 2353 156 66 Siqui
1684 2353 156 66 filii
1788 2353 208 66 parentes
1945 2353 174 66 maxime
2066 2353 191 66 fideles
2205 2353 122 66 de-

523 2411 242 71 seruerint
709 2411 242 71 occasione
895 2411 130 71 dei
970 2411 186 71 cultus
1100 2411 130 71 hoc
1174 2411 186 71 iustum
1304 2411 149 71 esse
1397 2411 279 71 iudicantes,
1621 2411 93 71 &
1658 2411 130 71 non
1732 2411 186 71 potius
1862 2411 205 71 debitum
2011 2411 205 71 honorem
2141 2411 149 71 paren-

524 2471 153 62 tibus
626 2471 272 62 reddiderint,
847 2471 204 62 anathema
1000 2471 153 62 sint.
1102 2471 221 62 Intelligo
1272 2471 272 62 deseruerint,
1493 2471 119 62 vel
1561 2471 238 62 religionem
1748 2471 272 62 ingrediendo,
1969 2471 119 62 vel
2037 2471 136 62 post
2105 2471 187 62 ingressum

526 2520 108 66 ad
580 2520 289 66 subueniendum
815 2520 127 66 eis
888 2520 127 66 non
960 2520 344 66 condescendendo,
1249 2520 217 66 secundum
1412 2520 145 66 quod
1502 2520 163 66 alias
1611 2520 253 66 declaraui.
1810 2520 127 66 Sed
1882 2520 108 66 vt
1936 2520 163 66 dicit
2045 2520 181 66 Glossa
2153 2520 145 66 ibidem

530 2575 131 58 hoc
605 2575 187 58 quidam
736 2575 244 58 haeretici
924 2575 225 58 fecerunt
1093 2575 244 58 occasione
1280 2575 187 58 illius
1411 2575 319 58 auctoritatis.
1674 2575 131 58 Qui
1748 2575 262 58 reliquerit
1955 2575 187 58 patrem
2086 2575 131 58 aut
2142 2575 150 58 matrem

529 2634 198 64 propter
673 2634 108 64 me
727 2634 234 64 centuplum
908 2634 234 64 accipiet.
1088 2634 126 64 sed
1160 2634 162 64 illud
1268 2634 126 64 non
1340 2634 162 64 habet
1449 2634 162 64 locum
1557 2634 144 64 nisi
1647 2634 126 64 cum
1719 2634 216 64 parentes
1881 2634 90 64 a
1917 2634 180 64 filiis
2044 2634 216 64 honorari
2206 2634 126 64 non

528 2681 218 63 indigeant:
700 2681 78 63 &
731 2681 156 63 maxime
840 2681 156 63 quando
950 2681 234 63 impedimento
1137 2681 172 63 salutis
1262 2681 140 63 sunt.
1355 2681 172 63 dicente
1480 2681 187 63 Hierony.
1620 2681 94 63 ad
1667 2681 172 63 Furiam.
1792 2681 140 63 Certe
1885 2681 156 63 filiam
1995 2681 78 63 a
2026 2681 172 63 parente
2151 2681 109 63 non
2197 2681 94 63 diui

534 2735 113 66 do.
598 2735 161 66 honora
711 2735 209 66 parentem,
872 2735 113 66 sed
936 2735 97 66 si
984 2735 97 66 te
1033 2735 80 66 a
1065 2735 129 66 vero
1145 2735 177 66 parente
1274 2735 113 66 non
1338 2735 193 66 separat,
1483 2735 193 66 alioquin
1628 2735 145 66 Dauid
1724 2735 129 66 tibi
1805 2735 161 66 canet:
1917 2735 129 66 Audi
1998 2735 145 66 filia
2094 2735 113 66 &c.
2158 2735 97 66 Vt
2191 2735 97 66 enim

535 2788 158 68 dicit
641 2788 105 68 ad
693 2788 228 68 Fabiolam.
869 2788 158 68 Multa
974 2788 140 68 erga
1062 2788 193 68 nostros
1203 2788 176 68 facere
1325 2788 158 68 cogit
1431 2788 228 68 affectus:
1606 2788 88 68 &
1641 2788 123 68 dum
1712 2788 316 68 propinquitatem
1975 2788 246 68 respicimus
2151 2788 140 68 corpo-

535 2832 141 76 rum,
623 2832 88 76 &
659 2832 211 76 corporis
817 2832 88 76 &
852 2832 176 76 animae
975 2832 246 76 offendimus
1169 2832 229 76 auctorem.
1344 2832 176 76 Quanti
1467 2832 193 76 monachi
1608 2832 123 76 dum
1678 2832 158 76 patri
1784 2832 211 76 matrique
1942 2832 246 76 miserentur
2136 2832 141 76 suas
2206 2832 88 76 ani

539 2904 123 66 mas
610 2904 280 66 perdiderunt:
837 2904 193 66 Concedo
977 2904 175 66 igitur
1100 2904 175 66 primam
1223 2904 228 66 rationem:
1398 2904 140 66 quia
1485 2904 193 66 propter
1625 2904 245 66 religionis
1818 2904 228 66 ingressum
1993 2904 175 66 nullus
2116 2904 175 66 reddit
2221 2904 70 66 se

541 2947 270 61 impotentem
753 2947 116 61 ad
811 2947 231 61 parentes
984 2947 270 61 honorandum
1197 2947 135 61 qui
1274 2947 135 61 non
1351 2947 231 61 teneatur
1524 2947 116 61 ad
1582 2947 135 61 eos
1659 2947 289 61 descendere,
1891 2947 135 61 eos
1968 2947 289 61 siindigeant
2200 2947 135 61 ho-

540 3004 199 76 norando
685 3004 127 76 non
757 3004 253 76 tantummodo
956 3004 271 76 reuerentiae
1173 3004 271 76 exhibitione
1390 3004 109 76 vt
1444 3004 181 76 quidam
1571 3004 199 76 dicunt:
1715 3004 127 76 sed
1788 3004 253 76 temporalis
1987 3004 217 76 subsidii
2131 3004 163 76 admini-

546 3060 246 67 stratione.
739 3060 88 67 &
775 3060 123 67 hoc
845 3060 193 67 exemplo
985 3060 193 67 Christi
1125 3060 123 67 qui
1196 3060 140 67 fuit
1283 3060 158 67 forma
1389 3060 246 67 religionis
1582 3060 228 67 cuiusque:
1757 3060 123 67 qui
1827 3060 193 67 vtroque
1968 3060 140 67 modo
2055 3060 175 67 matrem
2161 3060 140 67 honora

541 3108 119 91 uit
609 3108 203 91 quousque
761 3108 136 91 vita
846 3108 186 91 mortali
982 3108 102 91 in
1032 3108 169 91 terris
1151 3108 254 91 conuersatus
1354 3108 136 91 est:
1439 3108 85 91 &
1473 3108 152 91 etiam
1575 3108 102 91 in
1625 3108 152 91 morte
1727 3108 136 91 illi
1812 3108 203 91 prouidit
1964 3108 102 91 de
2015 3108 102 91 eo
2066 3108 186 91 quivice
2184 3108 119 91 suail
