2443 3702
207 281 180 70 Christi
338 281 115 70 est
403 281 164 70 vbique
518 281 115 70 sub
584 281 131 70 tota
666 281 164 70 specie
781 281 246 70 sacramenti:
977 281 82 70 &
1010 281 115 70 sub
1076 281 197 70 qualibet
1223 281 148 70 parte
1322 281 148 70 eius:
1420 281 82 70 &
1453 281 180 70 nusquam
1584 281 312 70 dimensionaliter
1846 281 131 70 nisi
1912 281 82 70 per

207 340 177 64 quandam
336 340 306 64 concomitantiam,
594 340 97 64 vt
642 340 161 64 dictum
755 340 129 64 est.
835 340 113 64 Nec
900 340 145 64 autem
997 340 97 64 ad
1045 340 113 64 hoc
1110 340 97 64 vt
1158 340 193 64 Christus
1303 340 177 64 alicubi
1432 340 193 64 existens
1577 340 161 64 videat
1690 340 97 64 se
1738 340 113 64 vel
1803 340 145 64 aliud
1883 340 113 64 oculo

207 404 200 59 corporali,
364 404 157 59 oportet
479 404 115 59 quod
550 404 100 59 ibi
607 404 100 59 sit
665 404 100 59 per
722 404 86 59 se
765 404 72 59 &
794 404 286 59 dimensionaliter.
1037 404 86 59 Et
1080 404 186 59 similiter
1223 404 100 59 est
1280 404 86 59 de
1323 404 115 59 ipsa
1395 404 86 59 re
1438 404 129 59 visa:
1524 404 115 59 quia
1595 404 129 59 nihil
1681 404 157 59 videtur
1796 404 115 59 nisi
1853 404 143 59 dimensio

210 449 142 65 nale:
305 449 142 65 neque
400 449 142 65 videt
494 449 126 65 nisi
573 449 142 65 oculo
668 449 268 65 dimensionali.
889 449 189 65 ABsolute
1031 449 158 65 igitur
1142 449 205 65 dicendum:
1299 449 126 65 quod
1378 449 189 65 Christus
1520 449 95 65 vt
1568 449 111 65 est
1631 449 111 65 sub
1694 449 205 65 speciebus
1836 449 158 65 sacramen

207 509 102 60 ti,
266 509 131 60 neque
353 509 102 60 se,
412 509 131 60 neque
499 509 131 60 aliud
587 509 146 60 videt,
689 509 131 60 neque
777 509 73 60 a
806 509 102 60 se,
864 509 131 60 neque
952 509 88 60 ab
996 509 117 60 alio
1069 509 175 60 videtur.
1200 509 131 60 oculo
1287 509 117 60 dico
1360 509 204 60 corporali.
1521 509 131 60 tamen
1609 509 117 60 bene
1682 509 131 60 verum
1769 509 102 60 est
1827 509 117 60 quod
1886 509 102 60 Chri-

215 557 119 62 stus
290 557 104 62 qui
349 557 104 62 est
409 557 104 62 ibi
469 557 134 62 videt
558 557 89 62 se
603 557 75 62 &
633 557 134 62 alia:
722 557 75 62 &
752 557 104 62 est
812 557 194 62 visibilis
961 557 75 62 a
991 557 89 62 se
1035 557 75 62 &
1065 557 89 62 ab
1110 557 149 62 aliis:
1214 557 104 62 non
1274 557 134 62 autem
1364 557 89 62 vt
1408 557 104 62 est
1468 557 104 62 ibi
1528 557 298 62 sacramentaliter:
1781 557 104 62 sed
1841 557 89 62 vt
1886 557 104 62 est
1945 557 89 62 in

214 605 154 69 caelo
316 605 239 69 localiter.
504 605 239 69 ARgumentum
692 605 103 69 in
744 605 222 69 oppositum
914 605 120 69 non
983 605 239 69 concludit:
1171 605 137 69 quod
1256 605 205 69 Christus
1410 605 154 69 nullo
1512 605 137 69 modo
1598 605 171 69 potest
1718 605 171 69 videre
1837 605 103 69 se
1888 605 120 69 sub
1940 605 68 69 sa

216 668 182 64 cramento
352 668 136 64 oculo
443 668 212 64 corporali:
609 668 106 64 sed
670 668 136 64 solum
761 668 121 64 quod
836 668 106 64 non
897 668 151 64 potest
1003 668 91 64 se
1048 668 151 64 videre
1154 668 151 64 tantum
1260 668 166 64 quantus
1381 668 121 64 ipse
1456 668 121 64 est.
1532 668 121 64 vnde
1608 668 106 64 non
1668 668 136 64 valet
1759 668 91 64 ad
1789 668 197 64 propositum.

545 717 130 67 VIsis
631 717 144 67 igitur
732 717 245 67 quaestionibus
934 717 202 67 propositis
1092 717 130 67 circa
1179 717 144 67 primum
1280 717 216 67 principium,
1453 717 187 67 sequuntur
1597 717 115 67 duae
1669 717 216 67 quaestiones
1842 717 130 67 circa
1914 717 72 67 exi

545 770 104 73 tum
605 770 134 73 rerum
694 770 89 73 ab
739 770 134 73 ipso,
828 770 119 73 quae
902 770 134 73 licet
991 770 134 73 erant
1081 770 119 73 duae
1155 770 89 73 in
1200 770 119 73 modo
1274 770 208 73 quaerendi:
1438 770 104 73 vna
1497 770 134 73 tamen
1586 770 119 73 sunt
1661 770 179 73 secundum
1795 770 119 73 rem.
1869 770 119 73 Vnde
1929 770 60 73 ex

548 827 150 65 pedit
648 827 117 65 eas
715 827 150 65 simul
815 827 266 65 determinare.
1031 827 150 65 Prima
1131 827 150 65 erat:
1231 827 150 65 vtrum
1331 827 200 65 creatura
1481 827 166 65 potuit
1597 827 133 65 esse
1680 827 100 65 ab
1730 827 200 65 aeterno.
1863 827 117 65 Secun

542 878 118 62 da:
610 878 152 62 vtrum
711 878 203 62 repugnat
863 878 220 62 creaturae
1032 878 169 62 fuisse
1150 878 101 62 ab
1201 878 203 62 aeterno.
1353 878 101 62 ET
1404 878 237 62 arguebatur
1590 878 152 62 primo
1691 878 135 62 quod
1775 878 203 62 creatura
1911 878 84 62 non

531 929 156 66 potuit
640 929 124 66 esse
718 929 93 66 ab
765 929 187 66 aeterno.
905 929 124 66 quia
983 929 93 66 in
1029 929 171 66 ratione
1154 929 202 66 creaturae
1309 929 218 66 includitur
1481 929 140 66 ratio
1574 929 187 66 termini.
1714 929 109 66 non
1776 929 124 66 enim
1854 929 109 66 est
1901 929 93 66 crea

529 984 126 66 tura
608 984 126 66 nisi
687 984 157 66 habeat
797 984 126 66 esse
875 984 267 66 determinatum:
1095 984 79 66 &
1127 984 126 66 quid
1206 984 126 66 tale
1284 984 110 66 est
1347 984 142 66 nullo
1442 984 126 66 modo
1520 984 126 66 pont
1599 984 173 66 aequari
1725 984 126 66 illi
1803 984 126 66 quid
1866 984 126 66 omnino

542 1048 156 53 priuat
652 1048 187 53 rationem
792 1048 187 53 termini,
933 1048 203 53 cuiusmodi
1089 1048 109 53 est
1151 1048 234 53 aeternitas.
1338 1048 219 53 Aequaretur
1510 1048 140 53 autem
1604 1048 94 53 ei
1651 1048 94 53 si
1697 1048 140 53 esset
1791 1048 94 53 ab
1838 1048 187 53 aeterno.

212 1087 128 70 ergo
292 1087 112 70 &c.
356 1087 128 70 Quia
436 1087 160 70 omnino
548 1087 192 70 repugnat
693 1087 96 70 ei
741 1087 160 70 fuisse
853 1087 96 70 ab
901 1087 192 70 aeterno,
1045 1087 224 70 arguebatur
1221 1087 128 70 sic.
1301 1087 208 70 Coaeterna
1461 1087 112 70 non
1525 1087 176 70 possunt
1654 1087 128 70 esse
1734 1087 256 70 separabilia:
1926 1087 64 70 se

203 1154 141 61 cundum
302 1154 113 61 quod
372 1154 198 61 Augustinus
528 1154 127 61 dicit
612 1154 85 61 in
655 1154 155 61 sermone
768 1154 141 61 contra
866 1154 141 61 Arria,
965 1154 99 61 per
1022 1154 99 61 hoc
1078 1154 141 61 probat
1177 1154 198 61 personarum
1332 1154 184 61 diuinarum
1474 1154 353 61 consubstantialitatem.
1784 1154 85 61 si
1827 1154 113 61 ergo
1883 1154 113 61 creatu

204 1200 90 62 ra
249 1200 135 62 esset
339 1200 195 62 coaeterna
489 1200 120 62 deo,
564 1200 105 62 non
624 1200 150 62 posset
729 1200 90 62 in
774 1200 120 62 esse
849 1200 105 62 suo
909 1200 180 62 separari
1044 1200 75 62 a
1074 1200 120 62 deo.
1150 1200 105 62 hoc
1210 1200 135 62 autem
1300 1200 180 62 repugnat
1435 1200 165 62 naturae
1555 1200 135 62 suae.
1645 1200 120 62 quia
1720 1200 90 62 in
1765 1200 90 62 eo
1810 1200 120 62 quod
1885 1200 135 62 crea-

207 1253 127 63 tura
287 1253 127 63 est,
366 1253 223 63 possibilis
542 1253 111 63 est
605 1253 96 63 ad
653 1253 111 63 non
717 1253 143 63 esse,
812 1253 127 63 ergo
892 1253 111 63 &c.
956 1253 127 63 ITEM
1035 1253 143 63 sicut
1131 1253 96 63 se
1179 1253 143 63 habet
1274 1253 223 63 substantia
1449 1253 175 63 causans
1577 1253 96 63 ad
1625 1253 239 63 substantiam
1800 1253 175 63 causatam:

210 1314 106 57 ita
271 1314 167 57 mensura
392 1314 137 57 huius
483 1314 91 57 se
529 1314 137 57 habet
620 1314 91 57 ad
665 1314 182 57 mensuram
802 1314 167 57 illius.
923 1314 106 57 sed
984 1314 228 57 substantiae
1166 1314 197 57 creaturae
1318 1314 182 57 repugnat
1455 1314 121 57 quod
1531 1314 106 57 sit
1591 1314 167 57 eiusdem
1713 1314 106 57 aut
1773 1314 182 57 aequalis
1895 1314 91 57 sub-

210 1353 176 74 stantiae
342 1353 103 74 cum
401 1353 117 74 deo:
474 1353 117 74 ergo
547 1353 73 74 &
577 1353 176 74 mensurae
709 1353 191 74 creaturae
855 1353 176 74 repugnat
987 1353 117 74 quod
1061 1353 103 74 sit
1119 1353 132 74 eadem
1207 1353 103 74 vel
1266 1353 176 74 aequalis
1398 1353 176 74 mensurae
1530 1353 117 74 dei.
1603 1353 103 74 Hoc
1662 1353 132 74 tamen
1749 1353 132 74 esset
1823 1353 161 74 possibile

214 1408 97 71 si
262 1408 113 71 non
327 1408 226 71 repugnaret
504 1408 145 71 ipsam
601 1408 129 71 esse
682 1408 97 71 ab
730 1408 194 71 aeterno.
875 1408 129 71 ergo
956 1408 113 71 &c.
1020 1408 177 71 CONtra.
1149 1408 129 71 deus
1230 1408 161 71 potest
1343 1408 161 71 facere
1456 1408 129 71 omne
1536 1408 145 71 illud
1633 1408 97 71 in
1682 1408 145 71 cuius
1778 1408 194 71 factione
1907 1408 81 71 nul

216 1464 89 57 la
261 1464 208 57 includitur
425 1464 253 57 contradictio.
633 1464 89 57 In
678 1464 179 57 factione
812 1464 119 57 vero
886 1464 194 57 creaturae
1035 1464 89 57 ab
1080 1464 179 57 aeterno,
1214 1464 89 57 vt
1258 1464 179 57 videtur,
1392 1464 134 57 nulla
1482 1464 208 57 includitur
1646 1464 253 57 contradictio.
1854 1464 119 57 ergo
1914 1464 74 57 &c.

218 1511 128 65 ITEM
298 1511 128 65 deus
378 1511 144 65 fecit
474 1511 224 65 creaturam.
650 1511 112 65 aut
715 1511 128 65 ergo
795 1511 96 65 in
843 1511 256 65 aeternitate,
1051 1511 112 65 aut
1115 1511 144 65 extra
1211 1511 128 65 eam.
1291 1511 112 65 Non
1355 1511 144 65 extra
1451 1511 128 65 eam:
1531 1511 128 65 quia
1612 1511 144 65 extra
1708 1511 256 65 aeternitatem
1900 1511 80 65 nul

213 1573 94 71 la
260 1573 157 71 potest
371 1573 126 71 esse
449 1573 189 71 duratio.
591 1573 126 71 ergo
669 1573 126 71 deus
748 1573 142 71 fecit
842 1573 204 71 creaturam
1000 1573 94 71 in
1047 1573 252 71 aeternitate.
1251 1573 110 71 sed
1314 1573 142 71 facto
1409 1573 94 71 in
1456 1573 236 71 aeternitate
1645 1573 110 71 non
1708 1573 189 71 repugnat
1849 1573 126 71 esse
1912 1573 63 71 ab

215 1623 204 69 aeterno.
368 1623 136 69 ergo
453 1623 221 69 creaturae
623 1623 119 69 non
690 1623 204 69 repugnat
843 1623 136 69 esse
928 1623 102 69 ab
979 1623 204 69 aeterno.
1132 1623 136 69 ergo
1217 1623 119 69 &c.
1285 1623 102 69 IN
1336 1623 119 69 hac
1404 1623 238 69 quaestione
1590 1623 136 69 erat
1675 1623 170 69 opinio
1777 1623 204 69 philosopho

215 1677 125 65 rum,
294 1677 125 65 quod
372 1677 188 65 creatura
513 1677 157 65 potuit
623 1677 125 65 esse
701 1677 94 65 ab
748 1677 188 65 aeterno:
889 1677 78 65 &
920 1677 125 65 quod
999 1677 110 65 non
1061 1677 188 65 repugnat
1203 1677 125 65 eius
1281 1677 188 65 naturae.
1422 1677 78 65 &
1453 1677 110 65 cum
1516 1677 110 65 hoc
1579 1677 125 65 erat
1657 1677 94 65 de
1704 1677 188 65 opinione
1845 1677 172 65 ipsorum

209 1735 122 62 quod
285 1735 137 62 licet
377 1735 92 62 ex
422 1735 92 62 se
468 1735 107 62 non
529 1735 168 62 haberet
651 1735 122 62 esse
728 1735 214 62 effectiue,
895 1735 137 62 tamen
987 1735 168 62 quantum
1109 1735 107 62 est
1170 1735 92 62 ex
1216 1735 137 62 parte
1308 1735 107 62 sui
1369 1735 198 62 creatoris
1521 1735 122 62 ipsa
1597 1735 107 62 non
1659 1735 153 62 posset
1765 1735 107 62 non
1826 1735 137 62 esse:
1903 1735 76 62 ita

214 1794 123 60 quod
291 1794 123 60 ipsa
368 1794 108 60 non
429 1794 154 60 potuit
537 1794 185 60 incipere
675 1794 139 60 esse,
768 1794 108 60 nec
829 1794 154 60 vnquam
937 1794 154 60 potuit
1045 1794 185 60 desinere
1183 1794 139 60 esse.
1276 1794 108 60 Sic
1337 1794 123 60 enim
1414 1794 139 60 dicit
1507 1794 185 60 Auicenna
1645 1794 92 60 in
1692 1794 139 60 sexto
1768 1794 216 60 Metaphysicae

211 1838 129 67 suae.
297 1838 115 67 Quia
369 1838 158 67 aliquid
484 1838 172 67 (inquit)
613 1838 101 67 sit
671 1838 129 67 causa
757 1838 187 67 existendi
901 1838 187 67 causatum,
1044 1838 101 67 cum
1102 1838 129 67 prius
1188 1838 101 67 non
1246 1838 129 67 fuit,
1332 1838 101 67 hoc
1389 1838 172 67 conuenit
1519 1838 115 67 quia
1591 1838 101 67 non
1648 1838 101 67 est
1706 1838 129 67 causa
1792 1838 115 67 eius
1864 1838 101 67 per
1907 1838 86 67 suam

210 1895 224 60 essentiam:
386 1895 112 60 sed
450 1895 112 60 per
514 1895 176 60 aliquam
642 1895 256 60 determinatam
850 1895 272 60 comparationem
1074 1895 128 60 quam
1153 1895 144 60 habet
1249 1895 96 60 ad
1297 1895 144 60 illud
1393 1895 144 60 cuius
1489 1895 272 60 comparationis
1713 1895 144 60 causa
1809 1895 112 60 est
1857 1895 128 60 motus.

208 1941 103 71 Cum
267 1941 147 71 igitur
370 1941 88 71 vt
414 1941 132 71 dicit
502 1941 147 71 aliqua
605 1941 88 71 ex
649 1941 132 71 rebus
737 1941 103 71 per
796 1941 118 71 suam
870 1941 191 71 essentiam
1017 1941 118 71 fuit
1090 1941 132 71 causa
1179 1941 118 71 esse
1252 1941 176 71 alterius
1384 1941 118 71 rei:
1458 1941 176 71 profecto
1590 1941 147 71 semper
1693 1941 118 71 erat
1767 1941 132 71 causa
1855 1941 162 71 quamdiu

208 1998 185 69 habuerit
346 1998 139 69 esse,
439 1998 93 69 eo
485 1998 123 69 quod
562 1998 185 69 absolute
701 1998 185 69 prohibet
840 1998 108 69 rem
901 1998 108 69 non
963 1998 139 69 esse.
1056 1998 93 69 Et
1102 1998 123 69 haec
1179 1998 108 69 est
1241 1998 185 69 intentio
1379 1998 123 69 quae
1456 1998 123 69 apud
1533 1998 200 69 sapientes
1688 1998 170 69 vocatur
1811 1998 185 69 creatio.
1934 1998 62 69 Et

201 2063 108 53 sic
262 2063 200 53 posuerunt
416 2063 215 53 philosophi
585 2063 123 53 illi
662 2063 123 53 quod
739 2063 123 53 deum
816 2063 123 53 esse
892 2063 154 53 causam
1000 2063 200 53 creaturae
1154 2063 108 53 non
1215 2063 108 53 sit
1277 2063 215 53 voluntatis
1446 2063 261 53 dispositione:
1661 2063 108 53 sed
1723 2063 231 53 necessitate
1907 2063 108 53 na-

211 2105 161 59 turae:
324 2105 193 59 secundum
469 2105 129 59 quod
549 2105 145 59 dicit
646 2105 209 59 Ambrosius
807 2105 97 59 in
855 2105 145 59 primo
952 2105 225 59 Hexameron.
1129 2105 193 59 Gentiles
1274 2105 193 59 plerique
1418 2105 225 59 coaeternum
1596 2105 161 59 mundum
1708 2105 161 59 volunt
1821 2105 129 59 esse
1901 2105 113 59 deo

215 2163 148 58 quasi
313 2163 230 58 vmbraculum
493 2163 180 58 diuinae
625 2163 213 58 virtutis.
789 2163 82 58 &
821 2163 180 58 quamuis
953 2163 164 58 causam
1067 2163 131 58 eius
1150 2163 131 58 deum
1232 2163 131 58 esse
1314 2163 230 58 fateantur,
1494 2163 164 58 causam
1609 2163 148 58 tamen
1707 2163 115 58 non
1773 2163 98 58 ex
1806 2163 180 58 voluntate

205 2212 81 69 &
237 2212 259 69 dispositione
448 2212 130 69 sua:
529 2212 113 69 sed
594 2212 113 69 ita
659 2212 97 69 vt
707 2212 146 69 causa
805 2212 162 69 vmbrae
918 2212 162 69 corpus
1032 2212 130 69 est:
1113 2212 81 69 &
1145 2212 178 69 fulgori
1275 2212 162 69 lumen.
1388 2212 130 69 Vnde
1469 2212 97 69 si
1518 2212 146 69 lumen
1615 2212 146 69 esset
1712 2212 211 69 aeternum:
1875 2212 81 69 &
1891 2212 97 69 ful-

211 2265 129 69 gor.
292 2265 194 69 secundum
437 2265 129 69 quod
518 2265 145 69 dicit
615 2265 226 69 Augustinus
793 2265 97 69 in
841 2265 129 69 alio
922 2265 178 69 exemplo
1051 2265 145 69 super
1148 2265 178 69 loannem
1278 2265 178 69 sermone
1407 2265 307 69 trigesimosexto.
1666 2265 178 69 Ponamus
1795 2265 162 69 inquit
1892 2265 97 69 vir-

214 2324 157 68 gultum
324 2324 141 68 natum
418 2324 141 68 super
512 2324 157 68 aquam.
621 2324 141 68 nonne
715 2324 110 68 cum
778 2324 172 68 imagine
903 2324 110 68 sua
966 2324 203 68 nascitur:
1122 2324 110 68 mox
1185 2324 110 68 cum
1247 2324 172 68 incipit
1373 2324 203 68 existere,
1529 2324 172 68 incipit
1654 2324 110 68 cum
1717 2324 125 68 illo
1795 2324 141 68 simul
1889 2324 125 68 ima-

199 2381 98 62 go
248 2381 114 62 sua
313 2381 213 62 existere,
477 2381 114 62 non
542 2381 229 62 praecessit
722 2381 196 62 nascendo
869 2381 196 62 imaginem
1016 2381 147 62 suam:
1114 2381 114 62 sed
1180 2381 196 62 nascitur
1327 2381 114 62 cum
1392 2381 180 62 imagine
1523 2381 131 62 sua.
1605 2381 82 62 &
1638 2381 147 62 tamen
1736 2381 98 62 ab
1785 2381 131 62 illo
1867 2381 147 62 imago

199 2433 134 60 est,
283 2433 118 60 non
350 2433 151 60 illud
451 2433 101 60 ab
502 2433 202 60 imagine.
653 2433 134 60 ergo
737 2433 134 60 sunt
821 2433 252 60 coaequaeva:
1022 2433 84 60 &
1056 2433 101 60 si
1106 2433 168 60 semper
1224 2433 235 60 virgultum,
1409 2433 168 60 semper
1526 2433 84 60 &
1560 2433 151 60 imago
1661 2433 101 60 de
1711 2433 218 60 virgulto.
1862 2433 118 60 PHIlo

196 2481 185 66 sophorum
334 2481 154 66 dictum
443 2481 154 66 aperte
551 2481 216 66 haereticum
720 2481 108 66 est
782 2481 108 66 quo
844 2481 93 66 ad
890 2481 123 66 hoc,
967 2481 123 66 quod
1044 2481 154 66 dicunt
1153 2481 123 66 deum
1230 2481 108 66 non
1291 2481 185 66 potuisse
1430 2481 201 66 creaturam
1585 2481 108 66 non
1646 2481 201 66 causasse:
1801 2481 139 66 neque
1893 2481 93 66 in
1924 2481 62 66 ni

197 2532 142 64 hilum
292 2532 111 64 ire
355 2532 221 64 permittere
529 2532 190 64 postquam
671 2532 190 64 habuerit
813 2532 142 64 esse:
908 2532 95 64 vt
955 2532 190 64 creatura
1098 2532 111 64 non
1161 2532 190 64 potuerit
1303 2532 190 64 habuisse
1445 2532 111 64 non
1508 2532 126 64 esse
1587 2532 126 64 ante
1666 2532 126 64 esse
1745 2532 221 64 duratione,
1903 2532 79 64 nec

204 2599 159 61 possit
316 2599 159 61 habere
427 2599 111 61 non
491 2599 127 61 esse
570 2599 127 61 post
650 2599 143 61 esse.
746 2599 111 61 lta
809 2599 127 61 quod
889 2599 127 61 etsi
969 2599 159 61 dicant
1080 2599 127 61 deum
1160 2599 207 61 voluntate
1319 2599 159 61 mundum
1431 2599 191 61 creasse:
1574 2599 80 61 &
1606 2599 96 61 in
1654 2599 127 61 esse
1733 2599 239 61 conseruare:
1908 2599 80 61 hoc

202 2642 172 67 dicunt
322 2642 154 67 ipsum
425 2642 172 67 facere
545 2642 120 67 non
614 2642 223 67 voluntate
785 2642 172 67 libera
906 2642 103 67 ad
957 2642 172 67 facere
1077 2642 86 67 &
1112 2642 120 67 non
1180 2642 189 67 facere:
1318 2642 120 67 sed
1386 2642 223 67 voluntate
1558 2642 240 67 immutabili
1730 2642 257 67 immutabiliter

201 2701 255 62 concomitante
408 2701 255 62 necessitatem
616 2701 191 62 naturae.
759 2701 144 62 Fides
855 2701 128 62 enim
935 2701 207 62 catholica
1095 2701 191 62 expresse
1238 2701 144 62 tenet
1334 2701 128 62 quod
1414 2701 112 62 dei
1477 2701 207 62 voluntate
1637 2701 160 62 libera
1749 2701 207 62 quandoque
1892 2701 96 62 crea

196 2749 132 63 tura
279 2749 182 63 incepit
412 2749 132 63 esse
494 2749 83 63 &
527 2749 166 63 semper
643 2749 199 63 durabit:
792 2749 83 63 &
825 2749 116 63 hoc
892 2749 116 63 tam
958 2749 166 63 libera
1074 2749 116 63 dei
1140 2749 215 63 voluntate
1305 2749 132 63 quod
1388 2749 132 63 ipsa
1471 2749 99 63 ab
1521 2749 182 63 aeterno
1653 2749 232 63 disponente
1818 2749 166 63 creatura

198 2799 165 65 nunquam
318 2799 150 65 fuisse
423 2799 165 65 potuit:
543 2799 75 65 &
573 2799 180 65 postquam
708 2799 135 65 facta
798 2799 120 65 sit,
873 2799 90 65 in
918 2799 105 65 non
978 2799 120 65 esse
1053 2799 135 65 abire
1142 2799 180 65 poterit.
1277 2799 180 65 secundum
1412 2799 120 65 quod
1487 2799 135 65 dicit
1577 2799 210 65 Ambrosius.
1742 2799 165 65 Pulchre
1862 2799 105 65 ait
1907 2799 75 65 Moy

193 2851 111 69 ses
257 2851 127 69 quia
336 2851 143 69 fecit
432 2851 127 69 deus
511 2851 159 69 caelum
623 2851 80 69 &
655 2851 175 69 terram.
782 2851 111 69 Non
845 2851 143 69 dixit
941 2851 127 69 quia
1020 2851 159 69 causam
1132 2851 143 69 dedit
1227 2851 143 69 mundo
1323 2851 95 69 vt
1370 2851 159 69 esset:
1482 2851 111 69 sed
1546 2851 159 69 fecit.
1657 2851 95 69 Ex
1705 2851 127 69 ipso
1784 2851 127 69 enim
1864 2851 111 69 est
1911 2851 80 69 pri

198 2911 167 71 cipium
315 2911 84 71 &
349 2911 151 71 origo
449 2911 251 71 substantiae
650 2911 268 71 vniuersorum,
868 2911 100 71 id
918 2911 117 71 est
985 2911 100 71 ex
1036 2911 134 71 eius
1119 2911 201 71 volutate
1270 2911 84 71 &
1303 2911 234 71 potestate.
1488 2911 84 71 &
1521 2911 184 71 quamdiu
1655 2911 134 71 vult
1739 2911 134 71 eius
1806 2911 184 71 voluntate

187 2959 181 69 manent
313 2959 163 69 atque
422 2959 271 69 consistunt:
639 2959 90 69 &
675 2959 163 69 finis
783 2959 163 69 eorum
892 2959 108 69 in
946 2959 126 69 dei
1018 2959 235 69 voluntate
1199 2959 217 69 recurrit
1362 2959 90 69 &
1398 2959 145 69 eius
1488 2959 217 69 arbitrio
1651 2959 289 69 reuoluuntur.
1868 2959 126 69 Omnia

197 3022 133 61 enim
280 3022 232 61 quaecumque
463 3022 166 61 voluit
579 3022 133 61 deus
661 3022 149 61 fecit
761 3022 99 61 in
811 3022 149 61 caelo
910 3022 83 61 &
943 3022 99 61 in
993 3022 166 61 terra.
1109 3022 166 61 libera
1225 3022 133 61 ergo
1308 3022 215 61 voluntate
1473 3022 149 61 nulla
1573 3022 249 61 necessitate
1772 3022 182 61 naturae
1888 3022 99 61 con-

187 3063 172 69 iuncta
307 3063 138 69 vult
393 3063 189 69 aliquid
531 3063 155 69 eorum
634 3063 138 69 quae
720 3063 138 69 sunt
806 3063 155 69 extra
909 3063 120 69 se:
978 3063 138 69 quia
1064 3063 206 69 absolute
1219 3063 206 69 loquendo
1374 3063 120 69 non
1443 3063 120 69 est
1511 3063 189 69 necesse
1649 3063 138 69 deum
1735 3063 155 69 velle
1838 3063 189 69 aliquid

181 3128 145 86 nisi
272 3128 200 86 seipsum
417 3128 91 86 &
453 3128 109 86 ea
508 3128 145 86 quae
598 3128 145 86 sunt
689 3128 163 86 intra
798 3128 127 86 se.
871 3128 127 86 SED
943 3128 145 86 quid
1034 3128 127 86 est
1107 3128 109 86 de
1161 3128 254 86 principali
1361 3128 290 86 interrogato:
1597 3128 218 86 repugnat
1760 3128 109 86 ne
1796 3128 200 86 creaturae
