2414 3743
114 280 130 89 lendo
200 280 217 89 intellectum
374 280 231 89 intelligere.
562 280 87 89 Et
605 280 188 89 similiter
749 280 217 89 praesentato
923 280 145 89 aliquo
1024 280 101 89 sub
1082 280 159 89 duplici
1197 280 173 89 ratione,
1327 280 202 89 aequaliter
1486 280 173 89 voluntas
1616 280 145 89 potest
1718 280 87 89 se
1746 280 116 89 liber-

110 353 133 73 tate
193 353 199 73 arbitrii
343 353 100 73 ad
392 353 182 73 alterum
525 353 265 73 determinare.
741 353 133 73 Quid
824 353 149 73 autem
923 353 182 73 addunt:
1056 353 149 73 talem
1155 353 232 73 volitionem
1338 353 182 73 causari
1471 353 100 73 ab
1520 353 232 73 intellectu
1703 353 100 73 in
1736 353 116 73 volum

124 408 117 75 tate
198 408 102 75 &c.
256 408 117 75 Dico
329 408 117 75 quod
403 408 102 75 hoc
461 408 146 75 falsum
564 408 117 75 est,
637 408 161 75 quoniam
754 408 176 75 secundum
886 408 117 75 quod
959 408 132 75 saepe
1047 408 132 75 dixi,
1135 408 132 75 licet
1222 408 205 75 principium
1383 408 205 75 voluntatis
1545 408 102 75 sit
1603 408 88 75 ab
1647 408 220 75 intellectu,
1808 408 44 75 &

117 469 173 61 volitio
243 469 189 61 causetur
385 469 79 61 a
417 469 126 61 bono
496 469 237 61 apprehenso,
685 469 110 61 non
748 469 142 61 tamen
843 469 110 61 hoc
906 469 110 61 est
969 469 142 61 sicut
1063 469 95 61 ex
1111 469 142 61 causa
1205 469 173 61 propter
1332 469 126 61 quam
1410 469 126 61 sic:
1489 469 110 61 sed
1552 469 205 61 solummodo
1710 469 142 61 sicut
1789 469 63 61 ex

122 523 135 64 causa
212 523 120 64 sine
287 523 105 64 qua
347 523 120 64 non:
422 523 120 64 quia
497 523 90 64 vt
542 523 75 64 a
571 523 135 64 cauam
661 523 165 64 propter
781 523 120 64 quam
856 523 120 64 sic,
931 523 105 64 non
991 523 165 64 mouetur
1111 523 180 64 voluntas
1246 523 90 64 ab
1291 523 150 64 aliquo
1396 523 90 64 ad
1440 523 135 64 actum
1530 523 165 64 volendi
1650 523 135 64 neque
1725 523 120 64 actua-

117 579 121 65 tur
186 579 139 65 nisi
273 579 87 65 a
307 579 191 65 seipsa.
446 579 104 65 vt
498 579 121 65 non
567 579 156 65 solum
671 579 191 65 dicamus
810 579 243 65 voluntatem
1000 579 139 65 esse
1087 579 191 65 dominam
1225 579 156 65 supra
1329 579 139 65 suam
1416 579 208 65 actionem
1572 579 104 65 in
1624 579 225 65 quibusdam
1780 579 69 65 vt

112 637 125 59 illi
190 637 172 59 dicunt,
315 637 140 59 sicut
409 637 172 59 patebit
533 637 94 59 in
580 637 218 59 quaestione
752 637 203 59 sequenti:
908 637 109 59 sed
970 637 94 59 in
1017 637 172 59 omnibus
1141 637 78 59 a
1173 637 203 59 principio
1329 637 140 59 vsque
1422 637 94 59 in
1469 637 156 59 finem,
1578 637 218 59 includendo
1734 637 109 59 omnes

114 679 163 62 actus
222 679 90 62 &
259 679 181 62 primos
385 679 90 62 &
421 679 181 62 medios
548 679 90 62 &
584 679 217 62 vltimos.
747 679 163 62 licet
855 679 108 62 ad
909 679 163 62 finem
1018 679 127 62 sub
1090 679 145 62 omni
1180 679 199 62 ratione
1325 679 145 62 boni
1415 679 289 62 apprehensum,
1650 679 90 62 &
1686 679 108 62 ea
1741 679 145 62 quae

117 733 231 60 circunstant
302 733 154 60 ipsum,
410 733 185 60 moueatur
549 733 154 60 tantum
657 733 154 60 libere
765 733 77 60 &
796 733 108 60 non
857 733 154 60 libero
965 733 185 60 arbitrio
1104 733 170 60 proprie
1228 733 201 60 loquendo:
1382 733 93 60 ad
1428 733 93 60 ea
1475 733 123 60 vero
1552 733 123 60 quae
1629 733 123 60 sunt
1706 733 93 60 ad
1737 733 108 60 finem

114 787 74 65 &
144 787 118 65 quae
218 787 222 65 circunstant
395 787 148 65 illum,
499 787 148 65 libero
603 787 178 65 arbitrio
736 787 163 65 tantum,
854 787 89 65 vt
899 787 133 65 alias
988 787 222 65 exposuimus.
1165 787 118 65 Quid
1239 787 133 65 autem
1328 787 89 65 ad
1372 787 266 65 confirmationem
1595 787 133 65 dicti
1683 787 104 65 sui
1728 787 133 65 arguunt

121 843 167 61 ibidem:
242 843 122 61 quod
318 843 182 61 voluntas
455 843 137 61 nihil
546 843 122 61 pont
622 843 137 61 velle
713 843 122 61 nisi
789 843 106 61 sub
850 843 167 61 ratione
972 843 137 61 boni,
1063 843 106 61 nec
1124 843 137 61 nolle
1215 843 122 61 siue
1291 843 182 61 respuere
1428 843 122 61 nisi
1504 843 106 61 sub
1564 843 167 61 ratione
1686 843 137 61 mali:
1762 843 76 61 Di-

119 890 87 76 co
163 890 116 76 quod
236 890 131 76 verum
323 890 116 76 est,
396 890 102 76 non
454 890 131 76 tamen
541 890 160 76 oportet
657 890 116 76 quod
730 890 87 76 in
773 890 116 76 isto
846 890 131 76 velle
933 890 102 76 vel
992 890 102 76 non
1050 890 131 76 velle
1137 890 102 76 vel
1195 890 131 76 nolle
1282 890 87 76 ab
1326 890 116 76 alio
1398 890 174 76 moueatur
1529 890 116 76 quam
1602 890 73 76 a
1631 890 102 76 se,
1689 890 131 76 licet
1776 890 102 76 di-

119 946 207 77 uersimode
278 946 191 77 secundum
421 946 127 77 quod
501 946 111 77 est
564 946 175 77 diuersa
691 946 143 77 ratio
787 946 143 77 boni.
882 946 95 77 Si
930 946 127 77 enim
1009 946 111 77 est
1073 946 143 77 ratio
1168 946 127 77 boni
1248 946 95 77 in
1296 946 159 77 aliquo
1407 946 159 77 omnium
1518 946 111 77 ode
1582 946 207 77 perfecta,
1741 946 95 77 vt
1773 946 79 77 est

114 1005 173 63 perfecta
243 1005 86 63 in
286 1005 115 63 bono
358 1005 115 63 quod
430 1005 86 63 in
474 1005 86 63 se
517 1005 130 63 habet
603 1005 130 63 omnem
690 1005 173 63 rationem
819 1005 130 63 boni,
906 1005 72 63 &
934 1005 144 63 nullam
1035 1005 173 63 rationem
1165 1005 115 63 mali
1237 1005 115 63 sibi
1309 1005 216 63 coniunctam,
1482 1005 144 63 qualis
1582 1005 101 63 est
1640 1005 86 63 in
1683 1005 86 63 eo
1726 1005 115 63 quod
1784 1005 72 63 est

118 1055 140 73 finis
212 1055 248 73 simpliciter,
413 1055 93 73 in
460 1055 124 73 illo
537 1055 171 73 mouetur
661 1055 93 73 ex
708 1055 93 73 se
754 1055 202 73 libertate
909 1055 78 73 &
940 1055 217 73 immutabili
1111 1055 248 73 necessitate:
1312 1055 140 73 licet
1405 1055 109 73 non
1467 1055 155 73 libero
1576 1055 202 73 arbitrio.
1731 1055 93 73 Si
1762 1055 93 73 vero

111 1117 107 66 sit
172 1117 138 66 ratio
264 1117 123 66 boni
341 1117 92 66 in
387 1117 153 66 aliquo
494 1117 199 66 diminuta,
648 1117 199 66 cuiusmodi
801 1117 107 66 est
863 1117 138 66 ratio
955 1117 123 66 boni
1031 1117 92 66 in
1077 1117 123 66 omni
1154 1117 92 66 eo
1200 1117 123 66 quod
1277 1117 107 66 est
1338 1117 92 66 ad
1384 1117 153 66 finem:
1492 1117 107 66 vel
1553 1117 199 66 coniuncta
1707 1117 107 66 cum
1753 1117 107 66 ratio

116 1165 91 65 ne
161 1165 136 65 mali,
252 1165 196 65 cuiusmodi
403 1165 106 65 est
463 1165 136 65 ratio
554 1165 242 65 delectabilis
750 1165 106 65 cum
810 1165 242 65 praesentatur
1007 1165 91 65 in
1052 1165 242 65 fornicatione
1248 1165 106 65 cum
1309 1165 166 65 ratione
1429 1165 226 65 deordinati,
1610 1165 91 65 in
1656 1165 121 65 illo
1716 1165 136 65 mouetur

115 1219 88 60 ex
159 1219 88 60 se
203 1219 191 60 libertate
350 1219 191 60 arbitrii:
497 1219 73 60 &
526 1219 147 60 potest
628 1219 88 60 ab
672 1219 117 60 illo
746 1219 176 60 resilire
878 1219 103 60 non
936 1219 132 60 solum
1024 1219 161 60 propter
1142 1219 132 60 malum
1230 1219 264 60 inordinationis
1449 1219 117 60 sibi
1523 1219 220 60 coniunctum:
1699 1219 103 60 sed
1757 1219 132 60 etiam

109 1271 157 68 propter
223 1271 115 68 suam
295 1271 272 68 imperfectionem,
524 1271 129 68 etiam
610 1271 86 68 si
653 1271 115 68 sola
724 1271 129 68 ratio
810 1271 115 68 boni
882 1271 272 68 comprehendatur.
1111 1271 72 68 &
1139 1271 115 68 ideo
1211 1271 243 68 quantuncumque
1411 1271 172 68 alliciat
1540 1271 86 68 si
1583 1271 129 68 tamen
1669 1271 172 68 alliciat
1783 1271 72 68 aut

115 1333 193 62 inclinet
260 1333 161 62 quoquo
372 1333 145 62 modo,
469 1333 225 62 imperfecte
646 1333 145 62 tamen
742 1333 177 62 allicit
871 1333 97 62 ad
919 1333 273 62 necessitandum
1144 1333 225 62 voluntatem
1321 1333 113 62 aut
1386 1333 225 62 actuandum.
1562 1333 113 62 Sed
1627 1333 161 62 quando
1723 1333 129 62 multum

115 1386 176 65 allicit
243 1386 80 65 &
275 1386 160 65 tepide
387 1386 192 65 voluntas
531 1386 224 65 contrarium
707 1386 176 65 eligit:
835 1386 128 65 tunc
915 1386 208 65 contingit
1075 1386 96 65 de
1123 1386 128 65 illa
1203 1386 144 65 sicut
1299 1386 96 65 de
1347 1386 128 65 illo
1427 1386 112 65 qui
1491 1386 192 65 proiicit
1635 1386 160 65 merces
1747 1386 96 65 in
1779 1386 64 65 ma

113 1437 113 57 re,
178 1437 130 57 quia
259 1437 130 57 vult
340 1437 81 57 &
372 1437 113 57 non
437 1437 146 57 vult:
534 1437 113 57 sed
599 1437 146 57 magis
696 1437 130 57 vult
777 1437 130 57 quam
858 1437 113 57 non
923 1437 146 57 vult:
1020 1437 81 57 &
1052 1437 113 57 cum
1117 1437 97 57 in
1166 1437 211 57 potestate
1328 1437 130 57 eius
1409 1437 113 57 sit
1473 1437 211 57 proiicere
1635 1437 81 57 &
1668 1437 113 57 non
1716 1437 130 57 proii-

112 1491 146 64 cere,
209 1491 211 64 libertate
371 1491 195 64 arbitrii
517 1491 195 64 proiicit
663 1491 146 64 licet
760 1491 178 64 inducta
890 1491 162 64 timore
1004 1491 227 64 procedente
1182 1491 97 64 ex
1231 1491 162 64 amore.
1344 1491 97 64 Et
1393 1491 114 64 non
1458 1491 114 64 est
1523 1491 162 64 omnino
1636 1491 162 64 simile
1750 1491 97 64 de
1782 1491 65 64 mo

114 1555 161 60 uente
221 1555 107 60 in
275 1555 268 60 naturalibus
489 1555 89 60 &
525 1555 107 60 de
579 1555 197 60 mouente
722 1555 107 60 in
775 1555 286 60 voluntariis.
1007 1555 161 60 Actio
1115 1555 143 60 enim
1204 1555 107 60 in
1257 1555 268 60 naturalibus
1472 1555 125 60 est
1543 1555 161 60 motio
1650 1555 214 60 quaedam,
1793 1555 54 60 &

105 1598 140 69 actus
199 1598 249 69 imperfectus:
401 1598 187 69 secundum
541 1598 125 69 quod
619 1598 218 69 huiusmodi:
790 1598 78 69 &
822 1598 125 69 ideo
899 1598 202 69 quandoque
1055 1598 171 69 transit
1180 1598 93 69 in
1226 1598 140 69 aliud
1320 1598 93 69 vt
1366 1598 93 69 in
1413 1598 249 69 imperfectum.
1615 1598 93 69 In
1647 1598 202 69 voluntariis

106 1649 133 61 autem
195 1649 103 61 est
254 1649 177 61 operatio
386 1649 74 61 &
416 1649 133 61 actus
504 1649 192 61 perfectus
651 1649 177 61 secundum
784 1649 118 61 quod
858 1649 206 61 huiusmodi:
1020 1649 74 61 &
1049 1649 118 61 ideo
1123 1649 133 61 manet
1211 1649 88 61 in
1256 1649 88 61 eo
1300 1649 118 61 quid
1373 1649 103 61 per
1432 1649 133 61 ipsum
1521 1649 221 61 perficitur.
1698 1649 74 61 &
1727 1649 103 61 est
1771 1649 74 61 dis

111 1704 171 69 positio
236 1704 218 69 imperfecti
407 1704 140 69 prius
501 1704 78 69 &
532 1704 93 69 in
579 1704 187 69 potentia
719 1704 93 69 ad
766 1704 140 69 illam
859 1704 109 69 non
922 1704 109 69 sub
984 1704 218 69 contraria:
1155 1704 109 69 sed
1218 1704 171 69 solummo
1342 1704 109 69 sub
1405 1704 203 69 priuatiua
1561 1704 265 69 dispositione:
1763 1704 78 69 cui

113 1764 112 65 est
177 1764 209 65 coniuncta
338 1764 225 65 necessitas
514 1764 241 65 prosiliendi
707 1764 96 65 in
755 1764 144 65 actum
851 1764 96 65 si
899 1764 209 65 amoueatur
1060 1764 225 65 prohibens:
1236 1764 144 65 sicut
1333 1764 96 65 in
1381 1764 160 65 graui,
1493 1764 96 65 vt
1541 1764 144 65 alibi
1637 1764 144 65 satis
1718 1764 128 65 decla-

105 1820 212 62 rauimus.
264 1820 106 62 Et
317 1820 212 62 secundum
476 1820 159 62 modum
583 1820 124 62 ibi
653 1820 247 62 declaratum
848 1820 212 62 voluntas
1007 1820 194 62 seipsam
1148 1820 88 62 &
1183 1820 212 62 secundum
1342 1820 194 62 seipsam
1484 1820 177 62 actuat
1608 1820 88 62 &
1643 1820 159 62 ducit
1749 1820 106 62 de
1784 1820 71 62 po

109 1869 145 68 tentia
210 1869 87 68 ad
253 1869 145 68 actum.
354 1869 87 68 Et
398 1869 116 68 quod
470 1869 188 68 assumunt:
615 1869 116 68 quod
687 1869 116 68 tunc
759 1869 116 68 idem
832 1869 130 68 esset
918 1869 174 68 potentia
1049 1869 72 68 &
1078 1869 130 68 actus
1164 1869 116 68 siue
1237 1869 87 68 in
1280 1869 174 68 potentia
1410 1869 72 68 &
1439 1869 87 68 in
1482 1869 145 68 actum:
1584 1869 116 68 Dico
1656 1869 116 68 quod
1728 1869 101 68 cum
1786 1869 87 68 di

111 1921 139 65 citur
203 1921 123 65 quod
280 1921 185 65 voluntas
418 1921 185 65 secundum
557 1921 185 65 seipsam,
696 1921 169 65 seipsam
819 1921 139 65 ducit
911 1921 92 65 in
957 1921 154 65 actum,
1065 1921 123 65 siue
1142 1921 154 65 causat
1250 1921 92 65 in
1296 1921 92 65 se
1342 1921 246 65 actuationem:
1542 1921 108 65 hoc
1604 1921 169 65 dicitur
1727 1921 108 65 per
1773 1921 77 65 lir

105 1974 181 61 seipsam
236 1974 231 61 excludendo
418 1974 132 61 omne
500 1974 148 61 agens
599 1974 82 61 &
632 1974 165 61 mouens
748 1974 132 61 quid
830 1974 115 61 est
896 1974 148 61 extra
995 1974 247 61 substantiam
1193 1974 132 61 siue
1276 1974 214 61 essentiam
1441 1974 231 61 voluntatis
1622 1974 214 61 differens
1771 1974 82 61 se-

107 2026 163 60 cundum
221 2026 114 60 rem
286 2026 98 60 ab
335 2026 131 60 eius
417 2026 196 60 essentia
564 2026 82 60 &
597 2026 180 60 habendo
728 2026 212 60 respectum
891 2026 98 60 ad
940 2026 212 60 essentiam
1103 2026 147 60 actus
1201 2026 229 60 educibilis
1381 2026 98 60 ab
1430 2026 147 60 ipso,
1528 2026 131 60 modo
1610 2026 212 60 naturali:
1773 2026 114 60 non

109 2082 146 58 autem
206 2082 227 58 excludendo
385 2082 114 58 per
450 2082 114 58 hoc
515 2082 146 58 omnem
612 2082 211 58 alietatem
775 2082 146 58 inter
872 2082 195 58 rationem
1018 2082 195 58 mouentis
1165 2082 81 58 &
1197 2082 130 58 moti
1278 2082 130 58 quod
1359 2082 114 58 est
1424 2082 146 58 intra
1522 2082 179 58 naturam
1652 2082 162 58 ipsius
1749 2082 114 58 volun

104 2133 160 66 tatis,
216 2133 80 66 &
248 2133 224 66 aspiciendo
424 2133 96 66 ad
472 2133 240 66 facilitatem
664 2133 192 66 educendi
808 2133 160 66 actum.
920 2133 96 66 Et
968 2133 112 66 hoc
1033 2133 128 66 modo
1113 2133 224 66 aspiciendo
1289 2133 96 66 ad
1337 2133 96 66 id
1385 2133 128 66 quod
1465 2133 112 66 est
1529 2133 144 66 intra
1625 2133 176 66 naturam
1737 2133 112 66 volun

105 2187 161 58 tatis:
218 2187 129 58 ipsa
298 2187 194 58 voluntas
444 2187 97 58 in
492 2187 177 58 mouendo
621 2187 194 58 seipsam,
766 2187 113 58 non
831 2187 194 58 secundum
976 2187 129 58 idem
1057 2187 113 58 est
1121 2187 145 58 actus
1218 2187 81 58 &
1250 2187 194 58 potentia
1395 2187 129 58 siue
1476 2187 97 58 in
1524 2187 145 58 actum
1621 2187 81 58 &
1653 2187 97 58 in
1686 2187 161 58 potentia

103 2249 125 60 quia
181 2249 187 60 voluntas
322 2249 109 60 est
384 2249 140 60 actus
478 2249 125 60 siue
556 2249 94 60 in
603 2249 125 60 actu
681 2249 140 60 primo
774 2249 109 60 qui
837 2249 109 60 est
899 2249 140 60 esse,
993 2249 187 60 secundum
1133 2249 109 60 vim
1196 2249 125 60 quae
1274 2249 125 60 sibi
1352 2249 234 60 naturaliter
1539 2249 109 60 est
1601 2249 156 60 indita
1711 2249 94 60 ad
1757 2249 94 60 se
1789 2249 62 60 mo

112 2305 179 49 uendum
237 2305 89 49 a
273 2305 215 49 creante,
434 2305 268 49 quemadmodum
649 2305 161 49 graue
756 2305 233 49 quiescens
935 2305 179 49 sursum
1060 2305 125 49 per
1132 2305 286 49 impedimentum
1364 2305 125 49 est
1436 2305 143 49 actu
1525 2305 125 49 ens
1597 2305 215 49 secundum
1740 2305 107 49 for-

103 2347 104 70 mam
163 2347 223 70 grauitatis.
341 2347 104 70 Est
401 2347 134 70 autem
490 2347 178 70 voluntas
624 2347 178 70 potentia
757 2347 119 70 siue
832 2347 89 70 in
876 2347 178 70 potentia
1010 2347 104 70 quo
1070 2347 89 70 ad
1114 2347 134 70 actum
1204 2347 178 70 secundum
1337 2347 104 70 qui
1397 2347 104 70 est
1456 2347 164 70 operari
1575 2347 178 70 secundum
1709 2347 89 70 id
1754 2347 119 70 quid

106 2400 111 69 est
170 2400 175 69 aliquid
297 2400 159 69 potens
409 2400 143 69 velle
504 2400 80 69 &
536 2400 175 69 perfici
663 2400 127 69 actu
743 2400 191 69 volendi:
886 2400 143 69 sicut
981 2400 207 69 contingit
1141 2400 80 69 &
1173 2400 96 69 de
1220 2400 159 69 graui.
1332 2400 80 69 &
1364 2400 111 69 est
1427 2400 191 69 voluntas
1570 2400 96 69 in
1618 2400 127 69 actu
1698 2400 80 69 a
1714 2400 127 69 crean-

111 2455 94 55 te
158 2455 235 55 virtualiter
346 2455 141 55 tale,
440 2455 141 55 quale
534 2455 110 55 est
596 2455 94 55 in
643 2455 188 55 potentia
784 2455 94 55 vt
831 2455 125 55 fiat
909 2455 219 55 formaliter
1081 2455 141 55 tale.
1175 2455 94 55 Et
1222 2455 110 55 cum
1285 2455 110 55 hoc
1347 2455 141 55 nulla
1441 2455 110 55 est
1504 2455 235 55 differentia
1692 2455 94 55 in
1723 2455 125 55 dicen-

109 2509 94 71 do
156 2509 126 71 quod
235 2509 173 71 aliquid
361 2509 157 71 moueat
471 2509 189 71 seipsum,
613 2509 157 71 seipso
723 2509 205 71 solummodo
880 2509 79 71 &
912 2509 110 71 per
975 2509 173 71 aliquid
1101 2509 189 71 existens
1242 2509 94 71 in
1289 2509 142 71 ipso.
1384 2509 220 71 aequaliter
1557 2509 126 71 enim
1635 2509 189 71 secundum
1761 2509 79 71 hoc

106 2566 180 61 sequitur
241 2566 120 61 quod
316 2566 120 61 idem
391 2566 180 61 secundum
526 2566 120 61 idem
601 2566 105 61 est
661 2566 90 61 in
706 2566 180 61 potentia
841 2566 75 61 &
871 2566 90 61 in
916 2566 150 61 actum.
1020 2566 135 61 Sicut
1110 2566 120 61 enim
1185 2566 180 61 voluntas
1320 2566 180 61 secundum
1455 2566 90 61 se
1500 2566 105 61 non
1560 2566 105 61 est
1620 2566 210 61 formaliter
1785 2566 90 61 in

108 2617 122 60 actu
184 2617 184 60 volendi:
322 2617 107 60 sic
383 2617 107 60 nec
444 2617 107 60 cum
505 2617 138 60 dicta
597 2617 214 60 affectione
765 2617 122 60 quam
842 2617 138 60 ponit
934 2617 168 60 Anseli.
1056 2617 107 60 sed
1117 2617 184 60 sufficit
1255 2617 122 60 quod
1331 2617 107 60 sit
1392 2617 168 60 virtute
1515 2617 122 60 tale
1591 2617 214 60 aequaliter
1760 2617 76 60 &
1775 2617 61 60 se

106 2668 142 69 cundum
205 2668 171 69 seipsam,
333 2668 71 69 &
362 2668 100 69 cum
419 2668 128 69 dicta
504 2668 213 69 affectione:
675 2668 100 69 aut
732 2668 128 69 etiam
817 2668 100 69 cum
874 2668 156 69 aliquae
988 2668 156 69 motione
1101 2668 114 69 alia
1173 2668 213 69 praecedente
1343 2668 85 69 in
1386 2668 128 69 ipsa,
1471 2668 114 69 quae
1542 2668 100 69 non
1599 2668 100 69 est
1656 2668 171 69 volitio:
1770 2668 71 69 aut

110 2724 129 62 etiam
195 2724 114 62 quae
267 2724 100 62 est
324 2724 172 62 volitio:
453 2724 100 62 sed
510 2724 114 62 alia
581 2724 86 62 ab
624 2724 114 62 illa
696 2724 86 62 ad
739 2724 114 62 quam
810 2724 100 62 est
867 2724 86 62 in
910 2724 186 62 potentia.
1053 2724 114 62 Vnde
1124 2724 129 62 etiam
1210 2724 200 62 philosophi
1367 2724 100 62 qui
1425 2724 186 62 posuerunt
1567 2724 114 62 quod
1639 2724 129 62 nihil
1710 2724 129 62 mouetur

113 2788 78 60 a
145 2788 172 60 seipso:
269 2788 109 60 sed
332 2788 125 60 quod
410 2788 125 60 omne
488 2788 125 60 quod
566 2788 187 60 mouetur,
707 2788 94 60 ab
753 2788 125 60 alio
831 2788 187 60 mouetur:
972 2788 109 60 sic
1034 2788 140 60 etiam
1128 2788 203 60 posuerunt
1284 2788 125 60 quod
1362 2788 156 60 mouens
1471 2788 140 60 motum
1565 2788 109 60 non
1627 2788 140 60 mouet
1706 2788 140 60 seipsum

108 2838 115 60 sed
173 2838 148 60 aliud
272 2838 82 60 a
305 2838 181 60 seipso,
437 2838 99 60 vt
486 2838 132 60 quod
568 2838 115 60 aer
634 2838 148 60 motus
733 2838 99 60 ab
782 2838 132 60 igne
865 2838 115 60 non
930 2838 197 60 vlterius
1079 2838 132 60 alia
1161 2838 181 60 motione
1292 2838 165 60 moueat
1408 2838 197 60 seipsum:
1556 2838 115 60 sed
1622 2838 214 60 solummodo
1770 2838 82 60 ali

119 2889 92 67 ud
165 2889 77 67 a
195 2889 92 67 se
241 2889 122 67 puta
318 2889 153 67 aquam.
425 2889 107 67 Sic
486 2889 122 67 ergo
563 2889 184 67 voluntas
700 2889 153 67 seipsa
807 2889 107 67 per
869 2889 168 67 seipsam
991 2889 122 67 exit
1068 2889 92 67 in
1113 2889 138 67 actum
1205 2889 168 67 volendi
1328 2889 107 67 tam
1389 2889 138 67 finem
1481 2889 122 67 quam
1557 2889 92 67 ea
1603 2889 122 67 quae
1680 2889 122 67 sunt
1756 2889 92 67 ad
1787 2889 61 67 fi

108 2938 106 69 nem
169 2938 152 69 absque
275 2938 122 69 omni
351 2938 122 69 alia
427 2938 243 69 dispositione
625 2938 106 69 seu
686 2938 167 69 motione
807 2938 198 69 existente
960 2938 106 69 seu
1020 2938 228 69 praecedente
1203 2938 91 69 in
1249 2938 106 69 ea.
1309 2938 152 69 Talem.
1416 2938 289 69 nidispositionem
1659 2938 106 69 seu
1705 2938 152 69 motionem

115 3001 101 64 non
172 3001 174 64 requirit
303 3001 87 64 ad
346 3001 101 64 hoc
404 3001 116 64 quod
477 3001 130 64 exeat
564 3001 87 64 in
607 3001 130 64 actum
694 3001 174 64 volendi,
825 3001 130 64 neque
912 3001 72 64 a
941 3001 145 64 seipsa
1042 3001 145 64 agente
1144 3001 145 64 illam,
1245 3001 130 64 neque
1332 3001 72 64 a
1361 3001 188 64 quocumque
1506 3001 145 64 agente
1608 3001 130 64 alio,
1695 3001 116 64 immo
1753 3001 101 64 prima

112 3050 139 67 motio
204 3050 216 67 voluntatis
374 3050 108 67 non
436 3050 108 67 est
498 3050 124 67 nisi
575 3050 170 67 volitio
699 3050 124 67 quam
776 3050 139 67 habet
868 3050 77 67 a
899 3050 93 67 se
946 3050 108 67 non
1007 3050 93 67 ab
1054 3050 139 67 alio:
1146 3050 139 67 neque
1239 3050 139 67 etiam
1332 3050 77 67 a
1363 3050 124 67 deo.
1440 3050 139 67 licet
1533 3050 108 67 hoc
1594 3050 185 67 videatur
1718 3050 139 67 sentire

103 3101 155 58 Ansel.
212 3101 93 58 de
259 3101 124 58 casu
336 3101 186 58 diaboli,
476 3101 124 58 quod
554 3101 140 58 nullo
647 3101 124 58 modo
724 3101 202 58 veritatem
879 3101 155 58 habere
988 3101 171 58 potest:
1112 3101 140 58 sicut
1205 3101 140 58 alias
1298 3101 217 58 declaraui:
1469 3101 109 58 aut
1531 3101 93 58 si
1578 3101 202 58 veritatem
1717 3101 140 58 aliquam

104 3155 146 73 habet,
207 3155 102 73 uod
265 3155 175 73 scilicet
396 3155 131 73 prima
484 3155 131 73 motio
572 3155 204 73 voluntatis
732 3155 102 73 non
791 3155 102 73 est
849 3155 88 73 ab
893 3155 117 73 ipsa
966 3155 190 73 voluntate
1112 3155 102 73 sed
1171 3155 73 73 a
1200 3155 117 73 deo,
1273 3155 102 73 hoc
1331 3155 102 73 non
1390 3155 102 73 est
1448 3155 117 73 nisi
1521 3155 117 73 quia
1594 3155 175 73 voluntas
1726 3155 102 73 non
1784 3155 73 73 a
1799 3155 58 73 se
