<?xml version="1.0" encoding="UTF-8"?>
<alto xmlns:xsi="http://www.w3.org/2001/XMLSchema-instance"
      xmlns="http://www.loc.gov/standards/alto/ns-v2#"
      xmlns:page="http://schema.primaresearch.org/PAGE/gts/pagecontent/2013-07-15"
      xsi:schemaLocation="http://www.loc.gov/standards/alto/ns-v2# http://www.loc.gov/standards/alto/alto.xsd">
   <Description>
      <MeasurementUnit>pixel</MeasurementUnit>
      <OCRProcessing ID="IdOcr">
         <ocrProcessingStep>
            <processingDateTime>2020-04-22T20:12:05.356-04:00</processingDateTime>
            <processingSoftware>
               <softwareCreator>READ COOP</softwareCreator>
               <softwareName>Transkribus</softwareName>
            </processingSoftware>
         </ocrProcessingStep>
      </OCRProcessing>
   </Description>
   <Layout>
      <Page ID="Page1" PHYSICAL_IMG_NR="1" HEIGHT="3708" WIDTH="2408">
         <TopMargin HEIGHT="0" WIDTH="2408" VPOS="0" HPOS="0"/>
         <LeftMargin HEIGHT="3708" WIDTH="0" VPOS="0" HPOS="0"/>
         <RightMargin HEIGHT="3708" WIDTH="0" VPOS="0" HPOS="2408"/>
         <BottomMargin HEIGHT="0" WIDTH="2408" VPOS="3708" HPOS="0"/>
         <PrintSpace HEIGHT="3708" WIDTH="2408" VPOS="0" HPOS="0">
            <TextBlock ID="TextRegion_1586053800346_2620"
                       HEIGHT="2905"
                       WIDTH="1736"
                       VPOS="294"
                       HPOS="145">
               <Shape>
                  <Polygon POINTS="145,294 1879,294 1881,3199 147,3199"/>
               </Shape>
               <TextLine ID="r4l2"
                         BASELINE="358"
                         HEIGHT="77"
                         WIDTH="1744"
                         VPOS="281"
                         HPOS="142">
                  <String HEIGHT="77"
                          WIDTH="231"
                          VPOS="281"
                          HPOS="124"
                          CONTENT="haurienda"/>
                  <SP HEIGHT="77" WIDTH="18" VPOS="281" HPOS="356"/>
                  <String HEIGHT="77"
                          WIDTH="142"
                          VPOS="281"
                          HPOS="302"
                          CONTENT="sunt"/>
                  <SP HEIGHT="77" WIDTH="18" VPOS="281" HPOS="445"/>
                  <String HEIGHT="77"
                          WIDTH="178"
                          VPOS="281"
                          HPOS="391"
                          CONTENT="vitia:"/>
                  <SP HEIGHT="77" WIDTH="18" VPOS="281" HPOS="569"/>
                  <String HEIGHT="77" WIDTH="107" VPOS="281" HPOS="516" CONTENT="vt"/>
                  <SP HEIGHT="77" WIDTH="18" VPOS="281" HPOS="622"/>
                  <String HEIGHT="77" WIDTH="107" VPOS="281" HPOS="569" CONTENT="in"/>
                  <SP HEIGHT="77" WIDTH="18" VPOS="281" HPOS="676"/>
                  <String HEIGHT="77"
                          WIDTH="142"
                          VPOS="281"
                          HPOS="622"
                          CONTENT="illa"/>
                  <SP HEIGHT="77" WIDTH="18" VPOS="281" HPOS="765"/>
                  <String HEIGHT="77" WIDTH="125" VPOS="281" HPOS="711" CONTENT="iam"/>
                  <SP HEIGHT="77" WIDTH="18" VPOS="281" HPOS="836"/>
                  <String HEIGHT="77"
                          WIDTH="142"
                          VPOS="281"
                          HPOS="783"
                          CONTENT="pura"/>
                  <SP HEIGHT="77" WIDTH="18" VPOS="281" HPOS="925"/>
                  <String HEIGHT="77"
                          WIDTH="178"
                          VPOS="281"
                          HPOS="872"
                          CONTENT="mentis"/>
                  <SP HEIGHT="77" WIDTH="18" VPOS="281" HPOS="1050"/>
                  <String HEIGHT="77"
                          WIDTH="142"
                          VPOS="281"
                          HPOS="996"
                          CONTENT="acie"/>
                  <SP HEIGHT="77" WIDTH="18" VPOS="281" HPOS="1139"/>
                  <String HEIGHT="77" WIDTH="107" VPOS="281" HPOS="1085" CONTENT="ad"/>
                  <SP HEIGHT="77" WIDTH="18" VPOS="281" HPOS="1192"/>
                  <String HEIGHT="77"
                          WIDTH="303"
                          VPOS="281"
                          HPOS="1139"
                          CONTENT="contemplandum"/>
                  <SP HEIGHT="77" WIDTH="18" VPOS="281" HPOS="1441"/>
                  <String HEIGHT="77"
                          WIDTH="142"
                          VPOS="281"
                          HPOS="1388"
                          CONTENT="deum"/>
                  <SP HEIGHT="77" WIDTH="18" VPOS="281" HPOS="1530"/>
                  <String HEIGHT="77"
                          WIDTH="196"
                          VPOS="281"
                          HPOS="1477"
                          CONTENT="quisque"/>
                  <SP HEIGHT="77" WIDTH="18" VPOS="281" HPOS="1672"/>
                  <String HEIGHT="77"
                          WIDTH="285"
                          VPOS="281"
                          HPOS="1619"
                          CONTENT="pertranseat."/>
                  <SP HEIGHT="77" WIDTH="18" VPOS="281" HPOS="1904"/>
                  <String HEIGHT="77" WIDTH="53" VPOS="281" HPOS="1833" CONTENT="&amp;"/>
               </TextLine>
               <TextLine ID="r4l3"
                         BASELINE="427"
                         HEIGHT="73"
                         WIDTH="1738"
                         VPOS="354"
                         HPOS="140">
                  <String HEIGHT="73"
                          WIDTH="155"
                          VPOS="354"
                          HPOS="123"
                          CONTENT="licet"/>
                  <SP HEIGHT="73" WIDTH="17" VPOS="354" HPOS="278"/>
                  <String HEIGHT="73"
                          WIDTH="224"
                          VPOS="354"
                          HPOS="226"
                          CONTENT="conuersus"/>
                  <SP HEIGHT="73" WIDTH="17" VPOS="354" HPOS="450"/>
                  <String HEIGHT="73"
                          WIDTH="172"
                          VPOS="354"
                          HPOS="398"
                          CONTENT="statim"/>
                  <SP HEIGHT="73" WIDTH="17" VPOS="354" HPOS="570"/>
                  <String HEIGHT="73" WIDTH="103" VPOS="354" HPOS="519" CONTENT="ad"/>
                  <SP HEIGHT="73" WIDTH="17" VPOS="354" HPOS="622"/>
                  <String HEIGHT="73"
                          WIDTH="327"
                          VPOS="354"
                          HPOS="570"
                          CONTENT="contemplationem"/>
                  <SP HEIGHT="73" WIDTH="17" VPOS="354" HPOS="897"/>
                  <String HEIGHT="73"
                          WIDTH="258"
                          VPOS="354"
                          HPOS="846"
                          CONTENT="conscendere"/>
                  <SP HEIGHT="73" WIDTH="17" VPOS="354" HPOS="1104"/>
                  <String HEIGHT="73"
                          WIDTH="189"
                          VPOS="354"
                          HPOS="1052"
                          CONTENT="cupiat,"/>
                  <SP HEIGHT="73" WIDTH="17" VPOS="354" HPOS="1241"/>
                  <String HEIGHT="73"
                          WIDTH="155"
                          VPOS="354"
                          HPOS="1190"
                          CONTENT="tamen"/>
                  <SP HEIGHT="73" WIDTH="17" VPOS="354" HPOS="1345"/>
                  <String HEIGHT="73"
                          WIDTH="189"
                          VPOS="354"
                          HPOS="1293"
                          CONTENT="ratione"/>
                  <SP HEIGHT="73" WIDTH="17" VPOS="354" HPOS="1482"/>
                  <String HEIGHT="73"
                          WIDTH="206"
                          VPOS="354"
                          HPOS="1431"
                          CONTENT="cogitur:"/>
                  <SP HEIGHT="73" WIDTH="17" VPOS="354" HPOS="1637"/>
                  <String HEIGHT="73" WIDTH="103" VPOS="354" HPOS="1585" CONTENT="vt"/>
                  <SP HEIGHT="73" WIDTH="17" VPOS="354" HPOS="1689"/>
                  <String HEIGHT="73"
                          WIDTH="155"
                          VPOS="354"
                          HPOS="1637"
                          CONTENT="prius"/>
                  <SP HEIGHT="73" WIDTH="17" VPOS="354" HPOS="1792"/>
                  <String HEIGHT="73" WIDTH="103" VPOS="354" HPOS="1740" CONTENT="in"/>
                  <SP HEIGHT="73" WIDTH="17" VPOS="354" HPOS="1844"/>
                  <String HEIGHT="73"
                          WIDTH="103"
                          VPOS="354"
                          HPOS="1775"
                          CONTENT="acti"/>
               </TextLine>
               <TextLine ID="line_1586053800521_2623"
                         BASELINE="482"
                         HEIGHT="65"
                         WIDTH="1743"
                         VPOS="417"
                         HPOS="133">
                  <String HEIGHT="65" WIDTH="116" VPOS="417" HPOS="116" CONTENT="uae"/>
                  <SP HEIGHT="65" WIDTH="17" VPOS="417" HPOS="233"/>
                  <String HEIGHT="65"
                          WIDTH="232"
                          VPOS="417"
                          HPOS="183"
                          CONTENT="actionibus"/>
                  <SP HEIGHT="65" WIDTH="17" VPOS="417" HPOS="415"/>
                  <String HEIGHT="65"
                          WIDTH="249"
                          VPOS="417"
                          HPOS="365"
                          CONTENT="exerceatur."/>
                  <SP HEIGHT="65" WIDTH="17" VPOS="417" HPOS="614"/>
                  <String HEIGHT="65"
                          WIDTH="183"
                          VPOS="417"
                          HPOS="565"
                          CONTENT="Quaedam"/>
                  <SP HEIGHT="65" WIDTH="17" VPOS="417" HPOS="747"/>
                  <String HEIGHT="65"
                          WIDTH="149"
                          VPOS="417"
                          HPOS="697"
                          CONTENT="autem"/>
                  <SP HEIGHT="65" WIDTH="17" VPOS="417" HPOS="847"/>
                  <String HEIGHT="65"
                          WIDTH="133"
                          VPOS="417"
                          HPOS="797"
                          CONTENT="alia"/>
                  <SP HEIGHT="65" WIDTH="17" VPOS="417" HPOS="930"/>
                  <String HEIGHT="65"
                          WIDTH="149"
                          VPOS="417"
                          HPOS="880"
                          CONTENT="actio"/>
                  <SP HEIGHT="65" WIDTH="17" VPOS="417" HPOS="1029"/>
                  <String HEIGHT="65" WIDTH="116" VPOS="417" HPOS="980" CONTENT="est"/>
                  <SP HEIGHT="65" WIDTH="17" VPOS="417" HPOS="1096"/>
                  <String HEIGHT="65"
                          WIDTH="183"
                          VPOS="417"
                          HPOS="1046"
                          CONTENT="hominis"/>
                  <SP HEIGHT="65" WIDTH="17" VPOS="417" HPOS="1229"/>
                  <String HEIGHT="65"
                          WIDTH="282"
                          VPOS="417"
                          HPOS="1179"
                          CONTENT="principaliter"/>
                  <SP HEIGHT="65" WIDTH="17" VPOS="417" HPOS="1461"/>
                  <String HEIGHT="65"
                          WIDTH="183"
                          VPOS="417"
                          HPOS="1411"
                          CONTENT="propter"/>
                  <SP HEIGHT="65" WIDTH="17" VPOS="417" HPOS="1594"/>
                  <String HEIGHT="65"
                          WIDTH="199"
                          VPOS="417"
                          HPOS="1544"
                          CONTENT="seipsum,"/>
                  <SP HEIGHT="65" WIDTH="17" VPOS="417" HPOS="1743"/>
                  <String HEIGHT="65"
                          WIDTH="133"
                          VPOS="417"
                          HPOS="1693"
                          CONTENT="quae"/>
                  <SP HEIGHT="65" WIDTH="17" VPOS="417" HPOS="1826"/>
                  <String HEIGHT="65"
                          WIDTH="116"
                          VPOS="417"
                          HPOS="1760"
                          CONTENT="consi"/>
               </TextLine>
               <TextLine ID="r4l5"
                         BASELINE="520"
                         HEIGHT="53"
                         WIDTH="1732"
                         VPOS="467"
                         HPOS="144">
                  <String HEIGHT="53"
                          WIDTH="141"
                          VPOS="467"
                          HPOS="126"
                          CONTENT="stit"/>
                  <SP HEIGHT="53" WIDTH="18" VPOS="467" HPOS="268"/>
                  <String HEIGHT="53" WIDTH="106" VPOS="467" HPOS="215" CONTENT="in"/>
                  <SP HEIGHT="53" WIDTH="18" VPOS="467" HPOS="321"/>
                  <String HEIGHT="53"
                          WIDTH="212"
                          VPOS="467"
                          HPOS="268"
                          CONTENT="operibus"/>
                  <SP HEIGHT="53" WIDTH="18" VPOS="467" HPOS="480"/>
                  <String HEIGHT="53"
                          WIDTH="247"
                          VPOS="467"
                          HPOS="427"
                          CONTENT="mechanicis"/>
                  <SP HEIGHT="53" WIDTH="18" VPOS="467" HPOS="674"/>
                  <String HEIGHT="53"
                          WIDTH="194"
                          VPOS="467"
                          HPOS="621"
                          CONTENT="propter"/>
                  <SP HEIGHT="53" WIDTH="18" VPOS="467" HPOS="816"/>
                  <String HEIGHT="53"
                          WIDTH="283"
                          VPOS="467"
                          HPOS="763"
                          CONTENT="necessitatem"/>
                  <SP HEIGHT="53" WIDTH="18" VPOS="467" HPOS="1045"/>
                  <String HEIGHT="53"
                          WIDTH="230"
                          VPOS="467"
                          HPOS="992"
                          CONTENT="corporis,"/>
                  <SP HEIGHT="53" WIDTH="18" VPOS="467" HPOS="1222"/>
                  <String HEIGHT="53"
                          WIDTH="177"
                          VPOS="467"
                          HPOS="1169"
                          CONTENT="qualem"/>
                  <SP HEIGHT="53" WIDTH="18" VPOS="467" HPOS="1346"/>
                  <String HEIGHT="53"
                          WIDTH="177"
                          VPOS="467"
                          HPOS="1293"
                          CONTENT="habent"/>
                  <SP HEIGHT="53" WIDTH="18" VPOS="467" HPOS="1470"/>
                  <String HEIGHT="53"
                          WIDTH="159"
                          VPOS="467"
                          HPOS="1416"
                          CONTENT="omnes"/>
                  <SP HEIGHT="53" WIDTH="18" VPOS="467" HPOS="1576"/>
                  <String HEIGHT="53"
                          WIDTH="300"
                          VPOS="467"
                          HPOS="1523"
                          CONTENT="negotiatores,"/>
                  <SP HEIGHT="53" WIDTH="18" VPOS="467" HPOS="1823"/>
                  <String HEIGHT="53" WIDTH="88" VPOS="467" HPOS="1770" CONTENT="&amp;"/>
                  <SP HEIGHT="53" WIDTH="18" VPOS="467" HPOS="1858"/>
                  <String HEIGHT="53"
                          WIDTH="88"
                          VPOS="467"
                          HPOS="1788"
                          CONTENT="co"
                          SUBS_TYPE="HypPart1"
                          SUBS_CONTENT="colentes"/>
                  <HYP CONTENT="-"/>
               </TextLine>
               <TextLine ID="r4l6"
                         BASELINE="584"
                         HEIGHT="63"
                         WIDTH="1730"
                         VPOS="521"
                         HPOS="140">
                  <String HEIGHT="63"
                          WIDTH="168"
                          VPOS="521"
                          HPOS="123"
                          CONTENT="lentes"
                          SUBS_TYPE="HypPart2"
                          SUBS_CONTENT="colentes"/>
                  <SP HEIGHT="63" WIDTH="17" VPOS="521" HPOS="291"/>
                  <String HEIGHT="63"
                          WIDTH="168"
                          VPOS="521"
                          HPOS="241"
                          CONTENT="terras"/>
                  <SP HEIGHT="63" WIDTH="17" VPOS="521" HPOS="409"/>
                  <String HEIGHT="63" WIDTH="84" VPOS="521" HPOS="358" CONTENT="&amp;"/>
                  <SP HEIGHT="63" WIDTH="17" VPOS="521" HPOS="442"/>
                  <String HEIGHT="63"
                          WIDTH="185"
                          VPOS="521"
                          HPOS="392"
                          CONTENT="vineas,"/>
                  <SP HEIGHT="63" WIDTH="17" VPOS="521" HPOS="577"/>
                  <String HEIGHT="63" WIDTH="84" VPOS="521" HPOS="526" CONTENT="&amp;"/>
                  <SP HEIGHT="63" WIDTH="17" VPOS="521" HPOS="610"/>
                  <String HEIGHT="63"
                          WIDTH="286"
                          VPOS="521"
                          HPOS="560"
                          CONTENT="vniuersaliter"/>
                  <SP HEIGHT="63" WIDTH="17" VPOS="521" HPOS="845"/>
                  <String HEIGHT="63"
                          WIDTH="134"
                          VPOS="521"
                          HPOS="795"
                          CONTENT="illi"/>
                  <SP HEIGHT="63" WIDTH="17" VPOS="521" HPOS="929"/>
                  <String HEIGHT="63" WIDTH="101" VPOS="521" HPOS="879" CONTENT="de"/>
                  <SP HEIGHT="63" WIDTH="17" VPOS="521" HPOS="980"/>
                  <String HEIGHT="63"
                          WIDTH="168"
                          VPOS="521"
                          HPOS="929"
                          CONTENT="quibus"/>
                  <SP HEIGHT="63" WIDTH="17" VPOS="521" HPOS="1097"/>
                  <String HEIGHT="63"
                          WIDTH="202"
                          VPOS="521"
                          HPOS="1047"
                          CONTENT="dicitur."/>
                  <SP HEIGHT="63" WIDTH="17" VPOS="521" HPOS="1249"/>
                  <String HEIGHT="63"
                          WIDTH="134"
                          VPOS="521"
                          HPOS="1198"
                          CONTENT="Duae"/>
                  <SP HEIGHT="63" WIDTH="17" VPOS="521" HPOS="1333"/>
                  <String HEIGHT="63" WIDTH="101" VPOS="521" HPOS="1282" CONTENT="in"/>
                  <SP HEIGHT="63" WIDTH="17" VPOS="521" HPOS="1383"/>
                  <String HEIGHT="63"
                          WIDTH="151"
                          VPOS="521"
                          HPOS="1333"
                          CONTENT="mola."/>
                  <SP HEIGHT="63" WIDTH="17" VPOS="521" HPOS="1484"/>
                  <String HEIGHT="63"
                          WIDTH="134"
                          VPOS="521"
                          HPOS="1433"
                          CONTENT="Tali"/>
                  <SP HEIGHT="63" WIDTH="17" VPOS="521" HPOS="1568"/>
                  <String HEIGHT="63"
                          WIDTH="151"
                          VPOS="521"
                          HPOS="1517"
                          CONTENT="autem"/>
                  <SP HEIGHT="63" WIDTH="17" VPOS="521" HPOS="1668"/>
                  <String HEIGHT="63"
                          WIDTH="185"
                          VPOS="521"
                          HPOS="1618"
                          CONTENT="actioni"/>
                  <SP HEIGHT="63" WIDTH="17" VPOS="521" HPOS="1803"/>
                  <String HEIGHT="63"
                          WIDTH="134"
                          VPOS="521"
                          HPOS="1736"
                          CONTENT="omnino"/>
               </TextLine>
               <TextLine ID="r4l7"
                         BASELINE="637"
                         HEIGHT="65"
                         WIDTH="1720"
                         VPOS="572"
                         HPOS="149">
                  <String HEIGHT="65"
                          WIDTH="235"
                          VPOS="572"
                          HPOS="133"
                          CONTENT="praeferenda"/>
                  <SP HEIGHT="65" WIDTH="16" VPOS="572" HPOS="368"/>
                  <String HEIGHT="65" WIDTH="109" VPOS="572" HPOS="321" CONTENT="est"/>
                  <SP HEIGHT="65" WIDTH="16" VPOS="572" HPOS="430"/>
                  <String HEIGHT="65"
                          WIDTH="266"
                          VPOS="572"
                          HPOS="384"
                          CONTENT="contemplatio,"/>
                  <SP HEIGHT="65" WIDTH="16" VPOS="572" HPOS="649"/>
                  <String HEIGHT="65" WIDTH="109" VPOS="572" HPOS="602" CONTENT="cum"/>
                  <SP HEIGHT="65" WIDTH="16" VPOS="572" HPOS="712"/>
                  <String HEIGHT="65"
                          WIDTH="125"
                          VPOS="572"
                          HPOS="665"
                          CONTENT="illa"/>
                  <SP HEIGHT="65" WIDTH="16" VPOS="572" HPOS="790"/>
                  <String HEIGHT="65"
                          WIDTH="141"
                          VPOS="572"
                          HPOS="743"
                          CONTENT="actio"/>
                  <SP HEIGHT="65" WIDTH="16" VPOS="572" HPOS="884"/>
                  <String HEIGHT="65" WIDTH="109" VPOS="572" HPOS="837" CONTENT="sit"/>
                  <SP HEIGHT="65" WIDTH="16" VPOS="572" HPOS="946"/>
                  <String HEIGHT="65"
                          WIDTH="125"
                          VPOS="572"
                          HPOS="900"
                          CONTENT="pure"/>
                  <SP HEIGHT="65" WIDTH="16" VPOS="572" HPOS="1025"/>
                  <String HEIGHT="65"
                          WIDTH="235"
                          VPOS="572"
                          HPOS="978"
                          CONTENT="corporalis,"/>
                  <SP HEIGHT="65" WIDTH="16" VPOS="572" HPOS="1212"/>
                  <String HEIGHT="65"
                          WIDTH="266"
                          VPOS="572"
                          HPOS="1165"
                          CONTENT="contemplatiua"/>
                  <SP HEIGHT="65" WIDTH="16" VPOS="572" HPOS="1431"/>
                  <String HEIGHT="65"
                          WIDTH="250"
                          VPOS="572"
                          HPOS="1384"
                          CONTENT="spiritualis:"/>
                  <SP HEIGHT="65" WIDTH="16" VPOS="572" HPOS="1634"/>
                  <String HEIGHT="65" WIDTH="78" VPOS="572" HPOS="1588" CONTENT="&amp;"/>
                  <SP HEIGHT="65" WIDTH="16" VPOS="572" HPOS="1666"/>
                  <String HEIGHT="65"
                          WIDTH="125"
                          VPOS="572"
                          HPOS="1619"
                          CONTENT="ideo"/>
                  <SP HEIGHT="65" WIDTH="16" VPOS="572" HPOS="1744"/>
                  <String HEIGHT="65"
                          WIDTH="141"
                          VPOS="572"
                          HPOS="1697"
                          CONTENT="labor"/>
                  <SP HEIGHT="65" WIDTH="16" VPOS="572" HPOS="1838"/>
                  <String HEIGHT="65"
                          WIDTH="94"
                          VPOS="572"
                          HPOS="1775"
                          CONTENT="iste"/>
               </TextLine>
               <TextLine ID="r4l8"
                         BASELINE="682"
                         HEIGHT="56"
                         WIDTH="1725"
                         VPOS="626"
                         HPOS="149">
                  <String HEIGHT="56"
                          WIDTH="244"
                          VPOS="626"
                          HPOS="133"
                          CONTENT="spiritualis"/>
                  <SP HEIGHT="56" WIDTH="16" VPOS="626" HPOS="377"/>
                  <String HEIGHT="56"
                          WIDTH="146"
                          VPOS="626"
                          HPOS="328"
                          CONTENT="tanto"/>
                  <SP HEIGHT="56" WIDTH="16" VPOS="626" HPOS="474"/>
                  <String HEIGHT="56"
                          WIDTH="130"
                          VPOS="626"
                          HPOS="426"
                          CONTENT="illi"/>
                  <SP HEIGHT="56" WIDTH="16" VPOS="626" HPOS="556"/>
                  <String HEIGHT="56"
                          WIDTH="277"
                          VPOS="626"
                          HPOS="507"
                          CONTENT="praeponderet,"/>
                  <SP HEIGHT="56" WIDTH="16" VPOS="626" HPOS="784"/>
                  <String HEIGHT="56"
                          WIDTH="163"
                          VPOS="626"
                          HPOS="735"
                          CONTENT="quanto"/>
                  <SP HEIGHT="56" WIDTH="16" VPOS="626" HPOS="898"/>
                  <String HEIGHT="56" WIDTH="98" VPOS="626" HPOS="849" CONTENT="ea"/>
                  <SP HEIGHT="56" WIDTH="16" VPOS="626" HPOS="946"/>
                  <String HEIGHT="56"
                          WIDTH="130"
                          VPOS="626"
                          HPOS="898"
                          CONTENT="quae"/>
                  <SP HEIGHT="56" WIDTH="16" VPOS="626" HPOS="1028"/>
                  <String HEIGHT="56"
                          WIDTH="130"
                          VPOS="626"
                          HPOS="979"
                          CONTENT="sunt"/>
                  <SP HEIGHT="56" WIDTH="16" VPOS="626" HPOS="1109"/>
                  <String HEIGHT="56"
                          WIDTH="179"
                          VPOS="626"
                          HPOS="1060"
                          CONTENT="animae,"/>
                  <SP HEIGHT="56" WIDTH="16" VPOS="626" HPOS="1239"/>
                  <String HEIGHT="56"
                          WIDTH="260"
                          VPOS="626"
                          HPOS="1191"
                          CONTENT="corporalibus"/>
                  <SP HEIGHT="56" WIDTH="16" VPOS="626" HPOS="1451"/>
                  <String HEIGHT="56"
                          WIDTH="277"
                          VPOS="626"
                          HPOS="1402"
                          CONTENT="praeferuntur:"/>
                  <SP HEIGHT="56" WIDTH="16" VPOS="626" HPOS="1679"/>
                  <String HEIGHT="56" WIDTH="98" VPOS="626" HPOS="1630" CONTENT="vt"/>
                  <SP HEIGHT="56" WIDTH="16" VPOS="626" HPOS="1728"/>
                  <String HEIGHT="56"
                          WIDTH="146"
                          VPOS="626"
                          HPOS="1679"
                          CONTENT="dicit"/>
                  <SP HEIGHT="56" WIDTH="16" VPOS="626" HPOS="1825"/>
                  <String HEIGHT="56"
                          WIDTH="114"
                          VPOS="626"
                          HPOS="1760"
                          CONTENT="Nico"
                          SUBS_TYPE="HypPart1"
                          SUBS_CONTENT="Nicolaus"/>
                  <HYP CONTENT="-"/>
               </TextLine>
               <TextLine ID="r4l9"
                         BASELINE="735"
                         HEIGHT="54"
                         WIDTH="1730"
                         VPOS="681"
                         HPOS="148">
                  <String HEIGHT="54"
                          WIDTH="141"
                          VPOS="681"
                          HPOS="130"
                          CONTENT="laus"
                          SUBS_TYPE="HypPart2"
                          SUBS_CONTENT="Nicolaus"/>
                  <SP HEIGHT="54" WIDTH="18" VPOS="681" HPOS="272"/>
                  <String HEIGHT="54"
                          WIDTH="141"
                          VPOS="681"
                          HPOS="219"
                          CONTENT="papa"/>
                  <SP HEIGHT="54" WIDTH="18" VPOS="681" HPOS="360"/>
                  <String HEIGHT="54" WIDTH="106" VPOS="681" HPOS="307" CONTENT="in"/>
                  <SP HEIGHT="54" WIDTH="18" VPOS="681" HPOS="413"/>
                  <String HEIGHT="54"
                          WIDTH="265"
                          VPOS="681"
                          HPOS="360"
                          CONTENT="expositione"/>
                  <SP HEIGHT="54" WIDTH="18" VPOS="681" HPOS="625"/>
                  <String HEIGHT="54"
                          WIDTH="194"
                          VPOS="681"
                          HPOS="572"
                          CONTENT="regulae"/>
                  <SP HEIGHT="54" WIDTH="18" VPOS="681" HPOS="766"/>
                  <String HEIGHT="54"
                          WIDTH="194"
                          VPOS="681"
                          HPOS="713"
                          CONTENT="fratrum"/>
                  <SP HEIGHT="54" WIDTH="18" VPOS="681" HPOS="907"/>
                  <String HEIGHT="54"
                          WIDTH="212"
                          VPOS="681"
                          HPOS="854"
                          CONTENT="minorum."/>
                  <SP HEIGHT="54" WIDTH="18" VPOS="681" HPOS="1066"/>
                  <String HEIGHT="54" WIDTH="106" VPOS="681" HPOS="1013" CONTENT="De"/>
                  <SP HEIGHT="54" WIDTH="18" VPOS="681" HPOS="1119"/>
                  <String HEIGHT="54"
                          WIDTH="141"
                          VPOS="681"
                          HPOS="1066"
                          CONTENT="tali"/>
                  <SP HEIGHT="54" WIDTH="18" VPOS="681" HPOS="1207"/>
                  <String HEIGHT="54"
                          WIDTH="194"
                          VPOS="681"
                          HPOS="1154"
                          CONTENT="actione"/>
                  <SP HEIGHT="54" WIDTH="18" VPOS="681" HPOS="1348"/>
                  <String HEIGHT="54"
                          WIDTH="159"
                          VPOS="681"
                          HPOS="1295"
                          CONTENT="dicit"/>
                  <SP HEIGHT="54" WIDTH="18" VPOS="681" HPOS="1454"/>
                  <String HEIGHT="54"
                          WIDTH="212"
                          VPOS="681"
                          HPOS="1401"
                          CONTENT="lsidorus"/>
                  <SP HEIGHT="54" WIDTH="18" VPOS="681" HPOS="1613"/>
                  <String HEIGHT="54"
                          WIDTH="124"
                          VPOS="681"
                          HPOS="1560"
                          CONTENT="vbi"/>
                  <SP HEIGHT="54" WIDTH="18" VPOS="681" HPOS="1684"/>
                  <String HEIGHT="54"
                          WIDTH="177"
                          VPOS="681"
                          HPOS="1631"
                          CONTENT="supra."/>
                  <SP HEIGHT="54" WIDTH="18" VPOS="681" HPOS="1807"/>
                  <String HEIGHT="54"
                          WIDTH="141"
                          VPOS="681"
                          HPOS="1737"
                          CONTENT="Actiua"/>
               </TextLine>
               <TextLine ID="r4l10"
                         BASELINE="789"
                         HEIGHT="56"
                         WIDTH="1716"
                         VPOS="733"
                         HPOS="160">
                  <String HEIGHT="56"
                          WIDTH="143"
                          VPOS="733"
                          HPOS="142"
                          CONTENT="vita"/>
                  <SP HEIGHT="56" WIDTH="18" VPOS="733" HPOS="285"/>
                  <String HEIGHT="56"
                          WIDTH="215"
                          VPOS="733"
                          HPOS="232"
                          CONTENT="mundanis"/>
                  <SP HEIGHT="56" WIDTH="18" VPOS="733" HPOS="446"/>
                  <String HEIGHT="56"
                          WIDTH="161"
                          VPOS="733"
                          HPOS="392"
                          CONTENT="rebus"/>
                  <SP HEIGHT="56" WIDTH="18" VPOS="733" HPOS="553"/>
                  <String HEIGHT="56"
                          WIDTH="143"
                          VPOS="733"
                          HPOS="500"
                          CONTENT="bene"/>
                  <SP HEIGHT="56" WIDTH="18" VPOS="733" HPOS="643"/>
                  <String HEIGHT="56"
                          WIDTH="197"
                          VPOS="733"
                          HPOS="589"
                          CONTENT="vtitur."/>
                  <SP HEIGHT="56" WIDTH="18" VPOS="733" HPOS="786"/>
                  <String HEIGHT="56"
                          WIDTH="304"
                          VPOS="733"
                          HPOS="732"
                          CONTENT="Contemplatiua"/>
                  <SP HEIGHT="56" WIDTH="18" VPOS="733" HPOS="1036"/>
                  <String HEIGHT="56"
                          WIDTH="143"
                          VPOS="733"
                          HPOS="982"
                          CONTENT="vero"/>
                  <SP HEIGHT="56" WIDTH="18" VPOS="733" HPOS="1125"/>
                  <String HEIGHT="56"
                          WIDTH="161"
                          VPOS="733"
                          HPOS="1072"
                          CONTENT="mundo"/>
                  <SP HEIGHT="56" WIDTH="18" VPOS="733" HPOS="1233"/>
                  <String HEIGHT="56"
                          WIDTH="250"
                          VPOS="733"
                          HPOS="1179"
                          CONTENT="renuncians"/>
                  <SP HEIGHT="56" WIDTH="18" VPOS="733" HPOS="1429"/>
                  <String HEIGHT="56"
                          WIDTH="143"
                          VPOS="733"
                          HPOS="1376"
                          CONTENT="soli"/>
                  <SP HEIGHT="56" WIDTH="18" VPOS="733" HPOS="1519"/>
                  <String HEIGHT="56"
                          WIDTH="125"
                          VPOS="733"
                          HPOS="1465"
                          CONTENT="deo"/>
                  <SP HEIGHT="56" WIDTH="18" VPOS="733" HPOS="1590"/>
                  <String HEIGHT="56"
                          WIDTH="179"
                          VPOS="733"
                          HPOS="1536"
                          CONTENT="viuere"/>
                  <SP HEIGHT="56" WIDTH="18" VPOS="733" HPOS="1715"/>
                  <String HEIGHT="56"
                          WIDTH="232"
                          VPOS="733"
                          HPOS="1644"
                          CONTENT="delectatur."/>
               </TextLine>
               <TextLine ID="r4l11"
                         BASELINE="846"
                         HEIGHT="59"
                         WIDTH="1723"
                         VPOS="787"
                         HPOS="159">
                  <String HEIGHT="59"
                          WIDTH="131"
                          VPOS="787"
                          HPOS="143"
                          CONTENT="Vnde"/>
                  <SP HEIGHT="59" WIDTH="16" VPOS="787" HPOS="274"/>
                  <String HEIGHT="59"
                          WIDTH="131"
                          VPOS="787"
                          HPOS="225"
                          CONTENT="isti"/>
                  <SP HEIGHT="59" WIDTH="16" VPOS="787" HPOS="356"/>
                  <String HEIGHT="59"
                          WIDTH="181"
                          VPOS="787"
                          HPOS="307"
                          CONTENT="actioni"/>
                  <SP HEIGHT="59" WIDTH="16" VPOS="787" HPOS="487"/>
                  <String HEIGHT="59"
                          WIDTH="230"
                          VPOS="787"
                          HPOS="438"
                          CONTENT="renunciant"/>
                  <SP HEIGHT="59" WIDTH="16" VPOS="787" HPOS="668"/>
                  <String HEIGHT="59"
                          WIDTH="230"
                          VPOS="787"
                          HPOS="618"
                          CONTENT="religiosi,"/>
                  <SP HEIGHT="59" WIDTH="16" VPOS="787" HPOS="848"/>
                  <String HEIGHT="59"
                          WIDTH="181"
                          VPOS="787"
                          HPOS="799"
                          CONTENT="quantum"/>
                  <SP HEIGHT="59" WIDTH="16" VPOS="787" HPOS="979"/>
                  <String HEIGHT="59"
                          WIDTH="181"
                          VPOS="787"
                          HPOS="930"
                          CONTENT="patitur"/>
                  <SP HEIGHT="59" WIDTH="16" VPOS="787" HPOS="1111"/>
                  <String HEIGHT="59"
                          WIDTH="148"
                          VPOS="787"
                          HPOS="1062"
                          CONTENT="vitae"/>
                  <SP HEIGHT="59" WIDTH="16" VPOS="787" HPOS="1209"/>
                  <String HEIGHT="59"
                          WIDTH="246"
                          VPOS="787"
                          HPOS="1160"
                          CONTENT="necessitas:"/>
                  <SP HEIGHT="59" WIDTH="16" VPOS="787" HPOS="1406"/>
                  <String HEIGHT="59"
                          WIDTH="131"
                          VPOS="787"
                          HPOS="1357"
                          CONTENT="illi"/>
                  <SP HEIGHT="59" WIDTH="16" VPOS="787" HPOS="1488"/>
                  <String HEIGHT="59" WIDTH="98" VPOS="787" HPOS="1439" CONTENT="vt"/>
                  <SP HEIGHT="59" WIDTH="16" VPOS="787" HPOS="1537"/>
                  <String HEIGHT="59"
                          WIDTH="164"
                          VPOS="787"
                          HPOS="1488"
                          CONTENT="priori"/>
                  <SP HEIGHT="59" WIDTH="16" VPOS="787" HPOS="1652"/>
                  <String HEIGHT="59" WIDTH="98" VPOS="787" HPOS="1603" CONTENT="in"/>
                  <SP HEIGHT="59" WIDTH="16" VPOS="787" HPOS="1701"/>
                  <String HEIGHT="59"
                          WIDTH="213"
                          VPOS="787"
                          HPOS="1652"
                          CONTENT="principio"/>
                  <SP HEIGHT="59" WIDTH="16" VPOS="787" HPOS="1866"/>
                  <String HEIGHT="59" WIDTH="82" VPOS="787" HPOS="1800" CONTENT="con"/>
               </TextLine>
               <TextLine ID="r4l12"
                         BASELINE="897"
                         HEIGHT="57"
                         WIDTH="1726"
                         VPOS="840"
                         HPOS="151">
                  <String HEIGHT="57"
                          WIDTH="220"
                          VPOS="840"
                          HPOS="134"
                          CONTENT="uersionis"/>
                  <SP HEIGHT="57" WIDTH="17" VPOS="840" HPOS="354"/>
                  <String HEIGHT="57" WIDTH="102" VPOS="840" HPOS="303" CONTENT="se"/>
                  <SP HEIGHT="57" WIDTH="17" VPOS="840" HPOS="405"/>
                  <String HEIGHT="57"
                          WIDTH="254"
                          VPOS="840"
                          HPOS="354"
                          CONTENT="assuescunt,"/>
                  <SP HEIGHT="57" WIDTH="17" VPOS="840" HPOS="608"/>
                  <String HEIGHT="57" WIDTH="85" VPOS="840" HPOS="557" CONTENT="&amp;"/>
                  <SP HEIGHT="57" WIDTH="17" VPOS="840" HPOS="642"/>
                  <String HEIGHT="57"
                          WIDTH="135"
                          VPOS="840"
                          HPOS="591"
                          CONTENT="illa"/>
                  <SP HEIGHT="57" WIDTH="17" VPOS="840" HPOS="726"/>
                  <String HEIGHT="57" WIDTH="118" VPOS="840" HPOS="676" CONTENT="eos"/>
                  <SP HEIGHT="57" WIDTH="17" VPOS="840" HPOS="794"/>
                  <String HEIGHT="57" WIDTH="102" VPOS="840" HPOS="743" CONTENT="ad"/>
                  <SP HEIGHT="57" WIDTH="17" VPOS="840" HPOS="845"/>
                  <String HEIGHT="57"
                          WIDTH="322"
                          VPOS="840"
                          HPOS="794"
                          CONTENT="contemplationem"/>
                  <SP HEIGHT="57" WIDTH="17" VPOS="840" HPOS="1116"/>
                  <String HEIGHT="57"
                          WIDTH="220"
                          VPOS="840"
                          HPOS="1065"
                          CONTENT="disponit,"/>
                  <SP HEIGHT="57" WIDTH="17" VPOS="840" HPOS="1285"/>
                  <String HEIGHT="57" WIDTH="102" VPOS="840" HPOS="1234" CONTENT="vt"/>
                  <SP HEIGHT="57" WIDTH="17" VPOS="840" HPOS="1336"/>
                  <String HEIGHT="57"
                          WIDTH="169"
                          VPOS="840"
                          HPOS="1285"
                          CONTENT="dictum"/>
                  <SP HEIGHT="57" WIDTH="17" VPOS="840" HPOS="1454"/>
                  <String HEIGHT="57"
                          WIDTH="135"
                          VPOS="840"
                          HPOS="1403"
                          CONTENT="est:"/>
                  <SP HEIGHT="57" WIDTH="17" VPOS="840" HPOS="1539"/>
                  <String HEIGHT="57"
                          WIDTH="135"
                          VPOS="840"
                          HPOS="1488"
                          CONTENT="ista"/>
                  <SP HEIGHT="57" WIDTH="17" VPOS="840" HPOS="1623"/>
                  <String HEIGHT="57"
                          WIDTH="135"
                          VPOS="840"
                          HPOS="1572"
                          CONTENT="vero"/>
                  <SP HEIGHT="57" WIDTH="17" VPOS="840" HPOS="1708"/>
                  <String HEIGHT="57"
                          WIDTH="237"
                          VPOS="840"
                          HPOS="1640"
                          CONTENT="contemplatio"/>
               </TextLine>
               <TextLine ID="r4l13"
                         BASELINE="955"
                         HEIGHT="60"
                         WIDTH="1725"
                         VPOS="895"
                         HPOS="153">
                  <String HEIGHT="60" WIDTH="122" VPOS="895" HPOS="136" CONTENT="nem"/>
                  <SP HEIGHT="60" WIDTH="17" VPOS="895" HPOS="258"/>
                  <String HEIGHT="60"
                          WIDTH="209"
                          VPOS="895"
                          HPOS="205"
                          CONTENT="impedit."/>
                  <SP HEIGHT="60" WIDTH="17" VPOS="895" HPOS="414"/>
                  <String HEIGHT="60"
                          WIDTH="192"
                          VPOS="895"
                          HPOS="362"
                          CONTENT="dicente"/>
                  <SP HEIGHT="60" WIDTH="17" VPOS="895" HPOS="554"/>
                  <String HEIGHT="60"
                          WIDTH="227"
                          VPOS="895"
                          HPOS="501"
                          CONTENT="Gregorio."/>
                  <SP HEIGHT="60" WIDTH="17" VPOS="895" HPOS="728"/>
                  <String HEIGHT="60" WIDTH="105" VPOS="895" HPOS="676" CONTENT="v."/>
                  <SP HEIGHT="60" WIDTH="17" VPOS="895" HPOS="780"/>
                  <String HEIGHT="60"
                          WIDTH="174"
                          VPOS="895"
                          HPOS="728"
                          CONTENT="Morai."/>
                  <SP HEIGHT="60" WIDTH="17" VPOS="895" HPOS="902"/>
                  <String HEIGHT="60"
                          WIDTH="139"
                          VPOS="895"
                          HPOS="850"
                          CONTENT="cap."/>
                  <SP HEIGHT="60" WIDTH="17" VPOS="895" HPOS="989"/>
                  <String HEIGHT="60" WIDTH="122" VPOS="895" HPOS="937" CONTENT="xv."/>
                  <SP HEIGHT="60" WIDTH="17" VPOS="895" HPOS="1059"/>
                  <String HEIGHT="60"
                          WIDTH="157"
                          VPOS="895"
                          HPOS="1007"
                          CONTENT="Neque"/>
                  <SP HEIGHT="60" WIDTH="17" VPOS="895" HPOS="1164"/>
                  <String HEIGHT="60"
                          WIDTH="139"
                          VPOS="895"
                          HPOS="1111"
                          CONTENT="mens"/>
                  <SP HEIGHT="60" WIDTH="17" VPOS="895" HPOS="1251"/>
                  <String HEIGHT="60" WIDTH="105" VPOS="895" HPOS="1198" CONTENT="ad"/>
                  <SP HEIGHT="60" WIDTH="17" VPOS="895" HPOS="1303"/>
                  <String HEIGHT="60"
                          WIDTH="279"
                          VPOS="895"
                          HPOS="1251"
                          CONTENT="contemplanda"/>
                  <SP HEIGHT="60" WIDTH="17" VPOS="895" HPOS="1530"/>
                  <String HEIGHT="60"
                          WIDTH="192"
                          VPOS="895"
                          HPOS="1477"
                          CONTENT="aeterna"/>
                  <SP HEIGHT="60" WIDTH="17" VPOS="895" HPOS="1669"/>
                  <String HEIGHT="60"
                          WIDTH="261"
                          VPOS="895"
                          HPOS="1617"
                          CONTENT="perducitur,"/>
                  <SP HEIGHT="60" WIDTH="17" VPOS="895" HPOS="1878"/>
                  <String HEIGHT="60" WIDTH="70" VPOS="895" HPOS="1808" CONTENT="ni"/>
               </TextLine>
               <TextLine ID="r4l14"
                         BASELINE="1005"
                         HEIGHT="54"
                         WIDTH="1731"
                         VPOS="951"
                         HPOS="151">
                  <String HEIGHT="54" WIDTH="103" VPOS="951" HPOS="134" CONTENT="si"/>
                  <SP HEIGHT="54" WIDTH="17" VPOS="951" HPOS="237"/>
                  <String HEIGHT="54" WIDTH="103" VPOS="951" HPOS="185" CONTENT="ab"/>
                  <SP HEIGHT="54" WIDTH="17" VPOS="951" HPOS="288"/>
                  <String HEIGHT="54"
                          WIDTH="137"
                          VPOS="951"
                          HPOS="237"
                          CONTENT="his,"/>
                  <SP HEIGHT="54" WIDTH="17" VPOS="951" HPOS="374"/>
                  <String HEIGHT="54"
                          WIDTH="137"
                          VPOS="951"
                          HPOS="322"
                          CONTENT="quae"/>
                  <SP HEIGHT="54" WIDTH="17" VPOS="951" HPOS="459"/>
                  <String HEIGHT="54"
                          WIDTH="206"
                          VPOS="951"
                          HPOS="408"
                          CONTENT="exterius"/>
                  <SP HEIGHT="54" WIDTH="17" VPOS="951" HPOS="614"/>
                  <String HEIGHT="54"
                          WIDTH="240"
                          VPOS="951"
                          HPOS="562"
                          CONTENT="implicant,"/>
                  <SP HEIGHT="54" WIDTH="17" VPOS="951" HPOS="802"/>
                  <String HEIGHT="54"
                          WIDTH="206"
                          VPOS="951"
                          HPOS="751"
                          CONTENT="studiose"/>
                  <SP HEIGHT="54" WIDTH="17" VPOS="951" HPOS="957"/>
                  <String HEIGHT="54"
                          WIDTH="274"
                          VPOS="951"
                          HPOS="905"
                          CONTENT="subtrahatur."/>
                  <SP HEIGHT="54" WIDTH="17" VPOS="951" HPOS="1179"/>
                  <String HEIGHT="54"
                          WIDTH="137"
                          VPOS="951"
                          HPOS="1128"
                          CONTENT="Hinc"/>
                  <SP HEIGHT="54" WIDTH="17" VPOS="951" HPOS="1265"/>
                  <String HEIGHT="54"
                          WIDTH="137"
                          VPOS="951"
                          HPOS="1214"
                          CONTENT="enim"/>
                  <SP HEIGHT="54" WIDTH="17" VPOS="951" HPOS="1351"/>
                  <String HEIGHT="54"
                          WIDTH="189"
                          VPOS="951"
                          HPOS="1299"
                          CONTENT="veritas"/>
                  <SP HEIGHT="54" WIDTH="17" VPOS="951" HPOS="1488"/>
                  <String HEIGHT="54"
                          WIDTH="171"
                          VPOS="951"
                          HPOS="1436"
                          CONTENT="dicit."/>
                  <SP HEIGHT="54" WIDTH="17" VPOS="951" HPOS="1608"/>
                  <String HEIGHT="54"
                          WIDTH="137"
                          VPOS="951"
                          HPOS="1556"
                          CONTENT="Nemo"/>
                  <SP HEIGHT="54" WIDTH="17" VPOS="951" HPOS="1693"/>
                  <String HEIGHT="54"
                          WIDTH="171"
                          VPOS="951"
                          HPOS="1642"
                          CONTENT="potest"/>
                  <SP HEIGHT="54" WIDTH="17" VPOS="951" HPOS="1813"/>
                  <String HEIGHT="54"
                          WIDTH="137"
                          VPOS="951"
                          HPOS="1745"
                          CONTENT="duobus"/>
               </TextLine>
               <TextLine ID="r4l15"
                         BASELINE="1071"
                         HEIGHT="69"
                         WIDTH="1730"
                         VPOS="1002"
                         HPOS="150">
                  <String HEIGHT="69"
                          WIDTH="176"
                          VPOS="1002"
                          HPOS="134"
                          CONTENT="dominis"/>
                  <SP HEIGHT="69" WIDTH="16" VPOS="1002" HPOS="310"/>
                  <String HEIGHT="69"
                          WIDTH="192"
                          VPOS="1002"
                          HPOS="262"
                          CONTENT="scruire."/>
                  <SP HEIGHT="69" WIDTH="16" VPOS="1002" HPOS="454"/>
                  <String HEIGHT="69"
                          WIDTH="112"
                          VPOS="1002"
                          HPOS="406"
                          CONTENT="Est"/>
                  <SP HEIGHT="69" WIDTH="16" VPOS="1002" HPOS="518"/>
                  <String HEIGHT="69"
                          WIDTH="144"
                          VPOS="1002"
                          HPOS="470"
                          CONTENT="autem"/>
                  <SP HEIGHT="69" WIDTH="16" VPOS="1002" HPOS="615"/>
                  <String HEIGHT="69"
                          WIDTH="176"
                          VPOS="1002"
                          HPOS="566"
                          CONTENT="praeter"/>
                  <SP HEIGHT="69" WIDTH="16" VPOS="1002" HPOS="743"/>
                  <String HEIGHT="69"
                          WIDTH="160"
                          VPOS="1002"
                          HPOS="695"
                          CONTENT="dictos"/>
                  <SP HEIGHT="69" WIDTH="16" VPOS="1002" HPOS="855"/>
                  <String HEIGHT="69"
                          WIDTH="128"
                          VPOS="1002"
                          HPOS="807"
                          CONTENT="duos"/>
                  <SP HEIGHT="69" WIDTH="16" VPOS="1002" HPOS="935"/>
                  <String HEIGHT="69"
                          WIDTH="144"
                          VPOS="1002"
                          HPOS="887"
                          CONTENT="modos"/>
                  <SP HEIGHT="69" WIDTH="16" VPOS="1002" HPOS="1031"/>
                  <String HEIGHT="69"
                          WIDTH="192"
                          VPOS="1002"
                          HPOS="983"
                          CONTENT="actionum"/>
                  <SP HEIGHT="69" WIDTH="16" VPOS="1002" HPOS="1175"/>
                  <String HEIGHT="69"
                          WIDTH="128"
                          VPOS="1002"
                          HPOS="1127"
                          CONTENT="quae"/>
                  <SP HEIGHT="69" WIDTH="16" VPOS="1002" HPOS="1255"/>
                  <String HEIGHT="69"
                          WIDTH="128"
                          VPOS="1002"
                          HPOS="1207"
                          CONTENT="sunt"/>
                  <SP HEIGHT="69" WIDTH="16" VPOS="1002" HPOS="1335"/>
                  <String HEIGHT="69"
                          WIDTH="272"
                          VPOS="1002"
                          HPOS="1287"
                          CONTENT="principaliter"/>
                  <SP HEIGHT="69" WIDTH="16" VPOS="1002" HPOS="1560"/>
                  <String HEIGHT="69"
                          WIDTH="176"
                          VPOS="1002"
                          HPOS="1512"
                          CONTENT="propter"/>
                  <SP HEIGHT="69" WIDTH="16" VPOS="1002" HPOS="1688"/>
                  <String HEIGHT="69"
                          WIDTH="192"
                          VPOS="1002"
                          HPOS="1640"
                          CONTENT="seipsas,"/>
                  <SP HEIGHT="69" WIDTH="16" VPOS="1002" HPOS="1832"/>
                  <String HEIGHT="69"
                          WIDTH="112"
                          VPOS="1002"
                          HPOS="1768"
                          CONTENT="alius"/>
               </TextLine>
               <TextLine ID="r4l16"
                         BASELINE="1120"
                         HEIGHT="67"
                         WIDTH="1734"
                         VPOS="1053"
                         HPOS="157">
                  <String HEIGHT="67"
                          WIDTH="139"
                          VPOS="1053"
                          HPOS="142"
                          CONTENT="modus"/>
                  <SP HEIGHT="67" WIDTH="15" VPOS="1053" HPOS="281"/>
                  <String HEIGHT="67"
                          WIDTH="186"
                          VPOS="1053"
                          HPOS="234"
                          CONTENT="actionis"/>
                  <SP HEIGHT="67" WIDTH="15" VPOS="1053" HPOS="420"/>
                  <String HEIGHT="67"
                          WIDTH="170"
                          VPOS="1053"
                          HPOS="374"
                          CONTENT="propter"/>
                  <SP HEIGHT="67" WIDTH="15" VPOS="1053" HPOS="544"/>
                  <String HEIGHT="67"
                          WIDTH="139"
                          VPOS="1053"
                          HPOS="498"
                          CONTENT="alium"/>
                  <SP HEIGHT="67" WIDTH="15" VPOS="1053" HPOS="637"/>
                  <String HEIGHT="67" WIDTH="93" VPOS="1053" HPOS="591" CONTENT="vt"/>
                  <SP HEIGHT="67" WIDTH="15" VPOS="1053" HPOS="683"/>
                  <String HEIGHT="67"
                          WIDTH="170"
                          VPOS="1053"
                          HPOS="637"
                          CONTENT="propter"/>
                  <SP HEIGHT="67" WIDTH="15" VPOS="1053" HPOS="807"/>
                  <String HEIGHT="67"
                          WIDTH="201"
                          VPOS="1053"
                          HPOS="761"
                          CONTENT="proximum,"/>
                  <SP HEIGHT="67" WIDTH="15" VPOS="1053" HPOS="962"/>
                  <String HEIGHT="67"
                          WIDTH="155"
                          VPOS="1053"
                          HPOS="916"
                          CONTENT="qualis"/>
                  <SP HEIGHT="67" WIDTH="15" VPOS="1053" HPOS="1070"/>
                  <String HEIGHT="67"
                          WIDTH="108"
                          VPOS="1053"
                          HPOS="1024"
                          CONTENT="est"/>
                  <SP HEIGHT="67" WIDTH="15" VPOS="1053" HPOS="1132"/>
                  <String HEIGHT="67"
                          WIDTH="139"
                          VPOS="1053"
                          HPOS="1086"
                          CONTENT="actio"/>
                  <SP HEIGHT="67" WIDTH="15" VPOS="1053" HPOS="1225"/>
                  <String HEIGHT="67"
                          WIDTH="232"
                          VPOS="1053"
                          HPOS="1179"
                          CONTENT="praelatorum"/>
                  <SP HEIGHT="67" WIDTH="15" VPOS="1053" HPOS="1411"/>
                  <String HEIGHT="67"
                          WIDTH="201"
                          VPOS="1053"
                          HPOS="1365"
                          CONTENT="inquantum"/>
                  <SP HEIGHT="67" WIDTH="15" VPOS="1053" HPOS="1566"/>
                  <String HEIGHT="67"
                          WIDTH="186"
                          VPOS="1053"
                          HPOS="1519"
                          CONTENT="praelati"/>
                  <SP HEIGHT="67" WIDTH="15" VPOS="1053" HPOS="1705"/>
                  <String HEIGHT="67"
                          WIDTH="139"
                          VPOS="1053"
                          HPOS="1659"
                          CONTENT="sunt:"/>
                  <SP HEIGHT="67" WIDTH="15" VPOS="1053" HPOS="1798"/>
                  <String HEIGHT="67" WIDTH="77" VPOS="1053" HPOS="1752" CONTENT="&amp;"/>
                  <SP HEIGHT="67" WIDTH="15" VPOS="1053" HPOS="1829"/>
                  <String HEIGHT="67" WIDTH="93" VPOS="1053" HPOS="1783" CONTENT="ad"/>
                  <SP HEIGHT="67" WIDTH="15" VPOS="1053" HPOS="1876"/>
                  <String HEIGHT="67"
                          WIDTH="77"
                          VPOS="1053"
                          HPOS="1814"
                          CONTENT="vti"/>
               </TextLine>
               <TextLine ID="r4l17"
                         BASELINE="1167"
                         HEIGHT="59"
                         WIDTH="1734"
                         VPOS="1108"
                         HPOS="152">
                  <String HEIGHT="59"
                          WIDTH="180"
                          VPOS="1108"
                          HPOS="136"
                          CONTENT="litatem"/>
                  <SP HEIGHT="59" WIDTH="16" VPOS="1108" HPOS="316"/>
                  <String HEIGHT="59"
                          WIDTH="180"
                          VPOS="1108"
                          HPOS="267"
                          CONTENT="aliorum"/>
                  <SP HEIGHT="59" WIDTH="16" VPOS="1108" HPOS="446"/>
                  <String HEIGHT="59"
                          WIDTH="245"
                          VPOS="1108"
                          HPOS="397"
                          CONTENT="procurandam"/>
                  <SP HEIGHT="59" WIDTH="16" VPOS="1108" HPOS="643"/>
                  <String HEIGHT="59"
                          WIDTH="229"
                          VPOS="1108"
                          HPOS="594"
                          CONTENT="instituti."/>
                  <SP HEIGHT="59" WIDTH="16" VPOS="1108" HPOS="823"/>
                  <String HEIGHT="59"
                          WIDTH="131"
                          VPOS="1108"
                          HPOS="774"
                          CONTENT="Vnde"/>
                  <SP HEIGHT="59" WIDTH="16" VPOS="1108" HPOS="904"/>
                  <String HEIGHT="59"
                          WIDTH="147"
                          VPOS="1108"
                          HPOS="855"
                          CONTENT="dicit"/>
                  <SP HEIGHT="59" WIDTH="16" VPOS="1108" HPOS="1003"/>
                  <String HEIGHT="59"
                          WIDTH="229"
                          VPOS="1108"
                          HPOS="954"
                          CONTENT="Augustinus"/>
                  <SP HEIGHT="59" WIDTH="16" VPOS="1108" HPOS="1183"/>
                  <String HEIGHT="59"
                          WIDTH="131"
                          VPOS="1108"
                          HPOS="1134"
                          CONTENT="xix."/>
                  <SP HEIGHT="59" WIDTH="16" VPOS="1108" HPOS="1264"/>
                  <String HEIGHT="59" WIDTH="98" VPOS="1108" HPOS="1215" CONTENT="de"/>
                  <SP HEIGHT="59" WIDTH="16" VPOS="1108" HPOS="1313"/>
                  <String HEIGHT="59"
                          WIDTH="196"
                          VPOS="1108"
                          HPOS="1264"
                          CONTENT="ciuitate"/>
                  <SP HEIGHT="59" WIDTH="16" VPOS="1108" HPOS="1461"/>
                  <String HEIGHT="59"
                          WIDTH="131"
                          VPOS="1108"
                          HPOS="1412"
                          CONTENT="dei."/>
                  <SP HEIGHT="59" WIDTH="16" VPOS="1108" HPOS="1542"/>
                  <String HEIGHT="59"
                          WIDTH="131"
                          VPOS="1108"
                          HPOS="1493"
                          CONTENT="cap."/>
                  <SP HEIGHT="59" WIDTH="16" VPOS="1108" HPOS="1624"/>
                  <String HEIGHT="59"
                          WIDTH="164"
                          VPOS="1108"
                          HPOS="1575"
                          CONTENT="xviii."/>
                  <SP HEIGHT="59" WIDTH="16" VPOS="1108" HPOS="1739"/>
                  <String HEIGHT="59"
                          WIDTH="213"
                          VPOS="1108"
                          HPOS="1673"
                          CONTENT="Episcopatus"/>
               </TextLine>
               <TextLine ID="r4l18"
                         BASELINE="1231"
                         HEIGHT="67"
                         WIDTH="1731"
                         VPOS="1164"
                         HPOS="152">
                  <String HEIGHT="67"
                          WIDTH="146"
                          VPOS="1164"
                          HPOS="136"
                          CONTENT="nomen"/>
                  <SP HEIGHT="67" WIDTH="16" VPOS="1164" HPOS="281"/>
                  <String HEIGHT="67"
                          WIDTH="113"
                          VPOS="1164"
                          HPOS="233"
                          CONTENT="est"/>
                  <SP HEIGHT="67" WIDTH="16" VPOS="1164" HPOS="346"/>
                  <String HEIGHT="67"
                          WIDTH="162"
                          VPOS="1164"
                          HPOS="298"
                          CONTENT="operis"/>
                  <SP HEIGHT="67" WIDTH="16" VPOS="1164" HPOS="459"/>
                  <String HEIGHT="67"
                          WIDTH="113"
                          VPOS="1164"
                          HPOS="411"
                          CONTENT="non"/>
                  <SP HEIGHT="67" WIDTH="16" VPOS="1164" HPOS="524"/>
                  <String HEIGHT="67"
                          WIDTH="194"
                          VPOS="1164"
                          HPOS="476"
                          CONTENT="honoris:"/>
                  <SP HEIGHT="67" WIDTH="16" VPOS="1164" HPOS="670"/>
                  <String HEIGHT="67"
                          WIDTH="146"
                          VPOS="1164"
                          HPOS="621"
                          CONTENT="atque"/>
                  <SP HEIGHT="67" WIDTH="16" VPOS="1164" HPOS="767"/>
                  <String HEIGHT="67"
                          WIDTH="129"
                          VPOS="1164"
                          HPOS="718"
                          CONTENT="inde"/>
                  <SP HEIGHT="67" WIDTH="16" VPOS="1164" HPOS="848"/>
                  <String HEIGHT="67"
                          WIDTH="162"
                          VPOS="1164"
                          HPOS="799"
                          CONTENT="ductum"/>
                  <SP HEIGHT="67" WIDTH="16" VPOS="1164" HPOS="961"/>
                  <String HEIGHT="67"
                          WIDTH="226"
                          VPOS="1164"
                          HPOS="912"
                          CONTENT="vocabulum,"/>
                  <SP HEIGHT="67" WIDTH="16" VPOS="1164" HPOS="1139"/>
                  <String HEIGHT="67"
                          WIDTH="129"
                          VPOS="1164"
                          HPOS="1090"
                          CONTENT="quod"/>
                  <SP HEIGHT="67" WIDTH="16" VPOS="1164" HPOS="1220"/>
                  <String HEIGHT="67"
                          WIDTH="129"
                          VPOS="1164"
                          HPOS="1171"
                          CONTENT="ille"/>
                  <SP HEIGHT="67" WIDTH="16" VPOS="1164" HPOS="1301"/>
                  <String HEIGHT="67"
                          WIDTH="113"
                          VPOS="1164"
                          HPOS="1252"
                          CONTENT="qui"/>
                  <SP HEIGHT="67" WIDTH="16" VPOS="1164" HPOS="1365"/>
                  <String HEIGHT="67"
                          WIDTH="259"
                          VPOS="1164"
                          HPOS="1317"
                          CONTENT="praeficitur,"/>
                  <SP HEIGHT="67" WIDTH="16" VPOS="1164" HPOS="1576"/>
                  <String HEIGHT="67"
                          WIDTH="113"
                          VPOS="1164"
                          HPOS="1527"
                          CONTENT="eis"/>
                  <SP HEIGHT="67" WIDTH="16" VPOS="1164" HPOS="1640"/>
                  <String HEIGHT="67"
                          WIDTH="162"
                          VPOS="1164"
                          HPOS="1592"
                          CONTENT="quibus"/>
                  <SP HEIGHT="67" WIDTH="16" VPOS="1164" HPOS="1754"/>
                  <String HEIGHT="67"
                          WIDTH="194"
                          VPOS="1164"
                          HPOS="1689"
                          CONTENT="praficitur"/>
               </TextLine>
               <TextLine ID="r4l19"
                         BASELINE="1277"
                         HEIGHT="61"
                         WIDTH="1729"
                         VPOS="1216"
                         HPOS="155">
                  <String HEIGHT="61"
                          WIDTH="286"
                          VPOS="1216"
                          HPOS="139"
                          CONTENT="superintendit,"/>
                  <SP HEIGHT="61" WIDTH="16" VPOS="1216" HPOS="425"/>
                  <String HEIGHT="61"
                          WIDTH="143"
                          VPOS="1216"
                          HPOS="377"
                          CONTENT="curam"/>
                  <SP HEIGHT="61" WIDTH="16" VPOS="1216" HPOS="520"/>
                  <String HEIGHT="61"
                          WIDTH="190"
                          VPOS="1216"
                          HPOS="472"
                          CONTENT="scilicet"/>
                  <SP HEIGHT="61" WIDTH="16" VPOS="1216" HPOS="663"/>
                  <String HEIGHT="61"
                          WIDTH="143"
                          VPOS="1216"
                          HPOS="615"
                          CONTENT="eorum"/>
                  <SP HEIGHT="61" WIDTH="16" VPOS="1216" HPOS="758"/>
                  <String HEIGHT="61"
                          WIDTH="174"
                          VPOS="1216"
                          HPOS="710"
                          CONTENT="gerens."/>
                  <SP HEIGHT="61" WIDTH="16" VPOS="1216" HPOS="885"/>
                  <String HEIGHT="61"
                          WIDTH="111"
                          VPOS="1216"
                          HPOS="837"
                          CONTENT="Epi"/>
                  <SP HEIGHT="61" WIDTH="16" VPOS="1216" HPOS="948"/>
                  <String HEIGHT="61"
                          WIDTH="127"
                          VPOS="1216"
                          HPOS="901"
                          CONTENT="enim"/>
                  <SP HEIGHT="61" WIDTH="16" VPOS="1216" HPOS="1027"/>
                  <String HEIGHT="61"
                          WIDTH="159"
                          VPOS="1216"
                          HPOS="980"
                          CONTENT="super,"/>
                  <SP HEIGHT="61" WIDTH="16" VPOS="1216" HPOS="1138"/>
                  <String HEIGHT="61"
                          WIDTH="159"
                          VPOS="1216"
                          HPOS="1091"
                          CONTENT="scopos"/>
                  <SP HEIGHT="61" WIDTH="16" VPOS="1216" HPOS="1250"/>
                  <String HEIGHT="61"
                          WIDTH="143"
                          VPOS="1216"
                          HPOS="1202"
                          CONTENT="autem"/>
                  <SP HEIGHT="61" WIDTH="16" VPOS="1216" HPOS="1345"/>
                  <String HEIGHT="61"
                          WIDTH="190"
                          VPOS="1216"
                          HPOS="1297"
                          CONTENT="intentio"/>
                  <SP HEIGHT="61" WIDTH="16" VPOS="1216" HPOS="1487"/>
                  <String HEIGHT="61"
                          WIDTH="190"
                          VPOS="1216"
                          HPOS="1440"
                          CONTENT="dicitur."/>
                  <SP HEIGHT="61" WIDTH="16" VPOS="1216" HPOS="1630"/>
                  <String HEIGHT="61"
                          WIDTH="143"
                          VPOS="1216"
                          HPOS="1583"
                          CONTENT="Sicut"/>
                  <SP HEIGHT="61" WIDTH="16" VPOS="1216" HPOS="1725"/>
                  <String HEIGHT="61"
                          WIDTH="143"
                          VPOS="1216"
                          HPOS="1678"
                          CONTENT="autem"/>
                  <SP HEIGHT="61" WIDTH="16" VPOS="1216" HPOS="1821"/>
                  <String HEIGHT="61"
                          WIDTH="127"
                          VPOS="1216"
                          HPOS="1757"
                          CONTENT="episco"/>
               </TextLine>
               <TextLine ID="r4l20"
                         BASELINE="1334"
                         HEIGHT="58"
                         WIDTH="1723"
                         VPOS="1276"
                         HPOS="151">
                  <String HEIGHT="58"
                          WIDTH="119"
                          VPOS="1276"
                          HPOS="134"
                          CONTENT="pus"/>
                  <SP HEIGHT="58" WIDTH="17" VPOS="1276" HPOS="253"/>
                  <String HEIGHT="58"
                          WIDTH="136"
                          VPOS="1276"
                          HPOS="202"
                          CONTENT="est:"/>
                  <SP HEIGHT="58" WIDTH="17" VPOS="1276" HPOS="339"/>
                  <String HEIGHT="58"
                          WIDTH="136"
                          VPOS="1276"
                          HPOS="287"
                          CONTENT="quia"/>
                  <SP HEIGHT="58" WIDTH="17" VPOS="1276" HPOS="424"/>
                  <String HEIGHT="58"
                          WIDTH="119"
                          VPOS="1276"
                          HPOS="373"
                          CONTENT="per"/>
                  <SP HEIGHT="58" WIDTH="17" VPOS="1276" HPOS="492"/>
                  <String HEIGHT="58"
                          WIDTH="154"
                          VPOS="1276"
                          HPOS="441"
                          CONTENT="curam"/>
                  <SP HEIGHT="58" WIDTH="17" VPOS="1276" HPOS="595"/>
                  <String HEIGHT="58"
                          WIDTH="239"
                          VPOS="1276"
                          HPOS="543"
                          CONTENT="superiorem"/>
                  <SP HEIGHT="58" WIDTH="17" VPOS="1276" HPOS="782"/>
                  <String HEIGHT="58"
                          WIDTH="307"
                          VPOS="1276"
                          HPOS="731"
                          CONTENT="superintendens"/>
                  <SP HEIGHT="58" WIDTH="17" VPOS="1276" HPOS="1038"/>
                  <String HEIGHT="58"
                          WIDTH="171"
                          VPOS="1276"
                          HPOS="987"
                          CONTENT="saluti"/>
                  <SP HEIGHT="58" WIDTH="17" VPOS="1276" HPOS="1158"/>
                  <String HEIGHT="58"
                          WIDTH="188"
                          VPOS="1276"
                          HPOS="1106"
                          CONTENT="aliorum"/>
                  <SP HEIGHT="58" WIDTH="17" VPOS="1276" HPOS="1294"/>
                  <String HEIGHT="58"
                          WIDTH="136"
                          VPOS="1276"
                          HPOS="1243"
                          CONTENT="esse"/>
                  <SP HEIGHT="58" WIDTH="17" VPOS="1276" HPOS="1379"/>
                  <String HEIGHT="58"
                          WIDTH="171"
                          VPOS="1276"
                          HPOS="1328"
                          CONTENT="debet:"/>
                  <SP HEIGHT="58" WIDTH="17" VPOS="1276" HPOS="1499"/>
                  <String HEIGHT="58"
                          WIDTH="119"
                          VPOS="1276"
                          HPOS="1448"
                          CONTENT="sic"/>
                  <SP HEIGHT="58" WIDTH="17" VPOS="1276" HPOS="1567"/>
                  <String HEIGHT="58"
                          WIDTH="205"
                          VPOS="1276"
                          HPOS="1516"
                          CONTENT="quilibet"/>
                  <SP HEIGHT="58" WIDTH="17" VPOS="1276" HPOS="1720"/>
                  <String HEIGHT="58"
                          WIDTH="239"
                          VPOS="1276"
                          HPOS="1669"
                          CONTENT="inferiorum"/>
                  <SP HEIGHT="58" WIDTH="17" VPOS="1276" HPOS="1908"/>
                  <String HEIGHT="58" WIDTH="34" VPOS="1276" HPOS="1840" CONTENT=""/>
               </TextLine>
               <TextLine ID="r4l21"
                         BASELINE="1389"
                         HEIGHT="63"
                         WIDTH="1723"
                         VPOS="1326"
                         HPOS="157">
                  <String HEIGHT="63"
                          WIDTH="243"
                          VPOS="1326"
                          HPOS="138"
                          CONTENT="curatorum"/>
                  <SP HEIGHT="63" WIDTH="19" VPOS="1326" HPOS="382"/>
                  <String HEIGHT="63"
                          WIDTH="262"
                          VPOS="1326"
                          HPOS="326"
                          CONTENT="hyposcopus"/>
                  <SP HEIGHT="63" WIDTH="19" VPOS="1326" HPOS="588"/>
                  <String HEIGHT="63"
                          WIDTH="150"
                          VPOS="1326"
                          HPOS="532"
                          CONTENT="est:"/>
                  <SP HEIGHT="63" WIDTH="19" VPOS="1326" HPOS="681"/>
                  <String HEIGHT="63"
                          WIDTH="150"
                          VPOS="1326"
                          HPOS="625"
                          CONTENT="quia"/>
                  <SP HEIGHT="63" WIDTH="19" VPOS="1326" HPOS="775"/>
                  <String HEIGHT="63"
                          WIDTH="131"
                          VPOS="1326"
                          HPOS="719"
                          CONTENT="per"/>
                  <SP HEIGHT="63" WIDTH="19" VPOS="1326" HPOS="850"/>
                  <String HEIGHT="63"
                          WIDTH="169"
                          VPOS="1326"
                          HPOS="794"
                          CONTENT="curam"/>
                  <SP HEIGHT="63" WIDTH="19" VPOS="1326" HPOS="962"/>
                  <String HEIGHT="63"
                          WIDTH="262"
                          VPOS="1326"
                          HPOS="906"
                          CONTENT="inferiorem"/>
                  <SP HEIGHT="63" WIDTH="19" VPOS="1326" HPOS="1168"/>
                  <String HEIGHT="63"
                          WIDTH="187"
                          VPOS="1326"
                          HPOS="1112"
                          CONTENT="saluti"/>
                  <SP HEIGHT="63" WIDTH="19" VPOS="1326" HPOS="1299"/>
                  <String HEIGHT="63"
                          WIDTH="262"
                          VPOS="1326"
                          HPOS="1243"
                          CONTENT="subditorum"/>
                  <SP HEIGHT="63" WIDTH="19" VPOS="1326" HPOS="1505"/>
                  <String HEIGHT="63"
                          WIDTH="187"
                          VPOS="1326"
                          HPOS="1449"
                          CONTENT="suorum"/>
                  <SP HEIGHT="63" WIDTH="19" VPOS="1326" HPOS="1637"/>
                  <String HEIGHT="63"
                          WIDTH="243"
                          VPOS="1326"
                          HPOS="1580"
                          CONTENT="intendere"/>
                  <SP HEIGHT="63" WIDTH="19" VPOS="1326" HPOS="1824"/>
                  <String HEIGHT="63"
                          WIDTH="131"
                          VPOS="1326"
                          HPOS="1749"
                          CONTENT="debet"/>
               </TextLine>
               <TextLine ID="r4l22"
                         BASELINE="1437"
                         HEIGHT="60"
                         WIDTH="1721"
                         VPOS="1377"
                         HPOS="158">
                  <String HEIGHT="60"
                          WIDTH="172"
                          VPOS="1377"
                          HPOS="142"
                          CONTENT="Propter"/>
                  <SP HEIGHT="60" WIDTH="16" VPOS="1377" HPOS="314"/>
                  <String HEIGHT="60"
                          WIDTH="125"
                          VPOS="1377"
                          HPOS="268"
                          CONTENT="quod"/>
                  <SP HEIGHT="60" WIDTH="16" VPOS="1377" HPOS="393"/>
                  <String HEIGHT="60"
                          WIDTH="141"
                          VPOS="1377"
                          HPOS="346"
                          CONTENT="alibi"/>
                  <SP HEIGHT="60" WIDTH="16" VPOS="1377" HPOS="487"/>
                  <String HEIGHT="60"
                          WIDTH="141"
                          VPOS="1377"
                          HPOS="440"
                          CONTENT="dicit"/>
                  <SP HEIGHT="60" WIDTH="16" VPOS="1377" HPOS="580"/>
                  <String HEIGHT="60"
                          WIDTH="219"
                          VPOS="1377"
                          HPOS="533"
                          CONTENT="Augustinus"/>
                  <SP HEIGHT="60" WIDTH="16" VPOS="1377" HPOS="753"/>
                  <String HEIGHT="60"
                          WIDTH="125"
                          VPOS="1377"
                          HPOS="706"
                          CONTENT="Quia"/>
                  <SP HEIGHT="60" WIDTH="16" VPOS="1377" HPOS="831"/>
                  <String HEIGHT="60"
                          WIDTH="125"
                          VPOS="1377"
                          HPOS="784"
                          CONTENT="boni"/>
                  <SP HEIGHT="60" WIDTH="16" VPOS="1377" HPOS="909"/>
                  <String HEIGHT="60"
                          WIDTH="125"
                          VPOS="1377"
                          HPOS="862"
                          CONTENT="viri"/>
                  <SP HEIGHT="60" WIDTH="16" VPOS="1377" HPOS="987"/>
                  <String HEIGHT="60"
                          WIDTH="141"
                          VPOS="1377"
                          HPOS="940"
                          CONTENT="sumus"/>
                  <SP HEIGHT="60" WIDTH="16" VPOS="1377" HPOS="1081"/>
                  <String HEIGHT="60"
                          WIDTH="172"
                          VPOS="1377"
                          HPOS="1034"
                          CONTENT="propter"/>
                  <SP HEIGHT="60" WIDTH="16" VPOS="1377" HPOS="1206"/>
                  <String HEIGHT="60"
                          WIDTH="110"
                          VPOS="1377"
                          HPOS="1159"
                          CONTENT="nos"/>
                  <SP HEIGHT="60" WIDTH="16" VPOS="1377" HPOS="1269"/>
                  <String HEIGHT="60"
                          WIDTH="125"
                          VPOS="1377"
                          HPOS="1222"
                          CONTENT="est,"/>
                  <SP HEIGHT="60" WIDTH="16" VPOS="1377" HPOS="1347"/>
                  <String HEIGHT="60"
                          WIDTH="125"
                          VPOS="1377"
                          HPOS="1300"
                          CONTENT="quod"/>
                  <SP HEIGHT="60" WIDTH="16" VPOS="1377" HPOS="1425"/>
                  <String HEIGHT="60"
                          WIDTH="125"
                          VPOS="1377"
                          HPOS="1378"
                          CONTENT="boni"/>
                  <SP HEIGHT="60" WIDTH="16" VPOS="1377" HPOS="1504"/>
                  <String HEIGHT="60"
                          WIDTH="188"
                          VPOS="1377"
                          HPOS="1457"
                          CONTENT="episcopi"/>
                  <SP HEIGHT="60" WIDTH="16" VPOS="1377" HPOS="1644"/>
                  <String HEIGHT="60"
                          WIDTH="141"
                          VPOS="1377"
                          HPOS="1597"
                          CONTENT="sumus"/>
                  <SP HEIGHT="60" WIDTH="16" VPOS="1377" HPOS="1738"/>
                  <String HEIGHT="60"
                          WIDTH="172"
                          VPOS="1377"
                          HPOS="1691"
                          CONTENT="propter"/>
                  <SP HEIGHT="60" WIDTH="16" VPOS="1377" HPOS="1863"/>
                  <String HEIGHT="60"
                          WIDTH="78"
                          VPOS="1377"
                          HPOS="1801"
                          CONTENT="ali"/>
               </TextLine>
               <TextLine ID="r4l23"
                         BASELINE="1493"
                         HEIGHT="63"
                         WIDTH="1719"
                         VPOS="1430"
                         HPOS="154">
                  <String HEIGHT="63" WIDTH="99" VPOS="1430" HPOS="137" CONTENT="os"/>
                  <SP HEIGHT="63" WIDTH="17" VPOS="1430" HPOS="237"/>
                  <String HEIGHT="63"
                          WIDTH="132"
                          VPOS="1430"
                          HPOS="187"
                          CONTENT="est."/>
                  <SP HEIGHT="63" WIDTH="17" VPOS="1430" HPOS="319"/>
                  <String HEIGHT="63"
                          WIDTH="149"
                          VPOS="1430"
                          HPOS="270"
                          CONTENT="Talis"/>
                  <SP HEIGHT="63" WIDTH="17" VPOS="1430" HPOS="418"/>
                  <String HEIGHT="63"
                          WIDTH="149"
                          VPOS="1430"
                          HPOS="369"
                          CONTENT="autem"/>
                  <SP HEIGHT="63" WIDTH="17" VPOS="1430" HPOS="518"/>
                  <String HEIGHT="63"
                          WIDTH="149"
                          VPOS="1430"
                          HPOS="468"
                          CONTENT="actio"/>
                  <SP HEIGHT="63" WIDTH="17" VPOS="1430" HPOS="617"/>
                  <String HEIGHT="63" WIDTH="99" VPOS="1430" HPOS="567" CONTENT="ex"/>
                  <SP HEIGHT="63" WIDTH="17" VPOS="1430" HPOS="666"/>
                  <String HEIGHT="63"
                          WIDTH="248"
                          VPOS="1430"
                          HPOS="617"
                          CONTENT="perfectione"/>
                  <SP HEIGHT="63" WIDTH="17" VPOS="1430" HPOS="865"/>
                  <String HEIGHT="63"
                          WIDTH="314"
                          VPOS="1430"
                          HPOS="815"
                          CONTENT="contemplationis"/>
                  <SP HEIGHT="63" WIDTH="17" VPOS="1430" HPOS="1129"/>
                  <String HEIGHT="63"
                          WIDTH="215"
                          VPOS="1430"
                          HPOS="1080"
                          CONTENT="procedit:"/>
                  <SP HEIGHT="63" WIDTH="17" VPOS="1430" HPOS="1294"/>
                  <String HEIGHT="63"
                          WIDTH="149"
                          VPOS="1430"
                          HPOS="1245"
                          CONTENT="sicut"/>
                  <SP HEIGHT="63" WIDTH="17" VPOS="1430" HPOS="1394"/>
                  <String HEIGHT="63"
                          WIDTH="149"
                          VPOS="1430"
                          HPOS="1344"
                          CONTENT="prima"/>
                  <SP HEIGHT="63" WIDTH="17" VPOS="1430" HPOS="1493"/>
                  <String HEIGHT="63"
                          WIDTH="149"
                          VPOS="1430"
                          HPOS="1443"
                          CONTENT="actio"/>
                  <SP HEIGHT="63" WIDTH="17" VPOS="1430" HPOS="1592"/>
                  <String HEIGHT="63" WIDTH="99" VPOS="1430" HPOS="1542" CONTENT="ad"/>
                  <SP HEIGHT="63" WIDTH="17" VPOS="1430" HPOS="1642"/>
                  <String HEIGHT="63"
                          WIDTH="264"
                          VPOS="1430"
                          HPOS="1592"
                          CONTENT="perfectionem"/>
                  <SP HEIGHT="63" WIDTH="17" VPOS="1430" HPOS="1856"/>
                  <String HEIGHT="63"
                          WIDTH="83"
                          VPOS="1430"
                          HPOS="1790"
                          CONTENT="con"/>
               </TextLine>
               <TextLine ID="r4l24"
                         BASELINE="1543"
                         HEIGHT="60"
                         WIDTH="1723"
                         VPOS="1483"
                         HPOS="149">
                  <String HEIGHT="60"
                          WIDTH="270"
                          VPOS="1483"
                          HPOS="132"
                          CONTENT="templationis"/>
                  <SP HEIGHT="60" WIDTH="17" VPOS="1483" HPOS="402"/>
                  <String HEIGHT="60"
                          WIDTH="220"
                          VPOS="1483"
                          HPOS="352"
                          CONTENT="disponit:"/>
                  <SP HEIGHT="60" WIDTH="17" VPOS="1483" HPOS="571"/>
                  <String HEIGHT="60"
                          WIDTH="152"
                          VPOS="1483"
                          HPOS="521"
                          CONTENT="sicut"/>
                  <SP HEIGHT="60" WIDTH="17" VPOS="1483" HPOS="673"/>
                  <String HEIGHT="60"
                          WIDTH="118"
                          VPOS="1483"
                          HPOS="622"
                          CONTENT="iam"/>
                  <SP HEIGHT="60" WIDTH="17" VPOS="1483" HPOS="740"/>
                  <String HEIGHT="60"
                          WIDTH="152"
                          VPOS="1483"
                          HPOS="690"
                          CONTENT="infra"/>
                  <SP HEIGHT="60" WIDTH="17" VPOS="1483" HPOS="842"/>
                  <String HEIGHT="60"
                          WIDTH="287"
                          VPOS="1483"
                          HPOS="791"
                          CONTENT="declarabitur."/>
                  <SP HEIGHT="60" WIDTH="17" VPOS="1483" HPOS="1078"/>
                  <String HEIGHT="60"
                          WIDTH="152"
                          VPOS="1483"
                          HPOS="1027"
                          CONTENT="Inter"/>
                  <SP HEIGHT="60" WIDTH="17" VPOS="1483" HPOS="1179"/>
                  <String HEIGHT="60"
                          WIDTH="152"
                          VPOS="1483"
                          HPOS="1129"
                          CONTENT="talem"/>
                  <SP HEIGHT="60" WIDTH="17" VPOS="1483" HPOS="1281"/>
                  <String HEIGHT="60"
                          WIDTH="152"
                          VPOS="1483"
                          HPOS="1230"
                          CONTENT="autem"/>
                  <SP HEIGHT="60" WIDTH="17" VPOS="1483" HPOS="1382"/>
                  <String HEIGHT="60"
                          WIDTH="203"
                          VPOS="1483"
                          HPOS="1331"
                          CONTENT="actionem"/>
                  <SP HEIGHT="60" WIDTH="17" VPOS="1483" HPOS="1534"/>
                  <String HEIGHT="60"
                          WIDTH="135"
                          VPOS="1483"
                          HPOS="1483"
                          CONTENT="quae"/>
                  <SP HEIGHT="60" WIDTH="17" VPOS="1483" HPOS="1619"/>
                  <String HEIGHT="60"
                          WIDTH="253"
                          VPOS="1483"
                          HPOS="1568"
                          CONTENT="necessitati"/>
                  <SP HEIGHT="60" WIDTH="17" VPOS="1483" HPOS="1821"/>
                  <String HEIGHT="60"
                          WIDTH="118"
                          VPOS="1483"
                          HPOS="1754"
                          CONTENT="prae"
                          SUBS_TYPE="HypPart1"
                          SUBS_CONTENT="praesentis"/>
                  <HYP CONTENT="-"/>
               </TextLine>
               <TextLine ID="r4l25"
                         BASELINE="1608"
                         HEIGHT="71"
                         WIDTH="1725"
                         VPOS="1537"
                         HPOS="149">
                  <String HEIGHT="71"
                          WIDTH="178"
                          VPOS="1537"
                          HPOS="131"
                          CONTENT="sentis"
                          SUBS_TYPE="HypPart2"
                          SUBS_CONTENT="praesentis"/>
                  <SP HEIGHT="71" WIDTH="18" VPOS="1537" HPOS="309"/>
                  <String HEIGHT="71"
                          WIDTH="160"
                          VPOS="1537"
                          HPOS="256"
                          CONTENT="vitae"/>
                  <SP HEIGHT="71" WIDTH="18" VPOS="1537" HPOS="416"/>
                  <String HEIGHT="71"
                          WIDTH="213"
                          VPOS="1537"
                          HPOS="362"
                          CONTENT="deseruit"/>
                  <SP HEIGHT="71" WIDTH="18" VPOS="1537" HPOS="576"/>
                  <String HEIGHT="71"
                          WIDTH="302"
                          VPOS="1537"
                          HPOS="522"
                          CONTENT="principaliter"/>
                  <SP HEIGHT="71" WIDTH="18" VPOS="1537" HPOS="825"/>
                  <String HEIGHT="71"
                          WIDTH="196"
                          VPOS="1537"
                          HPOS="771"
                          CONTENT="propter"/>
                  <SP HEIGHT="71" WIDTH="18" VPOS="1537" HPOS="967"/>
                  <String HEIGHT="71"
                          WIDTH="231"
                          VPOS="1537"
                          HPOS="914"
                          CONTENT="profectum"/>
                  <SP HEIGHT="71" WIDTH="18" VPOS="1537" HPOS="1145"/>
                  <String HEIGHT="71"
                          WIDTH="213"
                          VPOS="1537"
                          HPOS="1092"
                          CONTENT="aliorum:"/>
                  <SP HEIGHT="71" WIDTH="18" VPOS="1537" HPOS="1305"/>
                  <String HEIGHT="71" WIDTH="89" VPOS="1537" HPOS="1252" CONTENT="&amp;"/>
                  <SP HEIGHT="71" WIDTH="18" VPOS="1537" HPOS="1340"/>
                  <String HEIGHT="71"
                          WIDTH="338"
                          VPOS="1537"
                          HPOS="1287"
                          CONTENT="contemplationem"/>
                  <SP HEIGHT="71" WIDTH="18" VPOS="1537" HPOS="1625"/>
                  <String HEIGHT="71"
                          WIDTH="160"
                          VPOS="1537"
                          HPOS="1572"
                          CONTENT="vitae"/>
                  <SP HEIGHT="71" WIDTH="18" VPOS="1537" HPOS="1732"/>
                  <String HEIGHT="71"
                          WIDTH="213"
                          VPOS="1537"
                          HPOS="1661"
                          CONTENT="praesentis"/>
               </TextLine>
               <TextLine ID="r4l26"
                         BASELINE="1652"
                         HEIGHT="60"
                         WIDTH="1721"
                         VPOS="1592"
                         HPOS="152">
                  <String HEIGHT="60"
                          WIDTH="233"
                          VPOS="1592"
                          HPOS="136"
                          CONTENT="quaestionis"/>
                  <SP HEIGHT="60" WIDTH="16" VPOS="1592" HPOS="369"/>
                  <String HEIGHT="60"
                          WIDTH="171"
                          VPOS="1592"
                          HPOS="323"
                          CONTENT="nostrae"/>
                  <SP HEIGHT="60" WIDTH="16" VPOS="1592" HPOS="493"/>
                  <String HEIGHT="60"
                          WIDTH="186"
                          VPOS="1592"
                          HPOS="447"
                          CONTENT="intentio"/>
                  <SP HEIGHT="60" WIDTH="16" VPOS="1592" HPOS="633"/>
                  <String HEIGHT="60"
                          WIDTH="186"
                          VPOS="1592"
                          HPOS="586"
                          CONTENT="arctanda"/>
                  <SP HEIGHT="60" WIDTH="16" VPOS="1592" HPOS="772"/>
                  <String HEIGHT="60"
                          WIDTH="124"
                          VPOS="1592"
                          HPOS="726"
                          CONTENT="est:"/>
                  <SP HEIGHT="60" WIDTH="16" VPOS="1592" HPOS="850"/>
                  <String HEIGHT="60"
                          WIDTH="124"
                          VPOS="1592"
                          HPOS="803"
                          CONTENT="quae"/>
                  <SP HEIGHT="60" WIDTH="16" VPOS="1592" HPOS="927"/>
                  <String HEIGHT="60"
                          WIDTH="202"
                          VPOS="1592"
                          HPOS="881"
                          CONTENT="signantur"/>
                  <SP HEIGHT="60" WIDTH="16" VPOS="1592" HPOS="1082"/>
                  <String HEIGHT="60"
                          WIDTH="109"
                          VPOS="1592"
                          HPOS="1036"
                          CONTENT="per"/>
                  <SP HEIGHT="60" WIDTH="16" VPOS="1592" HPOS="1144"/>
                  <String HEIGHT="60"
                          WIDTH="171"
                          VPOS="1592"
                          HPOS="1098"
                          CONTENT="Martham"/>
                  <SP HEIGHT="60" WIDTH="16" VPOS="1592" HPOS="1268"/>
                  <String HEIGHT="60" WIDTH="78" VPOS="1592" HPOS="1222" CONTENT="&amp;"/>
                  <SP HEIGHT="60" WIDTH="16" VPOS="1592" HPOS="1299"/>
                  <String HEIGHT="60"
                          WIDTH="171"
                          VPOS="1592"
                          HPOS="1253"
                          CONTENT="Mariam:"/>
                  <SP HEIGHT="60" WIDTH="16" VPOS="1592" HPOS="1423"/>
                  <String HEIGHT="60"
                          WIDTH="171"
                          VPOS="1592"
                          HPOS="1377"
                          CONTENT="dicente"/>
                  <SP HEIGHT="60" WIDTH="16" VPOS="1592" HPOS="1547"/>
                  <String HEIGHT="60"
                          WIDTH="140"
                          VPOS="1592"
                          HPOS="1501"
                          CONTENT="glos."/>
                  <SP HEIGHT="60" WIDTH="16" VPOS="1592" HPOS="1640"/>
                  <String HEIGHT="60"
                          WIDTH="155"
                          VPOS="1592"
                          HPOS="1594"
                          CONTENT="Lucae."/>
                  <SP HEIGHT="60" WIDTH="16" VPOS="1592" HPOS="1749"/>
                  <String HEIGHT="60" WIDTH="93" VPOS="1592" HPOS="1702" CONTENT="x."/>
                  <SP HEIGHT="60" WIDTH="16" VPOS="1592" HPOS="1795"/>
                  <String HEIGHT="60"
                          WIDTH="109"
                          VPOS="1592"
                          HPOS="1749"
                          CONTENT="Per"/>
                  <SP HEIGHT="60" WIDTH="16" VPOS="1592" HPOS="1857"/>
                  <String HEIGHT="60" WIDTH="93" VPOS="1592" HPOS="1811" CONTENT="du"/>
                  <SP HEIGHT="60" WIDTH="16" VPOS="1592" HPOS="1904"/>
                  <String HEIGHT="60" WIDTH="31" VPOS="1592" HPOS="1842" CONTENT=""/>
               </TextLine>
               <TextLine ID="r4l27"
                         BASELINE="1713"
                         HEIGHT="60"
                         WIDTH="1710"
                         VPOS="1653"
                         HPOS="160">
                  <String HEIGHT="60" WIDTH="103" VPOS="1653" HPOS="143" CONTENT="as"/>
                  <SP HEIGHT="60" WIDTH="17" VPOS="1653" HPOS="246"/>
                  <String HEIGHT="60"
                          WIDTH="188"
                          VPOS="1653"
                          HPOS="194"
                          CONTENT="forores"/>
                  <SP HEIGHT="60" WIDTH="17" VPOS="1653" HPOS="382"/>
                  <String HEIGHT="60"
                          WIDTH="137"
                          VPOS="1653"
                          HPOS="331"
                          CONTENT="duae"/>
                  <SP HEIGHT="60" WIDTH="17" VPOS="1653" HPOS="468"/>
                  <String HEIGHT="60"
                          WIDTH="222"
                          VPOS="1653"
                          HPOS="416"
                          CONTENT="signantur"/>
                  <SP HEIGHT="60" WIDTH="17" VPOS="1653" HPOS="639"/>
                  <String HEIGHT="60"
                          WIDTH="154"
                          VPOS="1653"
                          HPOS="587"
                          CONTENT="vitae"/>
                  <SP HEIGHT="60" WIDTH="17" VPOS="1653" HPOS="741"/>
                  <String HEIGHT="60"
                          WIDTH="274"
                          VPOS="1653"
                          HPOS="690"
                          CONTENT="spirituales:"/>
                  <SP HEIGHT="60" WIDTH="17" VPOS="1653" HPOS="964"/>
                  <String HEIGHT="60"
                          WIDTH="120"
                          VPOS="1653"
                          HPOS="912"
                          CONTENT="per"/>
                  <SP HEIGHT="60" WIDTH="17" VPOS="1653" HPOS="1032"/>
                  <String HEIGHT="60"
                          WIDTH="188"
                          VPOS="1653"
                          HPOS="981"
                          CONTENT="Martham"/>
                  <SP HEIGHT="60" WIDTH="17" VPOS="1653" HPOS="1169"/>
                  <String HEIGHT="60"
                          WIDTH="188"
                          VPOS="1653"
                          HPOS="1118"
                          CONTENT="actuosa"/>
                  <SP HEIGHT="60" WIDTH="17" VPOS="1653" HPOS="1306"/>
                  <String HEIGHT="60"
                          WIDTH="171"
                          VPOS="1653"
                          HPOS="1254"
                          CONTENT="operis"/>
                  <SP HEIGHT="60" WIDTH="17" VPOS="1653" HPOS="1425"/>
                  <String HEIGHT="60"
                          WIDTH="188"
                          VPOS="1653"
                          HPOS="1374"
                          CONTENT="deuotio"/>
                  <SP HEIGHT="60" WIDTH="17" VPOS="1653" HPOS="1562"/>
                  <String HEIGHT="60"
                          WIDTH="120"
                          VPOS="1653"
                          HPOS="1511"
                          CONTENT="&amp;c."/>
                  <SP HEIGHT="60" WIDTH="17" VPOS="1653" HPOS="1631"/>
                  <String HEIGHT="60"
                          WIDTH="103"
                          VPOS="1653"
                          HPOS="1579"
                          CONTENT="vt"/>
                  <SP HEIGHT="60" WIDTH="17" VPOS="1653" HPOS="1682"/>
                  <String HEIGHT="60"
                          WIDTH="154"
                          VPOS="1653"
                          HPOS="1631"
                          CONTENT="patet"/>
                  <SP HEIGHT="60" WIDTH="17" VPOS="1653" HPOS="1785"/>
                  <String HEIGHT="60"
                          WIDTH="154"
                          VPOS="1653"
                          HPOS="1716"
                          CONTENT="ibidem."/>
               </TextLine>
               <TextLine ID="r4l28"
                         BASELINE="1759"
                         HEIGHT="63"
                         WIDTH="1717"
                         VPOS="1696"
                         HPOS="151">
                  <String HEIGHT="63"
                          WIDTH="163"
                          VPOS="1696"
                          HPOS="133"
                          CONTENT="Circa"/>
                  <SP HEIGHT="63" WIDTH="18" VPOS="1696" HPOS="296"/>
                  <String HEIGHT="63"
                          WIDTH="253"
                          VPOS="1696"
                          HPOS="241"
                          CONTENT="praesentis"/>
                  <SP HEIGHT="63" WIDTH="18" VPOS="1696" HPOS="494"/>
                  <String HEIGHT="63"
                          WIDTH="181"
                          VPOS="1696"
                          HPOS="440"
                          CONTENT="igitur"/>
                  <SP HEIGHT="63" WIDTH="18" VPOS="1696" HPOS="621"/>
                  <String HEIGHT="63"
                          WIDTH="163"
                          VPOS="1696"
                          HPOS="567"
                          CONTENT="vitae"/>
                  <SP HEIGHT="63" WIDTH="18" VPOS="1696" HPOS="729"/>
                  <String HEIGHT="63"
                          WIDTH="217"
                          VPOS="1696"
                          HPOS="675"
                          CONTENT="actionem"/>
                  <SP HEIGHT="63" WIDTH="18" VPOS="1696" HPOS="892"/>
                  <String HEIGHT="63" WIDTH="90" VPOS="1696" HPOS="838" CONTENT="&amp;"/>
                  <SP HEIGHT="63" WIDTH="18" VPOS="1696" HPOS="928"/>
                  <String HEIGHT="63"
                          WIDTH="343"
                          VPOS="1696"
                          HPOS="874"
                          CONTENT="contemplationem"/>
                  <SP HEIGHT="63" WIDTH="18" VPOS="1696" HPOS="1217"/>
                  <String HEIGHT="63"
                          WIDTH="217"
                          VPOS="1696"
                          HPOS="1163"
                          CONTENT="sciendum"/>
                  <SP HEIGHT="63" WIDTH="18" VPOS="1696" HPOS="1380"/>
                  <String HEIGHT="63"
                          WIDTH="127"
                          VPOS="1696"
                          HPOS="1326"
                          CONTENT="est"/>
                  <SP HEIGHT="63" WIDTH="18" VPOS="1696" HPOS="1452"/>
                  <String HEIGHT="63"
                          WIDTH="145"
                          VPOS="1696"
                          HPOS="1398"
                          CONTENT="quod"/>
                  <SP HEIGHT="63" WIDTH="18" VPOS="1696" HPOS="1543"/>
                  <String HEIGHT="63"
                          WIDTH="199"
                          VPOS="1696"
                          HPOS="1488"
                          CONTENT="inuicem"/>
                  <SP HEIGHT="63" WIDTH="18" VPOS="1696" HPOS="1687"/>
                  <String HEIGHT="63"
                          WIDTH="199"
                          VPOS="1696"
                          HPOS="1633"
                          CONTENT="possunt"/>
                  <SP HEIGHT="63" WIDTH="18" VPOS="1696" HPOS="1832"/>
                  <String HEIGHT="63"
                          WIDTH="108"
                          VPOS="1696"
                          HPOS="1760"
                          CONTENT="com"
                          SUBS_TYPE="HypPart1"
                          SUBS_CONTENT="comparari"/>
                  <HYP CONTENT="-"/>
               </TextLine>
               <TextLine ID="r4l29"
                         BASELINE="1813"
                         HEIGHT="62"
                         WIDTH="1714"
                         VPOS="1751"
                         HPOS="160">
                  <String HEIGHT="62"
                          WIDTH="182"
                          VPOS="1751"
                          HPOS="142"
                          CONTENT="parari"
                          SUBS_TYPE="HypPart2"
                          SUBS_CONTENT="comparari"/>
                  <SP HEIGHT="62" WIDTH="18" VPOS="1751" HPOS="324"/>
                  <String HEIGHT="62"
                          WIDTH="274"
                          VPOS="1751"
                          HPOS="269"
                          CONTENT="dupliciter."/>
                  <SP HEIGHT="62" WIDTH="18" VPOS="1751" HPOS="543"/>
                  <String HEIGHT="62"
                          WIDTH="128"
                          VPOS="1751"
                          HPOS="488"
                          CONTENT="Vno"/>
                  <SP HEIGHT="62" WIDTH="18" VPOS="1751" HPOS="616"/>
                  <String HEIGHT="62"
                          WIDTH="146"
                          VPOS="1751"
                          HPOS="561"
                          CONTENT="modo"/>
                  <SP HEIGHT="62" WIDTH="18" VPOS="1751" HPOS="707"/>
                  <String HEIGHT="62"
                          WIDTH="128"
                          VPOS="1751"
                          HPOS="652"
                          CONTENT="quo"/>
                  <SP HEIGHT="62" WIDTH="18" VPOS="1751" HPOS="780"/>
                  <String HEIGHT="62" WIDTH="109" VPOS="1751" HPOS="725" CONTENT="ad"/>
                  <SP HEIGHT="62" WIDTH="18" VPOS="1751" HPOS="835"/>
                  <String HEIGHT="62"
                          WIDTH="274"
                          VPOS="1751"
                          HPOS="780"
                          CONTENT="substantiam"/>
                  <SP HEIGHT="62" WIDTH="18" VPOS="1751" HPOS="1053"/>
                  <String HEIGHT="62"
                          WIDTH="182"
                          VPOS="1751"
                          HPOS="999"
                          CONTENT="earum."/>
                  <SP HEIGHT="62" WIDTH="18" VPOS="1751" HPOS="1181"/>
                  <String HEIGHT="62"
                          WIDTH="146"
                          VPOS="1751"
                          HPOS="1126"
                          CONTENT="Alio"/>
                  <SP HEIGHT="62" WIDTH="18" VPOS="1751" HPOS="1272"/>
                  <String HEIGHT="62"
                          WIDTH="146"
                          VPOS="1751"
                          HPOS="1218"
                          CONTENT="modo"/>
                  <SP HEIGHT="62" WIDTH="18" VPOS="1751" HPOS="1363"/>
                  <String HEIGHT="62"
                          WIDTH="128"
                          VPOS="1751"
                          HPOS="1309"
                          CONTENT="quo"/>
                  <SP HEIGHT="62" WIDTH="18" VPOS="1751" HPOS="1436"/>
                  <String HEIGHT="62"
                          WIDTH="109"
                          VPOS="1751"
                          HPOS="1382"
                          CONTENT="ad"/>
                  <SP HEIGHT="62" WIDTH="18" VPOS="1751" HPOS="1491"/>
                  <String HEIGHT="62"
                          WIDTH="164"
                          VPOS="1751"
                          HPOS="1436"
                          CONTENT="earum"/>
                  <SP HEIGHT="62" WIDTH="18" VPOS="1751" HPOS="1600"/>
                  <String HEIGHT="62"
                          WIDTH="164"
                          VPOS="1751"
                          HPOS="1546"
                          CONTENT="vsum."/>
                  <SP HEIGHT="62" WIDTH="18" VPOS="1751" HPOS="1710"/>
                  <String HEIGHT="62"
                          WIDTH="109"
                          VPOS="1751"
                          HPOS="1655"
                          CONTENT="Si"/>
                  <SP HEIGHT="62" WIDTH="18" VPOS="1751" HPOS="1765"/>
                  <String HEIGHT="62"
                          WIDTH="164"
                          VPOS="1751"
                          HPOS="1710"
                          CONTENT="primo"/>
                  <SP HEIGHT="62" WIDTH="18" VPOS="1751" HPOS="1874"/>
                  <String HEIGHT="62" WIDTH="73" VPOS="1751" HPOS="1801" CONTENT="mo"/>
               </TextLine>
               <TextLine ID="r4l30"
                         BASELINE="1871"
                         HEIGHT="67"
                         WIDTH="1718"
                         VPOS="1804"
                         HPOS="152">
                  <String HEIGHT="67"
                          WIDTH="106"
                          VPOS="1804"
                          HPOS="137"
                          CONTENT="do,"/>
                  <SP HEIGHT="67" WIDTH="15" VPOS="1804" HPOS="243"/>
                  <String HEIGHT="67"
                          WIDTH="106"
                          VPOS="1804"
                          HPOS="198"
                          CONTENT="sic"/>
                  <SP HEIGHT="67" WIDTH="15" VPOS="1804" HPOS="304"/>
                  <String HEIGHT="67"
                          WIDTH="122"
                          VPOS="1804"
                          HPOS="258"
                          CONTENT="dico"/>
                  <SP HEIGHT="67" WIDTH="15" VPOS="1804" HPOS="380"/>
                  <String HEIGHT="67"
                          WIDTH="122"
                          VPOS="1804"
                          HPOS="334"
                          CONTENT="quod"/>
                  <SP HEIGHT="67" WIDTH="15" VPOS="1804" HPOS="456"/>
                  <String HEIGHT="67"
                          WIDTH="228"
                          VPOS="1804"
                          HPOS="410"
                          CONTENT="simpliciter"/>
                  <SP HEIGHT="67" WIDTH="15" VPOS="1804" HPOS="639"/>
                  <String HEIGHT="67" WIDTH="76" VPOS="1804" HPOS="593" CONTENT="&amp;"/>
                  <SP HEIGHT="67" WIDTH="15" VPOS="1804" HPOS="669"/>
                  <String HEIGHT="67"
                          WIDTH="182"
                          VPOS="1804"
                          HPOS="623"
                          CONTENT="absolute"/>
                  <SP HEIGHT="67" WIDTH="15" VPOS="1804" HPOS="806"/>
                  <String HEIGHT="67"
                          WIDTH="228"
                          VPOS="1804"
                          HPOS="760"
                          CONTENT="praeferenda"/>
                  <SP HEIGHT="67" WIDTH="15" VPOS="1804" HPOS="988"/>
                  <String HEIGHT="67"
                          WIDTH="106"
                          VPOS="1804"
                          HPOS="943"
                          CONTENT="est"/>
                  <SP HEIGHT="67" WIDTH="15" VPOS="1804" HPOS="1049"/>
                  <String HEIGHT="67"
                          WIDTH="243"
                          VPOS="1804"
                          HPOS="1003"
                          CONTENT="contemplatio"/>
                  <SP HEIGHT="67" WIDTH="15" VPOS="1804" HPOS="1247"/>
                  <String HEIGHT="67"
                          WIDTH="167"
                          VPOS="1804"
                          HPOS="1201"
                          CONTENT="tamquam"/>
                  <SP HEIGHT="67" WIDTH="15" VPOS="1804" HPOS="1368"/>
                  <String HEIGHT="67"
                          WIDTH="167"
                          VPOS="1804"
                          HPOS="1323"
                          CONTENT="melior:"/>
                  <SP HEIGHT="67" WIDTH="15" VPOS="1804" HPOS="1490"/>
                  <String HEIGHT="67"
                          WIDTH="122"
                          VPOS="1804"
                          HPOS="1444"
                          CONTENT="quia"/>
                  <SP HEIGHT="67" WIDTH="15" VPOS="1804" HPOS="1566"/>
                  <String HEIGHT="67" WIDTH="91" VPOS="1804" HPOS="1520" CONTENT="vt"/>
                  <SP HEIGHT="67" WIDTH="15" VPOS="1804" HPOS="1612"/>
                  <String HEIGHT="67"
                          WIDTH="167"
                          VPOS="1804"
                          HPOS="1566"
                          CONTENT="dicitur"/>
                  <SP HEIGHT="67" WIDTH="15" VPOS="1804" HPOS="1733"/>
                  <String HEIGHT="67"
                          WIDTH="137"
                          VPOS="1804"
                          HPOS="1688"
                          CONTENT="extra"/>
                  <SP HEIGHT="67" WIDTH="15" VPOS="1804" HPOS="1824"/>
                  <String HEIGHT="67" WIDTH="91" VPOS="1804" HPOS="1779" CONTENT="de"/>
                  <SP HEIGHT="67" WIDTH="15" VPOS="1804" HPOS="1870"/>
                  <String HEIGHT="67" WIDTH="61" VPOS="1804" HPOS="1809" CONTENT="re"/>
               </TextLine>
               <TextLine ID="r4l31"
                         BASELINE="1918"
                         HEIGHT="63"
                         WIDTH="1717"
                         VPOS="1855"
                         HPOS="154">
                  <String HEIGHT="63"
                          WIDTH="275"
                          VPOS="1855"
                          HPOS="137"
                          CONTENT="nunciatione."/>
                  <SP HEIGHT="63" WIDTH="17" VPOS="1855" HPOS="412"/>
                  <String HEIGHT="63"
                          WIDTH="137"
                          VPOS="1855"
                          HPOS="360"
                          CONTENT="Nisi"/>
                  <SP HEIGHT="63" WIDTH="17" VPOS="1855" HPOS="497"/>
                  <String HEIGHT="63"
                          WIDTH="120"
                          VPOS="1855"
                          HPOS="446"
                          CONTENT="cum"/>
                  <SP HEIGHT="63" WIDTH="17" VPOS="1855" HPOS="566"/>
                  <String HEIGHT="63"
                          WIDTH="189"
                          VPOS="1855"
                          HPOS="515"
                          CONTENT="pridem."/>
                  <SP HEIGHT="63" WIDTH="17" VPOS="1855" HPOS="703"/>
                  <String HEIGHT="63"
                          WIDTH="137"
                          VPOS="1855"
                          HPOS="652"
                          CONTENT="ipsa"/>
                  <SP HEIGHT="63" WIDTH="17" VPOS="1855" HPOS="789"/>
                  <String HEIGHT="63"
                          WIDTH="120"
                          VPOS="1855"
                          HPOS="738"
                          CONTENT="est"/>
                  <SP HEIGHT="63" WIDTH="17" VPOS="1855" HPOS="858"/>
                  <String HEIGHT="63"
                          WIDTH="206"
                          VPOS="1855"
                          HPOS="806"
                          CONTENT="securior"/>
                  <SP HEIGHT="63" WIDTH="17" VPOS="1855" HPOS="1013"/>
                  <String HEIGHT="63" WIDTH="86" VPOS="1855" HPOS="961" CONTENT="&amp;"/>
                  <SP HEIGHT="63" WIDTH="17" VPOS="1855" HPOS="1047"/>
                  <String HEIGHT="63"
                          WIDTH="155"
                          VPOS="1855"
                          HPOS="995"
                          CONTENT="magis"/>
                  <SP HEIGHT="63" WIDTH="17" VPOS="1855" HPOS="1150"/>
                  <String HEIGHT="63"
                          WIDTH="189"
                          VPOS="1855"
                          HPOS="1098"
                          CONTENT="suauis."/>
                  <SP HEIGHT="63" WIDTH="17" VPOS="1855" HPOS="1287"/>
                  <String HEIGHT="63"
                          WIDTH="103"
                          VPOS="1855"
                          HPOS="1236"
                          CONTENT="Et"/>
                  <SP HEIGHT="63" WIDTH="17" VPOS="1855" HPOS="1339"/>
                  <String HEIGHT="63"
                          WIDTH="103"
                          VPOS="1855"
                          HPOS="1287"
                          CONTENT="sm"/>
                  <SP HEIGHT="63" WIDTH="17" VPOS="1855" HPOS="1390"/>
                  <String HEIGHT="63"
                          WIDTH="137"
                          VPOS="1855"
                          HPOS="1339"
                          CONTENT="hunc"/>
                  <SP HEIGHT="63" WIDTH="17" VPOS="1855" HPOS="1476"/>
                  <String HEIGHT="63"
                          WIDTH="155"
                          VPOS="1855"
                          HPOS="1425"
                          CONTENT="modum"/>
                  <SP HEIGHT="63" WIDTH="17" VPOS="1855" HPOS="1579"/>
                  <String HEIGHT="63"
                          WIDTH="172"
                          VPOS="1855"
                          HPOS="1528"
                          CONTENT="probat"/>
                  <SP HEIGHT="63" WIDTH="17" VPOS="1855" HPOS="1699"/>
                  <String HEIGHT="63"
                          WIDTH="240"
                          VPOS="1855"
                          HPOS="1631"
                          CONTENT="philosophous"/>
               </TextLine>
               <TextLine ID="r4l32"
                         BASELINE="1973"
                         HEIGHT="63"
                         WIDTH="1718"
                         VPOS="1910"
                         HPOS="152">
                  <String HEIGHT="63"
                          WIDTH="120"
                          VPOS="1910"
                          HPOS="135"
                          CONTENT="in."/>
                  <SP HEIGHT="63" WIDTH="17" VPOS="1910" HPOS="255"/>
                  <String HEIGHT="63" WIDTH="103" VPOS="1910" HPOS="204" CONTENT="x."/>
                  <SP HEIGHT="63" WIDTH="17" VPOS="1910" HPOS="307"/>
                  <String HEIGHT="63"
                          WIDTH="223"
                          VPOS="1910"
                          HPOS="255"
                          CONTENT="Ethicorum"/>
                  <SP HEIGHT="63" WIDTH="17" VPOS="1910" HPOS="478"/>
                  <String HEIGHT="63"
                          WIDTH="258"
                          VPOS="1910"
                          HPOS="427"
                          CONTENT="felicitatem"/>
                  <SP HEIGHT="63" WIDTH="17" VPOS="1910" HPOS="685"/>
                  <String HEIGHT="63"
                          WIDTH="275"
                          VPOS="1910"
                          HPOS="633"
                          CONTENT="speculatiuam"/>
                  <SP HEIGHT="63" WIDTH="17" VPOS="1910" HPOS="908"/>
                  <String HEIGHT="63"
                          WIDTH="137"
                          VPOS="1910"
                          HPOS="856"
                          CONTENT="quae"/>
                  <SP HEIGHT="63" WIDTH="17" VPOS="1910" HPOS="994"/>
                  <String HEIGHT="63"
                          WIDTH="223"
                          VPOS="1910"
                          HPOS="942"
                          CONTENT="consistit"/>
                  <SP HEIGHT="63" WIDTH="17" VPOS="1910" HPOS="1166"/>
                  <String HEIGHT="63"
                          WIDTH="103"
                          VPOS="1910"
                          HPOS="1114"
                          CONTENT="in"/>
                  <SP HEIGHT="63" WIDTH="17" VPOS="1910" HPOS="1217"/>
                  <String HEIGHT="63"
                          WIDTH="137"
                          VPOS="1910"
                          HPOS="1166"
                          CONTENT="vita"/>
                  <SP HEIGHT="63" WIDTH="17" VPOS="1910" HPOS="1303"/>
                  <String HEIGHT="63"
                          WIDTH="292"
                          VPOS="1910"
                          HPOS="1252"
                          CONTENT="contemplatiua"/>
                  <SP HEIGHT="63" WIDTH="17" VPOS="1910" HPOS="1544"/>
                  <String HEIGHT="63" WIDTH="86" VPOS="1910" HPOS="1492" CONTENT="&amp;"/>
                  <SP HEIGHT="63" WIDTH="17" VPOS="1910" HPOS="1578"/>
                  <String HEIGHT="63"
                          WIDTH="137"
                          VPOS="1910"
                          HPOS="1526"
                          CONTENT="eius"/>
                  <SP HEIGHT="63" WIDTH="17" VPOS="1910" HPOS="1664"/>
                  <String HEIGHT="63"
                          WIDTH="223"
                          VPOS="1910"
                          HPOS="1612"
                          CONTENT="operibus,"/>
                  <SP HEIGHT="63" WIDTH="17" VPOS="1910" HPOS="1836"/>
                  <String HEIGHT="63"
                          WIDTH="103"
                          VPOS="1910"
                          HPOS="1767"
                          CONTENT="prae"/>
               </TextLine>
               <TextLine ID="r4l33"
                         BASELINE="2032"
                         HEIGHT="69"
                         WIDTH="1728"
                         VPOS="1963"
                         HPOS="152">
                  <String HEIGHT="69"
                          WIDTH="178"
                          VPOS="1963"
                          HPOS="136"
                          CONTENT="eminere"/>
                  <SP HEIGHT="69" WIDTH="16" VPOS="1963" HPOS="313"/>
                  <String HEIGHT="69"
                          WIDTH="210"
                          VPOS="1963"
                          HPOS="265"
                          CONTENT="potentiae"/>
                  <SP HEIGHT="69" WIDTH="16" VPOS="1963" HPOS="475"/>
                  <String HEIGHT="69"
                          WIDTH="129"
                          VPOS="1963"
                          HPOS="427"
                          CONTENT="quae"/>
                  <SP HEIGHT="69" WIDTH="16" VPOS="1963" HPOS="556"/>
                  <String HEIGHT="69"
                          WIDTH="210"
                          VPOS="1963"
                          HPOS="507"
                          CONTENT="consistit"/>
                  <SP HEIGHT="69" WIDTH="16" VPOS="1963" HPOS="717"/>
                  <String HEIGHT="69" WIDTH="97" VPOS="1963" HPOS="669" CONTENT="in"/>
                  <SP HEIGHT="69" WIDTH="16" VPOS="1963" HPOS="766"/>
                  <String HEIGHT="69"
                          WIDTH="129"
                          VPOS="1963"
                          HPOS="717"
                          CONTENT="vita"/>
                  <SP HEIGHT="69" WIDTH="16" VPOS="1963" HPOS="846"/>
                  <String HEIGHT="69"
                          WIDTH="161"
                          VPOS="1963"
                          HPOS="798"
                          CONTENT="actiua"/>
                  <SP HEIGHT="69" WIDTH="16" VPOS="1963" HPOS="959"/>
                  <String HEIGHT="69" WIDTH="81" VPOS="1963" HPOS="911" CONTENT="&amp;"/>
                  <SP HEIGHT="69" WIDTH="16" VPOS="1963" HPOS="992"/>
                  <String HEIGHT="69"
                          WIDTH="129"
                          VPOS="1963"
                          HPOS="943"
                          CONTENT="eius"/>
                  <SP HEIGHT="69" WIDTH="16" VPOS="1963" HPOS="1073"/>
                  <String HEIGHT="69"
                          WIDTH="194"
                          VPOS="1963"
                          HPOS="1024"
                          CONTENT="operibus"/>
                  <SP HEIGHT="69" WIDTH="16" VPOS="1963" HPOS="1218"/>
                  <String HEIGHT="69"
                          WIDTH="194"
                          VPOS="1963"
                          HPOS="1169"
                          CONTENT="scilicet"/>
                  <SP HEIGHT="69" WIDTH="16" VPOS="1963" HPOS="1363"/>
                  <String HEIGHT="69"
                          WIDTH="129"
                          VPOS="1963"
                          HPOS="1315"
                          CONTENT="quia"/>
                  <SP HEIGHT="69" WIDTH="16" VPOS="1963" HPOS="1444"/>
                  <String HEIGHT="69"
                          WIDTH="194"
                          VPOS="1963"
                          HPOS="1396"
                          CONTENT="operatio"/>
                  <SP HEIGHT="69" WIDTH="16" VPOS="1963" HPOS="1589"/>
                  <String HEIGHT="69"
                          WIDTH="242"
                          VPOS="1963"
                          HPOS="1541"
                          CONTENT="speculatiua"/>
                  <SP HEIGHT="69" WIDTH="16" VPOS="1963" HPOS="1783"/>
                  <String HEIGHT="69"
                          WIDTH="113"
                          VPOS="1963"
                          HPOS="1735"
                          CONTENT="est"/>
                  <SP HEIGHT="69" WIDTH="16" VPOS="1963" HPOS="1848"/>
                  <String HEIGHT="69"
                          WIDTH="97"
                          VPOS="1963"
                          HPOS="1783"
                          CONTENT="opti"/>
               </TextLine>
               <TextLine ID="r4l34"
                         BASELINE="2078"
                         HEIGHT="60"
                         WIDTH="1730"
                         VPOS="2018"
                         HPOS="155">
                  <String HEIGHT="60"
                          WIDTH="121"
                          VPOS="2018"
                          HPOS="138"
                          CONTENT="ma,"/>
                  <SP HEIGHT="60" WIDTH="17" VPOS="2018" HPOS="259"/>
                  <String HEIGHT="60" WIDTH="87" VPOS="2018" HPOS="207" CONTENT="&amp;"/>
                  <SP HEIGHT="60" WIDTH="17" VPOS="2018" HPOS="293"/>
                  <String HEIGHT="60"
                          WIDTH="173"
                          VPOS="2018"
                          HPOS="242"
                          CONTENT="optimi"/>
                  <SP HEIGHT="60" WIDTH="17" VPOS="2018" HPOS="414"/>
                  <String HEIGHT="60"
                          WIDTH="190"
                          VPOS="2018"
                          HPOS="363"
                          CONTENT="obiecti"/>
                  <SP HEIGHT="60" WIDTH="17" VPOS="2018" HPOS="553"/>
                  <String HEIGHT="60" WIDTH="87" VPOS="2018" HPOS="501" CONTENT="&amp;"/>
                  <SP HEIGHT="60" WIDTH="17" VPOS="2018" HPOS="588"/>
                  <String HEIGHT="60"
                          WIDTH="346"
                          VPOS="2018"
                          HPOS="536"
                          CONTENT="delectabilissima"/>
                  <SP HEIGHT="60" WIDTH="17" VPOS="2018" HPOS="882"/>
                  <String HEIGHT="60" WIDTH="87" VPOS="2018" HPOS="830" CONTENT="&amp;"/>
                  <SP HEIGHT="60" WIDTH="17" VPOS="2018" HPOS="916"/>
                  <String HEIGHT="60"
                          WIDTH="363"
                          VPOS="2018"
                          HPOS="864"
                          CONTENT="sufficientissima,"/>
                  <SP HEIGHT="60" WIDTH="17" VPOS="2018" HPOS="1228"/>
                  <String HEIGHT="60"
                          WIDTH="260"
                          VPOS="2018"
                          HPOS="1176"
                          CONTENT="paucissimis"/>
                  <SP HEIGHT="60" WIDTH="17" VPOS="2018" HPOS="1435"/>
                  <String HEIGHT="60"
                          WIDTH="208"
                          VPOS="2018"
                          HPOS="1383"
                          CONTENT="indigens"/>
                  <SP HEIGHT="60" WIDTH="17" VPOS="2018" HPOS="1591"/>
                  <String HEIGHT="60" WIDTH="87" VPOS="2018" HPOS="1539" CONTENT="&amp;"/>
                  <SP HEIGHT="60" WIDTH="17" VPOS="2018" HPOS="1626"/>
                  <String HEIGHT="60"
                          WIDTH="190"
                          VPOS="2018"
                          HPOS="1574"
                          CONTENT="propter"/>
                  <SP HEIGHT="60" WIDTH="17" VPOS="2018" HPOS="1764"/>
                  <String HEIGHT="60"
                          WIDTH="104"
                          VPOS="2018"
                          HPOS="1712"
                          CONTENT="se"/>
                  <SP HEIGHT="60" WIDTH="17" VPOS="2018" HPOS="1816"/>
                  <String HEIGHT="60"
                          WIDTH="138"
                          VPOS="2018"
                          HPOS="1747"
                          CONTENT="eligen"/>
               </TextLine>
               <TextLine ID="r4l35"
                         BASELINE="2136"
                         HEIGHT="65"
                         WIDTH="1719"
                         VPOS="2071"
                         HPOS="156">
                  <String HEIGHT="65" WIDTH="103" VPOS="2071" HPOS="139" CONTENT="da"/>
                  <SP HEIGHT="65" WIDTH="17" VPOS="2071" HPOS="242"/>
                  <String HEIGHT="65" WIDTH="86" VPOS="2071" HPOS="190" CONTENT="&amp;"/>
                  <SP HEIGHT="65" WIDTH="17" VPOS="2071" HPOS="276"/>
                  <String HEIGHT="65"
                          WIDTH="258"
                          VPOS="2071"
                          HPOS="225"
                          CONTENT="quietissima"/>
                  <SP HEIGHT="65" WIDTH="17" VPOS="2071" HPOS="483"/>
                  <String HEIGHT="65"
                          WIDTH="155"
                          VPOS="2071"
                          HPOS="431"
                          CONTENT="atque"/>
                  <SP HEIGHT="65" WIDTH="17" VPOS="2071" HPOS="586"/>
                  <String HEIGHT="65"
                          WIDTH="258"
                          VPOS="2071"
                          HPOS="534"
                          CONTENT="permansiua:"/>
                  <SP HEIGHT="65" WIDTH="17" VPOS="2071" HPOS="792"/>
                  <String HEIGHT="65"
                          WIDTH="172"
                          VPOS="2071"
                          HPOS="740"
                          CONTENT="quorum"/>
                  <SP HEIGHT="65" WIDTH="17" VPOS="2071" HPOS="912"/>
                  <String HEIGHT="65"
                          WIDTH="223"
                          VPOS="2071"
                          HPOS="861"
                          CONTENT="contraria"/>
                  <SP HEIGHT="65" WIDTH="17" VPOS="2071" HPOS="1084"/>
                  <String HEIGHT="65"
                          WIDTH="241"
                          VPOS="2071"
                          HPOS="1033"
                          CONTENT="contingunt"/>
                  <SP HEIGHT="65" WIDTH="17" VPOS="2071" HPOS="1273"/>
                  <String HEIGHT="65"
                          WIDTH="206"
                          VPOS="2071"
                          HPOS="1222"
                          CONTENT="operibus"/>
                  <SP HEIGHT="65" WIDTH="17" VPOS="2071" HPOS="1428"/>
                  <String HEIGHT="65"
                          WIDTH="206"
                          VPOS="2071"
                          HPOS="1376"
                          CONTENT="actiuae."/>
                  <SP HEIGHT="65" WIDTH="17" VPOS="2071" HPOS="1583"/>
                  <String HEIGHT="65"
                          WIDTH="103"
                          VPOS="2071"
                          HPOS="1531"
                          CONTENT="Et"/>
                  <SP HEIGHT="65" WIDTH="17" VPOS="2071" HPOS="1634"/>
                  <String HEIGHT="65"
                          WIDTH="138"
                          VPOS="2071"
                          HPOS="1583"
                          CONTENT="ideo"/>
                  <SP HEIGHT="65" WIDTH="17" VPOS="2071" HPOS="1720"/>
                  <String HEIGHT="65"
                          WIDTH="155"
                          VPOS="2071"
                          HPOS="1669"
                          CONTENT="dicit"/>
                  <SP HEIGHT="65" WIDTH="17" VPOS="2071" HPOS="1823"/>
                  <String HEIGHT="65"
                          WIDTH="120"
                          VPOS="2071"
                          HPOS="1755"
                          CONTENT="Glos"
                          SUBS_TYPE="HypPart1"
                          SUBS_CONTENT="Glossuper"/>
                  <HYP CONTENT="-"/>
               </TextLine>
               <TextLine ID="r4l36"
                         BASELINE="2178"
                         HEIGHT="56"
                         WIDTH="1732"
                         VPOS="2122"
                         HPOS="146">
                  <String HEIGHT="56"
                          WIDTH="140"
                          VPOS="2122"
                          HPOS="130"
                          CONTENT="super"
                          SUBS_TYPE="HypPart2"
                          SUBS_CONTENT="Glossuper"/>
                  <SP HEIGHT="56" WIDTH="16" VPOS="2122" HPOS="271"/>
                  <String HEIGHT="56"
                          WIDTH="156"
                          VPOS="2122"
                          HPOS="224"
                          CONTENT="Lucae."/>
                  <SP HEIGHT="56" WIDTH="16" VPOS="2122" HPOS="380"/>
                  <String HEIGHT="56" WIDTH="94" VPOS="2122" HPOS="333" CONTENT="x."/>
                  <SP HEIGHT="56" WIDTH="16" VPOS="2122" HPOS="427"/>
                  <String HEIGHT="56" WIDTH="78" VPOS="2122" HPOS="380" CONTENT="&amp;"/>
                  <SP HEIGHT="56" WIDTH="16" VPOS="2122" HPOS="458"/>
                  <String HEIGHT="56"
                          WIDTH="109"
                          VPOS="2122"
                          HPOS="411"
                          CONTENT="est"/>
                  <SP HEIGHT="56" WIDTH="16" VPOS="2122" HPOS="520"/>
                  <String HEIGHT="56"
                          WIDTH="156"
                          VPOS="2122"
                          HPOS="474"
                          CONTENT="Grego."/>
                  <SP HEIGHT="56" WIDTH="16" VPOS="2122" HPOS="630"/>
                  <String HEIGHT="56"
                          WIDTH="140"
                          VPOS="2122"
                          HPOS="583"
                          CONTENT="super"/>
                  <SP HEIGHT="56" WIDTH="16" VPOS="2122" HPOS="723"/>
                  <String HEIGHT="56"
                          WIDTH="125"
                          VPOS="2122"
                          HPOS="677"
                          CONTENT="Eze,"/>
                  <SP HEIGHT="56" WIDTH="16" VPOS="2122" HPOS="801"/>
                  <String HEIGHT="56"
                          WIDTH="109"
                          VPOS="2122"
                          HPOS="755"
                          CONTENT="per"/>
                  <SP HEIGHT="56" WIDTH="16" VPOS="2122" HPOS="864"/>
                  <String HEIGHT="56"
                          WIDTH="109"
                          VPOS="2122"
                          HPOS="817"
                          CONTENT="ii."/>
                  <SP HEIGHT="56" WIDTH="16" VPOS="2122" HPOS="926"/>
                  <String HEIGHT="56"
                          WIDTH="187"
                          VPOS="2122"
                          HPOS="879"
                          CONTENT="Homilia."/>
                  <SP HEIGHT="56" WIDTH="16" VPOS="2122" HPOS="1067"/>
                  <String HEIGHT="56"
                          WIDTH="109"
                          VPOS="2122"
                          HPOS="1020"
                          CONTENT="ii."/>
                  <SP HEIGHT="56" WIDTH="16" VPOS="2122" HPOS="1129"/>
                  <String HEIGHT="56"
                          WIDTH="125"
                          VPOS="2122"
                          HPOS="1082"
                          CONTENT="caa."/>
                  <SP HEIGHT="56" WIDTH="16" VPOS="2122" HPOS="1207"/>
                  <String HEIGHT="56"
                          WIDTH="125"
                          VPOS="2122"
                          HPOS="1160"
                          CONTENT="iii."/>
                  <SP HEIGHT="56" WIDTH="16" VPOS="2122" HPOS="1285"/>
                  <String HEIGHT="56"
                          WIDTH="109"
                          VPOS="2122"
                          HPOS="1238"
                          CONTENT="Non"/>
                  <SP HEIGHT="56" WIDTH="16" VPOS="2122" HPOS="1347"/>
                  <String HEIGHT="56"
                          WIDTH="265"
                          VPOS="2122"
                          HPOS="1301"
                          CONTENT="reprehenditur"/>
                  <SP HEIGHT="56" WIDTH="16" VPOS="2122" HPOS="1566"/>
                  <String HEIGHT="56"
                          WIDTH="125"
                          VPOS="2122"
                          HPOS="1519"
                          CONTENT="pars"/>
                  <SP HEIGHT="56" WIDTH="16" VPOS="2122" HPOS="1644"/>
                  <String HEIGHT="56"
                          WIDTH="172"
                          VPOS="2122"
                          HPOS="1597"
                          CONTENT="Marthae"/>
                  <SP HEIGHT="56" WIDTH="16" VPOS="2122" HPOS="1769"/>
                  <String HEIGHT="56"
                          WIDTH="125"
                          VPOS="2122"
                          HPOS="1722"
                          CONTENT="quia"/>
                  <SP HEIGHT="56" WIDTH="16" VPOS="2122" HPOS="1847"/>
                  <String HEIGHT="56" WIDTH="78" VPOS="2122" HPOS="1800" CONTENT="&amp;"/>
                  <SP HEIGHT="56" WIDTH="16" VPOS="2122" HPOS="1878"/>
                  <String HEIGHT="56" WIDTH="62" VPOS="2122" HPOS="1816" CONTENT="ip"/>
               </TextLine>
               <TextLine ID="r4l37"
                         BASELINE="2243"
                         HEIGHT="66"
                         WIDTH="1741"
                         VPOS="2177"
                         HPOS="139">
                  <String HEIGHT="66" WIDTH="100" VPOS="2177" HPOS="122" CONTENT="sa"/>
                  <SP HEIGHT="66" WIDTH="17" VPOS="2177" HPOS="223"/>
                  <String HEIGHT="66"
                          WIDTH="151"
                          VPOS="2177"
                          HPOS="172"
                          CONTENT="bona:"/>
                  <SP HEIGHT="66" WIDTH="17" VPOS="2177" HPOS="323"/>
                  <String HEIGHT="66"
                          WIDTH="117"
                          VPOS="2177"
                          HPOS="273"
                          CONTENT="sed"/>
                  <SP HEIGHT="66" WIDTH="17" VPOS="2177" HPOS="390"/>
                  <String HEIGHT="66"
                          WIDTH="201"
                          VPOS="2177"
                          HPOS="340"
                          CONTENT="laudatur"/>
                  <SP HEIGHT="66" WIDTH="17" VPOS="2177" HPOS="541"/>
                  <String HEIGHT="66"
                          WIDTH="134"
                          VPOS="2177"
                          HPOS="491"
                          CONTENT="pars"/>
                  <SP HEIGHT="66" WIDTH="17" VPOS="2177" HPOS="624"/>
                  <String HEIGHT="66"
                          WIDTH="184"
                          VPOS="2177"
                          HPOS="574"
                          CONTENT="Mariae:"/>
                  <SP HEIGHT="66" WIDTH="17" VPOS="2177" HPOS="758"/>
                  <String HEIGHT="66"
                          WIDTH="134"
                          VPOS="2177"
                          HPOS="708"
                          CONTENT="quae"/>
                  <SP HEIGHT="66" WIDTH="17" VPOS="2177" HPOS="842"/>
                  <String HEIGHT="66"
                          WIDTH="151"
                          VPOS="2177"
                          HPOS="792"
                          CONTENT="quare"/>
                  <SP HEIGHT="66" WIDTH="17" VPOS="2177" HPOS="943"/>
                  <String HEIGHT="66"
                          WIDTH="117"
                          VPOS="2177"
                          HPOS="892"
                          CONTENT="sit"/>
                  <SP HEIGHT="66" WIDTH="17" VPOS="2177" HPOS="1010"/>
                  <String HEIGHT="66"
                          WIDTH="167"
                          VPOS="2177"
                          HPOS="959"
                          CONTENT="optima"/>
                  <SP HEIGHT="66" WIDTH="17" VPOS="2177" HPOS="1127"/>
                  <String HEIGHT="66"
                          WIDTH="268"
                          VPOS="2177"
                          HPOS="1076"
                          CONTENT="subinfertur:"/>
                  <SP HEIGHT="66" WIDTH="17" VPOS="2177" HPOS="1344"/>
                  <String HEIGHT="66"
                          WIDTH="134"
                          VPOS="2177"
                          HPOS="1294"
                          CONTENT="quae"/>
                  <SP HEIGHT="66" WIDTH="17" VPOS="2177" HPOS="1428"/>
                  <String HEIGHT="66"
                          WIDTH="117"
                          VPOS="2177"
                          HPOS="1378"
                          CONTENT="non"/>
                  <SP HEIGHT="66" WIDTH="17" VPOS="2177" HPOS="1495"/>
                  <String HEIGHT="66"
                          WIDTH="218"
                          VPOS="2177"
                          HPOS="1445"
                          CONTENT="auferetur"/>
                  <SP HEIGHT="66" WIDTH="17" VPOS="2177" HPOS="1662"/>
                  <String HEIGHT="66"
                          WIDTH="100"
                          VPOS="2177"
                          HPOS="1612"
                          CONTENT="ab"/>
                  <SP HEIGHT="66" WIDTH="17" VPOS="2177" HPOS="1713"/>
                  <String HEIGHT="66"
                          WIDTH="117"
                          VPOS="2177"
                          HPOS="1662"
                          CONTENT="ea:"/>
                  <SP HEIGHT="66" WIDTH="17" VPOS="2177" HPOS="1780"/>
                  <String HEIGHT="66"
                          WIDTH="134"
                          VPOS="2177"
                          HPOS="1729"
                          CONTENT="quia"/>
                  <SP HEIGHT="66" WIDTH="17" VPOS="2177" HPOS="1863"/>
                  <String HEIGHT="66"
                          WIDTH="84"
                          VPOS="2177"
                          HPOS="1796"
                          CONTENT="con"/>
               </TextLine>
               <TextLine ID="r4l38"
                         BASELINE="2289"
                         HEIGHT="60"
                         WIDTH="1719"
                         VPOS="2229"
                         HPOS="154">
                  <String HEIGHT="60"
                          WIDTH="227"
                          VPOS="2229"
                          HPOS="138"
                          CONTENT="templatiua"/>
                  <SP HEIGHT="60" WIDTH="16" VPOS="2229" HPOS="365"/>
                  <String HEIGHT="60"
                          WIDTH="114"
                          VPOS="2229"
                          HPOS="316"
                          CONTENT="hic"/>
                  <SP HEIGHT="60" WIDTH="16" VPOS="2229" HPOS="430"/>
                  <String HEIGHT="60"
                          WIDTH="178"
                          VPOS="2229"
                          HPOS="381"
                          CONTENT="incipit"/>
                  <SP HEIGHT="60" WIDTH="16" VPOS="2229" HPOS="559"/>
                  <String HEIGHT="60" WIDTH="81" VPOS="2229" HPOS="511" CONTENT="&amp;"/>
                  <SP HEIGHT="60" WIDTH="16" VPOS="2229" HPOS="592"/>
                  <String HEIGHT="60" WIDTH="97" VPOS="2229" HPOS="543" CONTENT="in"/>
                  <SP HEIGHT="60" WIDTH="16" VPOS="2229" HPOS="641"/>
                  <String HEIGHT="60"
                          WIDTH="195"
                          VPOS="2229"
                          HPOS="592"
                          CONTENT="caelesti"/>
                  <SP HEIGHT="60" WIDTH="16" VPOS="2229" HPOS="786"/>
                  <String HEIGHT="60"
                          WIDTH="162"
                          VPOS="2229"
                          HPOS="738"
                          CONTENT="patria"/>
                  <SP HEIGHT="60" WIDTH="16" VPOS="2229" HPOS="900"/>
                  <String HEIGHT="60"
                          WIDTH="259"
                          VPOS="2229"
                          HPOS="851"
                          CONTENT="perficietur."/>
                  <SP HEIGHT="60" WIDTH="16" VPOS="2229" HPOS="1111"/>
                  <String HEIGHT="60"
                          WIDTH="162"
                          VPOS="2229"
                          HPOS="1062"
                          CONTENT="Actiua"/>
                  <SP HEIGHT="60" WIDTH="16" VPOS="2229" HPOS="1224"/>
                  <String HEIGHT="60"
                          WIDTH="146"
                          VPOS="2229"
                          HPOS="1176"
                          CONTENT="autem"/>
                  <SP HEIGHT="60" WIDTH="16" VPOS="2229" HPOS="1322"/>
                  <String HEIGHT="60"
                          WIDTH="114"
                          VPOS="2229"
                          HPOS="1273"
                          CONTENT="cum"/>
                  <SP HEIGHT="60" WIDTH="16" VPOS="2229" HPOS="1386"/>
                  <String HEIGHT="60"
                          WIDTH="178"
                          VPOS="2229"
                          HPOS="1338"
                          CONTENT="corpore"/>
                  <SP HEIGHT="60" WIDTH="16" VPOS="2229" HPOS="1516"/>
                  <String HEIGHT="60"
                          WIDTH="195"
                          VPOS="2229"
                          HPOS="1468"
                          CONTENT="deficit."/>
                  <SP HEIGHT="60" WIDTH="16" VPOS="2229" HPOS="1662"/>
                  <String HEIGHT="60"
                          WIDTH="130"
                          VPOS="2229"
                          HPOS="1614"
                          CONTENT="Hinc"/>
                  <SP HEIGHT="60" WIDTH="16" VPOS="2229" HPOS="1743"/>
                  <String HEIGHT="60"
                          WIDTH="146"
                          VPOS="2229"
                          HPOS="1695"
                          CONTENT="etiam"/>
                  <SP HEIGHT="60" WIDTH="16" VPOS="2229" HPOS="1841"/>
                  <String HEIGHT="60"
                          WIDTH="114"
                          VPOS="2229"
                          HPOS="1792"
                          CONTENT="di-"/>
                  <SP HEIGHT="60" WIDTH="16" VPOS="2229" HPOS="1905"/>
                  <String HEIGHT="60" WIDTH="32" VPOS="2229" HPOS="1841" CONTENT=""/>
               </TextLine>
               <TextLine ID="r4l39"
                         BASELINE="2347"
                         HEIGHT="62"
                         WIDTH="1736"
                         VPOS="2285"
                         HPOS="145">
                  <String HEIGHT="62"
                          WIDTH="117"
                          VPOS="2285"
                          HPOS="128"
                          CONTENT="cit"/>
                  <SP HEIGHT="62" WIDTH="17" VPOS="2285" HPOS="245"/>
                  <String HEIGHT="62"
                          WIDTH="167"
                          VPOS="2285"
                          HPOS="195"
                          CONTENT="Ambro."/>
                  <SP HEIGHT="62" WIDTH="17" VPOS="2285" HPOS="362"/>
                  <String HEIGHT="62"
                          WIDTH="234"
                          VPOS="2285"
                          HPOS="312"
                          CONTENT="Religiosae"/>
                  <SP HEIGHT="62" WIDTH="17" VPOS="2285" HPOS="546"/>
                  <String HEIGHT="62"
                          WIDTH="167"
                          VPOS="2285"
                          HPOS="496"
                          CONTENT="mentis"/>
                  <SP HEIGHT="62" WIDTH="17" VPOS="2285" HPOS="662"/>
                  <String HEIGHT="62"
                          WIDTH="200"
                          VPOS="2285"
                          HPOS="612"
                          CONTENT="intentio"/>
                  <SP HEIGHT="62" WIDTH="17" VPOS="2285" HPOS="813"/>
                  <String HEIGHT="62" WIDTH="100" VPOS="2285" HPOS="763" CONTENT="si"/>
                  <SP HEIGHT="62" WIDTH="17" VPOS="2285" HPOS="863"/>
                  <String HEIGHT="62"
                          WIDTH="117"
                          VPOS="2285"
                          HPOS="813"
                          CONTENT="cum"/>
                  <SP HEIGHT="62" WIDTH="17" VPOS="2285" HPOS="930"/>
                  <String HEIGHT="62"
                          WIDTH="134"
                          VPOS="2285"
                          HPOS="879"
                          CONTENT="fide"/>
                  <SP HEIGHT="62" WIDTH="17" VPOS="2285" HPOS="1013"/>
                  <String HEIGHT="62"
                          WIDTH="217"
                          VPOS="2285"
                          HPOS="963"
                          CONTENT="congruat,"/>
                  <SP HEIGHT="62" WIDTH="17" VPOS="2285" HPOS="1180"/>
                  <String HEIGHT="62"
                          WIDTH="150"
                          VPOS="2285"
                          HPOS="1130"
                          CONTENT="etiam"/>
                  <SP HEIGHT="62" WIDTH="17" VPOS="2285" HPOS="1280"/>
                  <String HEIGHT="62"
                          WIDTH="150"
                          VPOS="2285"
                          HPOS="1230"
                          CONTENT="ipsis"/>
                  <SP HEIGHT="62" WIDTH="17" VPOS="2285" HPOS="1380"/>
                  <String HEIGHT="62"
                          WIDTH="200"
                          VPOS="2285"
                          HPOS="1330"
                          CONTENT="operibus"/>
                  <SP HEIGHT="62" WIDTH="17" VPOS="2285" HPOS="1530"/>
                  <String HEIGHT="62"
                          WIDTH="250"
                          VPOS="2285"
                          HPOS="1480"
                          CONTENT="antefertur."/>
                  <SP HEIGHT="62" WIDTH="17" VPOS="2285" HPOS="1731"/>
                  <String HEIGHT="62"
                          WIDTH="117"
                          VPOS="2285"
                          HPOS="1681"
                          CONTENT="Hoc"/>
                  <SP HEIGHT="62" WIDTH="17" VPOS="2285" HPOS="1798"/>
                  <String HEIGHT="62"
                          WIDTH="134"
                          VPOS="2285"
                          HPOS="1747"
                          CONTENT="enim"/>
                  <SP HEIGHT="62" WIDTH="17" VPOS="2285" HPOS="1881"/>
                  <String HEIGHT="62" WIDTH="67" VPOS="2285" HPOS="1814" CONTENT="ma"/>
               </TextLine>
               <TextLine ID="r4l40"
                         BASELINE="2403"
                         HEIGHT="67"
                         WIDTH="1725"
                         VPOS="2336"
                         HPOS="150">
                  <String HEIGHT="67"
                          WIDTH="117"
                          VPOS="2336"
                          HPOS="135"
                          CONTENT="ius:"/>
                  <SP HEIGHT="67" WIDTH="15" VPOS="2336" HPOS="252"/>
                  <String HEIGHT="67"
                          WIDTH="102"
                          VPOS="2336"
                          HPOS="208"
                          CONTENT="hoc"/>
                  <SP HEIGHT="67" WIDTH="15" VPOS="2336" HPOS="311"/>
                  <String HEIGHT="67"
                          WIDTH="205"
                          VPOS="2336"
                          HPOS="267"
                          CONTENT="perfectius"/>
                  <SP HEIGHT="67" WIDTH="15" VPOS="2336" HPOS="472"/>
                  <String HEIGHT="67"
                          WIDTH="117"
                          VPOS="2336"
                          HPOS="428"
                          CONTENT="opus"/>
                  <SP HEIGHT="67" WIDTH="15" VPOS="2336" HPOS="545"/>
                  <String HEIGHT="67"
                          WIDTH="117"
                          VPOS="2336"
                          HPOS="501"
                          CONTENT="est."/>
                  <SP HEIGHT="67" WIDTH="15" VPOS="2336" HPOS="618"/>
                  <String HEIGHT="67" WIDTH="88" VPOS="2336" HPOS="574" CONTENT="Et"/>
                  <SP HEIGHT="67" WIDTH="15" VPOS="2336" HPOS="662"/>
                  <String HEIGHT="67" WIDTH="88" VPOS="2336" HPOS="618" CONTENT="vt"/>
                  <SP HEIGHT="67" WIDTH="15" VPOS="2336" HPOS="706"/>
                  <String HEIGHT="67"
                          WIDTH="161"
                          VPOS="2336"
                          HPOS="662"
                          CONTENT="dicitur"/>
                  <SP HEIGHT="67" WIDTH="15" VPOS="2336" HPOS="822"/>
                  <String HEIGHT="67"
                          WIDTH="132"
                          VPOS="2336"
                          HPOS="779"
                          CONTENT="caia."/>
                  <SP HEIGHT="67" WIDTH="15" VPOS="2336" HPOS="910"/>
                  <String HEIGHT="67"
                          WIDTH="117"
                          VPOS="2336"
                          HPOS="866"
                          CONTENT="vii."/>
                  <SP HEIGHT="67" WIDTH="15" VPOS="2336" HPOS="983"/>
                  <String HEIGHT="67"
                          WIDTH="249"
                          VPOS="2336"
                          HPOS="939"
                          CONTENT="contemplatiua"/>
                  <SP HEIGHT="67" WIDTH="15" VPOS="2336" HPOS="1188"/>
                  <String HEIGHT="67"
                          WIDTH="117"
                          VPOS="2336"
                          HPOS="1144"
                          CONTENT="vita"/>
                  <SP HEIGHT="67" WIDTH="15" VPOS="2336" HPOS="1261"/>
                  <String HEIGHT="67"
                          WIDTH="175"
                          VPOS="2336"
                          HPOS="1217"
                          CONTENT="amabilis"/>
                  <SP HEIGHT="67" WIDTH="15" VPOS="2336" HPOS="1393"/>
                  <String HEIGHT="67"
                          WIDTH="132"
                          VPOS="2336"
                          HPOS="1349"
                          CONTENT="valde"/>
                  <SP HEIGHT="67" WIDTH="15" VPOS="2336" HPOS="1480"/>
                  <String HEIGHT="67"
                          WIDTH="161"
                          VPOS="2336"
                          HPOS="1436"
                          CONTENT="dulcedo"/>
                  <SP HEIGHT="67" WIDTH="15" VPOS="2336" HPOS="1597"/>
                  <String HEIGHT="67"
                          WIDTH="117"
                          VPOS="2336"
                          HPOS="1553"
                          CONTENT="est:"/>
                  <SP HEIGHT="67" WIDTH="15" VPOS="2336" HPOS="1670"/>
                  <String HEIGHT="67"
                          WIDTH="117"
                          VPOS="2336"
                          HPOS="1626"
                          CONTENT="quae"/>
                  <SP HEIGHT="67" WIDTH="15" VPOS="2336" HPOS="1743"/>
                  <String HEIGHT="67"
                          WIDTH="132"
                          VPOS="2336"
                          HPOS="1700"
                          CONTENT="super"/>
                  <SP HEIGHT="67" WIDTH="15" VPOS="2336" HPOS="1831"/>
                  <String HEIGHT="67"
                          WIDTH="102"
                          VPOS="2336"
                          HPOS="1773"
                          CONTENT="semet"/>
               </TextLine>
               <TextLine ID="r4l41"
                         BASELINE="2460"
                         HEIGHT="71"
                         WIDTH="1718"
                         VPOS="2389"
                         HPOS="157">
                  <String HEIGHT="71"
                          WIDTH="143"
                          VPOS="2389"
                          HPOS="141"
                          CONTENT="ipsam"/>
                  <SP HEIGHT="71" WIDTH="16" VPOS="2389" HPOS="284"/>
                  <String HEIGHT="71"
                          WIDTH="159"
                          VPOS="2389"
                          HPOS="237"
                          CONTENT="animam"/>
                  <SP HEIGHT="71" WIDTH="16" VPOS="2389" HPOS="396"/>
                  <String HEIGHT="71"
                          WIDTH="159"
                          VPOS="2389"
                          HPOS="348"
                          CONTENT="rapit:"/>
                  <SP HEIGHT="71" WIDTH="16" VPOS="2389" HPOS="507"/>
                  <String HEIGHT="71"
                          WIDTH="207"
                          VPOS="2389"
                          HPOS="459"
                          CONTENT="caelestia"/>
                  <SP HEIGHT="71" WIDTH="16" VPOS="2389" HPOS="666"/>
                  <String HEIGHT="71"
                          WIDTH="191"
                          VPOS="2389"
                          HPOS="618"
                          CONTENT="appetit:"/>
                  <SP HEIGHT="71" WIDTH="16" VPOS="2389" HPOS="809"/>
                  <String HEIGHT="71"
                          WIDTH="175"
                          VPOS="2389"
                          HPOS="761"
                          CONTENT="terrena"/>
                  <SP HEIGHT="71" WIDTH="16" VPOS="2389" HPOS="936"/>
                  <String HEIGHT="71"
                          WIDTH="143"
                          VPOS="2389"
                          HPOS="889"
                          CONTENT="autem"/>
                  <SP HEIGHT="71" WIDTH="16" VPOS="2389" HPOS="1032"/>
                  <String HEIGHT="71"
                          WIDTH="223"
                          VPOS="2389"
                          HPOS="984"
                          CONTENT="contemptui"/>
                  <SP HEIGHT="71" WIDTH="16" VPOS="2389" HPOS="1207"/>
                  <String HEIGHT="71"
                          WIDTH="159"
                          VPOS="2389"
                          HPOS="1159"
                          CONTENT="habere"/>
                  <SP HEIGHT="71" WIDTH="16" VPOS="2389" HPOS="1318"/>
                  <String HEIGHT="71" WIDTH="95" VPOS="2389" HPOS="1271" CONTENT="se"/>
                  <SP HEIGHT="71" WIDTH="16" VPOS="2389" HPOS="1366"/>
                  <String HEIGHT="71"
                          WIDTH="207"
                          VPOS="2389"
                          HPOS="1318"
                          CONTENT="ostendit."/>
                  <SP HEIGHT="71" WIDTH="16" VPOS="2389" HPOS="1525"/>
                  <String HEIGHT="71" WIDTH="95" VPOS="2389" HPOS="1477" CONTENT="Ad"/>
                  <SP HEIGHT="71" WIDTH="16" VPOS="2389" HPOS="1573"/>
                  <String HEIGHT="71"
                          WIDTH="127"
                          VPOS="2389"
                          HPOS="1525"
                          CONTENT="hunc"/>
                  <SP HEIGHT="71" WIDTH="16" VPOS="2389" HPOS="1652"/>
                  <String HEIGHT="71"
                          WIDTH="143"
                          VPOS="2389"
                          HPOS="1605"
                          CONTENT="modum"/>
                  <SP HEIGHT="71" WIDTH="16" VPOS="2389" HPOS="1748"/>
                  <String HEIGHT="71"
                          WIDTH="191"
                          VPOS="2389"
                          HPOS="1684"
                          CONTENT="comparandi"/>
               </TextLine>
               <TextLine ID="r4l42"
                         BASELINE="2507"
                         HEIGHT="64"
                         WIDTH="1722"
                         VPOS="2443"
                         HPOS="151">
                  <String HEIGHT="64"
                          WIDTH="144"
                          VPOS="2443"
                          HPOS="135"
                          CONTENT="inter"/>
                  <SP HEIGHT="64" WIDTH="16" VPOS="2443" HPOS="279"/>
                  <String HEIGHT="64" WIDTH="96" VPOS="2443" HPOS="231" CONTENT="se"/>
                  <SP HEIGHT="64" WIDTH="16" VPOS="2443" HPOS="326"/>
                  <String HEIGHT="64"
                          WIDTH="144"
                          VPOS="2443"
                          HPOS="279"
                          CONTENT="vitam"/>
                  <SP HEIGHT="64" WIDTH="16" VPOS="2443" HPOS="422"/>
                  <String HEIGHT="64"
                          WIDTH="175"
                          VPOS="2443"
                          HPOS="374"
                          CONTENT="actiuam"/>
                  <SP HEIGHT="64" WIDTH="16" VPOS="2443" HPOS="550"/>
                  <String HEIGHT="64" WIDTH="80" VPOS="2443" HPOS="502" CONTENT="&amp;"/>
                  <SP HEIGHT="64" WIDTH="16" VPOS="2443" HPOS="582"/>
                  <String HEIGHT="64"
                          WIDTH="303"
                          VPOS="2443"
                          HPOS="534"
                          CONTENT="contemplatiuam,"/>
                  <SP HEIGHT="64" WIDTH="16" VPOS="2443" HPOS="837"/>
                  <String HEIGHT="64"
                          WIDTH="159"
                          VPOS="2443"
                          HPOS="789"
                          CONTENT="dicunt"/>
                  <SP HEIGHT="64" WIDTH="16" VPOS="2443" HPOS="948"/>
                  <String HEIGHT="64"
                          WIDTH="128"
                          VPOS="2443"
                          HPOS="900"
                          CONTENT="quod"/>
                  <SP HEIGHT="64" WIDTH="16" VPOS="2443" HPOS="1028"/>
                  <String HEIGHT="64"
                          WIDTH="128"
                          VPOS="2443"
                          HPOS="980"
                          CONTENT="vita"/>
                  <SP HEIGHT="64" WIDTH="16" VPOS="2443" HPOS="1108"/>
                  <String HEIGHT="64"
                          WIDTH="271"
                          VPOS="2443"
                          HPOS="1060"
                          CONTENT="contemplatiua"/>
                  <SP HEIGHT="64" WIDTH="16" VPOS="2443" HPOS="1331"/>
                  <String HEIGHT="64"
                          WIDTH="239"
                          VPOS="2443"
                          HPOS="1283"
                          CONTENT="simpliciter"/>
                  <SP HEIGHT="64" WIDTH="16" VPOS="2443" HPOS="1522"/>
                  <String HEIGHT="64"
                          WIDTH="159"
                          VPOS="2443"
                          HPOS="1474"
                          CONTENT="melior"/>
                  <SP HEIGHT="64" WIDTH="16" VPOS="2443" HPOS="1634"/>
                  <String HEIGHT="64"
                          WIDTH="112"
                          VPOS="2443"
                          HPOS="1586"
                          CONTENT="est"/>
                  <SP HEIGHT="64" WIDTH="16" VPOS="2443" HPOS="1698"/>
                  <String HEIGHT="64" WIDTH="80" VPOS="2443" HPOS="1650" CONTENT="&amp;"/>
                  <SP HEIGHT="64" WIDTH="16" VPOS="2443" HPOS="1730"/>
                  <String HEIGHT="64"
                          WIDTH="207"
                          VPOS="2443"
                          HPOS="1666"
                          CONTENT="praeferenda"/>
               </TextLine>
               <TextLine ID="r4l43"
                         BASELINE="2555"
                         HEIGHT="60"
                         WIDTH="1721"
                         VPOS="2495"
                         HPOS="153">
                  <String HEIGHT="60"
                          WIDTH="163"
                          VPOS="2495"
                          HPOS="139"
                          CONTENT="actiuae:"/>
                  <SP HEIGHT="60" WIDTH="14" VPOS="2495" HPOS="302"/>
                  <String HEIGHT="60" WIDTH="68" VPOS="2495" HPOS="261" CONTENT="&amp;"/>
                  <SP HEIGHT="60" WIDTH="14" VPOS="2495" HPOS="329"/>
                  <String HEIGHT="60" WIDTH="95" VPOS="2495" HPOS="289" CONTENT="hoc"/>
                  <SP HEIGHT="60" WIDTH="14" VPOS="2495" HPOS="383"/>
                  <String HEIGHT="60"
                          WIDTH="163"
                          VPOS="2495"
                          HPOS="343"
                          CONTENT="propter."/>
                  <SP HEIGHT="60" WIDTH="14" VPOS="2495" HPOS="505"/>
                  <String HEIGHT="60"
                          WIDTH="122"
                          VPOS="2495"
                          HPOS="465"
                          CONTENT="viii."/>
                  <SP HEIGHT="60" WIDTH="14" VPOS="2495" HPOS="587"/>
                  <String HEIGHT="60"
                          WIDTH="203"
                          VPOS="2495"
                          HPOS="546"
                          CONTENT="conditiones"/>
                  <SP HEIGHT="60" WIDTH="14" VPOS="2495" HPOS="749"/>
                  <String HEIGHT="60"
                          WIDTH="136"
                          VPOS="2495"
                          HPOS="709"
                          CONTENT="quibus"/>
                  <SP HEIGHT="60" WIDTH="14" VPOS="2495" HPOS="844"/>
                  <String HEIGHT="60"
                          WIDTH="203"
                          VPOS="2495"
                          HPOS="803"
                          CONTENT="philosophus"/>
                  <SP HEIGHT="60" WIDTH="14" VPOS="2495" HPOS="1007"/>
                  <String HEIGHT="60" WIDTH="95" VPOS="2495" HPOS="966" CONTENT="eam"/>
                  <SP HEIGHT="60" WIDTH="14" VPOS="2495" HPOS="1061"/>
                  <String HEIGHT="60"
                          WIDTH="163"
                          VPOS="2495"
                          HPOS="1020"
                          CONTENT="praefert"/>
                  <SP HEIGHT="60" WIDTH="14" VPOS="2495" HPOS="1183"/>
                  <String HEIGHT="60"
                          WIDTH="95"
                          VPOS="2495"
                          HPOS="1142"
                          CONTENT="in."/>
                  <SP HEIGHT="60" WIDTH="14" VPOS="2495" HPOS="1237"/>
                  <String HEIGHT="60" WIDTH="81" VPOS="2495" HPOS="1196" CONTENT="x."/>
                  <SP HEIGHT="60" WIDTH="14" VPOS="2495" HPOS="1278"/>
                  <String HEIGHT="60"
                          WIDTH="122"
                          VPOS="2495"
                          HPOS="1237"
                          CONTENT="Ethi."/>
                  <SP HEIGHT="60" WIDTH="14" VPOS="2495" HPOS="1359"/>
                  <String HEIGHT="60"
                          WIDTH="95"
                          VPOS="2495"
                          HPOS="1318"
                          CONTENT="Sed"/>
                  <SP HEIGHT="60" WIDTH="14" VPOS="2495" HPOS="1413"/>
                  <String HEIGHT="60" WIDTH="81" VPOS="2495" HPOS="1373" CONTENT="vt"/>
                  <SP HEIGHT="60" WIDTH="14" VPOS="2495" HPOS="1454"/>
                  <String HEIGHT="60"
                          WIDTH="122"
                          VPOS="2495"
                          HPOS="1413"
                          CONTENT="infra"/>
                  <SP HEIGHT="60" WIDTH="14" VPOS="2495" HPOS="1535"/>
                  <String HEIGHT="60"
                          WIDTH="163"
                          VPOS="2495"
                          HPOS="1495"
                          CONTENT="dicetur,"/>
                  <SP HEIGHT="60" WIDTH="14" VPOS="2495" HPOS="1657"/>
                  <String HEIGHT="60"
                          WIDTH="95"
                          VPOS="2495"
                          HPOS="1617"
                          CONTENT="qui"/>
                  <SP HEIGHT="60" WIDTH="14" VPOS="2495" HPOS="1711"/>
                  <String HEIGHT="60"
                          WIDTH="108"
                          VPOS="2495"
                          HPOS="1671"
                          CONTENT="bene"/>
                  <SP HEIGHT="60" WIDTH="14" VPOS="2495" HPOS="1779"/>
                  <String HEIGHT="60"
                          WIDTH="108"
                          VPOS="2495"
                          HPOS="1738"
                          CONTENT="vult"/>
                  <SP HEIGHT="60" WIDTH="14" VPOS="2495" HPOS="1847"/>
                  <String HEIGHT="60"
                          WIDTH="81"
                          VPOS="2495"
                          HPOS="1793"
                          CONTENT="con"
                          SUBS_TYPE="HypPart1"
                          SUBS_CONTENT="conparare"/>
                  <HYP CONTENT="-"/>
               </TextLine>
               <TextLine ID="r4l44"
                         BASELINE="2611"
                         HEIGHT="70"
                         WIDTH="1723"
                         VPOS="2541"
                         HPOS="151">
                  <String HEIGHT="70"
                          WIDTH="166"
                          VPOS="2541"
                          HPOS="134"
                          CONTENT="parare"
                          SUBS_TYPE="HypPart2"
                          SUBS_CONTENT="conparare"/>
                  <SP HEIGHT="70" WIDTH="17" VPOS="2541" HPOS="300"/>
                  <String HEIGHT="70"
                          WIDTH="199"
                          VPOS="2541"
                          HPOS="250"
                          CONTENT="diuersa,"/>
                  <SP HEIGHT="70" WIDTH="17" VPOS="2541" HPOS="449"/>
                  <String HEIGHT="70"
                          WIDTH="149"
                          VPOS="2541"
                          HPOS="400"
                          CONTENT="debet"/>
                  <SP HEIGHT="70" WIDTH="17" VPOS="2541" HPOS="549"/>
                  <String HEIGHT="70"
                          WIDTH="249"
                          VPOS="2541"
                          HPOS="499"
                          CONTENT="considerare"/>
                  <SP HEIGHT="70" WIDTH="17" VPOS="2541" HPOS="747"/>
                  <String HEIGHT="70"
                          WIDTH="133"
                          VPOS="2541"
                          HPOS="698"
                          CONTENT="illa"/>
                  <SP HEIGHT="70" WIDTH="17" VPOS="2541" HPOS="830"/>
                  <String HEIGHT="70"
                          WIDTH="199"
                          VPOS="2541"
                          HPOS="781"
                          CONTENT="secundum"/>
                  <SP HEIGHT="70" WIDTH="17" VPOS="2541" HPOS="979"/>
                  <String HEIGHT="70"
                          WIDTH="249"
                          VPOS="2541"
                          HPOS="930"
                          CONTENT="conditiones"/>
                  <SP HEIGHT="70" WIDTH="17" VPOS="2541" HPOS="1178"/>
                  <String HEIGHT="70"
                          WIDTH="149"
                          VPOS="2541"
                          HPOS="1128"
                          CONTENT="omnes"/>
                  <SP HEIGHT="70" WIDTH="17" VPOS="2541" HPOS="1278"/>
                  <String HEIGHT="70"
                          WIDTH="166"
                          VPOS="2541"
                          HPOS="1228"
                          CONTENT="maxime"/>
                  <SP HEIGHT="70" WIDTH="17" VPOS="2541" HPOS="1394"/>
                  <String HEIGHT="70"
                          WIDTH="199"
                          VPOS="2541"
                          HPOS="1344"
                          CONTENT="secundum"/>
                  <SP HEIGHT="70" WIDTH="17" VPOS="2541" HPOS="1543"/>
                  <String HEIGHT="70"
                          WIDTH="249"
                          VPOS="2541"
                          HPOS="1493"
                          CONTENT="praecipuas:"/>
                  <SP HEIGHT="70" WIDTH="17" VPOS="2541" HPOS="1741"/>
                  <String HEIGHT="70" WIDTH="83" VPOS="2541" HPOS="1692" CONTENT="&amp;"/>
                  <SP HEIGHT="70" WIDTH="17" VPOS="2541" HPOS="1775"/>
                  <String HEIGHT="70"
                          WIDTH="166"
                          VPOS="2541"
                          HPOS="1708"
                          CONTENT="secundum"/>
               </TextLine>
               <TextLine ID="r4l45"
                         BASELINE="2669"
                         HEIGHT="67"
                         WIDTH="1725"
                         VPOS="2602"
                         HPOS="147">
                  <String HEIGHT="67"
                          WIDTH="132"
                          VPOS="2602"
                          HPOS="132"
                          CONTENT="illas"/>
                  <SP HEIGHT="67" WIDTH="15" VPOS="2602" HPOS="264"/>
                  <String HEIGHT="67"
                          WIDTH="175"
                          VPOS="2602"
                          HPOS="220"
                          CONTENT="iudicare"/>
                  <SP HEIGHT="67" WIDTH="15" VPOS="2602" HPOS="396"/>
                  <String HEIGHT="67"
                          WIDTH="205"
                          VPOS="2602"
                          HPOS="352"
                          CONTENT="comparata."/>
                  <SP HEIGHT="67" WIDTH="15" VPOS="2602" HPOS="556"/>
                  <String HEIGHT="67"
                          WIDTH="132"
                          VPOS="2602"
                          HPOS="512"
                          CONTENT="Nihil"/>
                  <SP HEIGHT="67" WIDTH="15" VPOS="2602" HPOS="644"/>
                  <String HEIGHT="67"
                          WIDTH="117"
                          VPOS="2602"
                          HPOS="600"
                          CONTENT="enim"/>
                  <SP HEIGHT="67" WIDTH="15" VPOS="2602" HPOS="717"/>
                  <String HEIGHT="67"
                          WIDTH="175"
                          VPOS="2602"
                          HPOS="673"
                          CONTENT="prohibet"/>
                  <SP HEIGHT="67" WIDTH="15" VPOS="2602" HPOS="849"/>
                  <String HEIGHT="67"
                          WIDTH="161"
                          VPOS="2602"
                          HPOS="805"
                          CONTENT="aliquid"/>
                  <SP HEIGHT="67" WIDTH="15" VPOS="2602" HPOS="966"/>
                  <String HEIGHT="67"
                          WIDTH="219"
                          VPOS="2602"
                          HPOS="922"
                          CONTENT="simpliciter"/>
                  <SP HEIGHT="67" WIDTH="15" VPOS="2602" HPOS="1141"/>
                  <String HEIGHT="67"
                          WIDTH="219"
                          VPOS="2602"
                          HPOS="1097"
                          CONTENT="praecellere"/>
                  <SP HEIGHT="67" WIDTH="15" VPOS="2602" HPOS="1316"/>
                  <String HEIGHT="67"
                          WIDTH="161"
                          VPOS="2602"
                          HPOS="1273"
                          CONTENT="alterum"/>
                  <SP HEIGHT="67" WIDTH="15" VPOS="2602" HPOS="1433"/>
                  <String HEIGHT="67"
                          WIDTH="117"
                          VPOS="2602"
                          HPOS="1390"
                          CONTENT="quid"/>
                  <SP HEIGHT="67" WIDTH="15" VPOS="2602" HPOS="1507"/>
                  <String HEIGHT="67"
                          WIDTH="175"
                          VPOS="2602"
                          HPOS="1463"
                          CONTENT="secundum"/>
                  <SP HEIGHT="67" WIDTH="15" VPOS="2602" HPOS="1638"/>
                  <String HEIGHT="67" WIDTH="88" VPOS="2602" HPOS="1594" CONTENT="id"/>
                  <SP HEIGHT="67" WIDTH="15" VPOS="2602" HPOS="1682"/>
                  <String HEIGHT="67"
                          WIDTH="117"
                          VPOS="2602"
                          HPOS="1638"
                          CONTENT="quod"/>
                  <SP HEIGHT="67" WIDTH="15" VPOS="2602" HPOS="1755"/>
                  <String HEIGHT="67"
                          WIDTH="102"
                          VPOS="2602"
                          HPOS="1711"
                          CONTENT="est"/>
                  <SP HEIGHT="67" WIDTH="15" VPOS="2602" HPOS="1814"/>
                  <String HEIGHT="67"
                          WIDTH="117"
                          VPOS="2602"
                          HPOS="1755"
                          CONTENT="princi"/>
               </TextLine>
               <TextLine ID="r4l46"
                         BASELINE="2722"
                         HEIGHT="62"
                         WIDTH="1730"
                         VPOS="2660"
                         HPOS="145">
                  <String HEIGHT="62"
                          WIDTH="117"
                          VPOS="2660"
                          HPOS="130"
                          CONTENT="pale"/>
                  <SP HEIGHT="62" WIDTH="15" VPOS="2660" HPOS="248"/>
                  <String HEIGHT="62" WIDTH="88" VPOS="2660" HPOS="204" CONTENT="in"/>
                  <SP HEIGHT="62" WIDTH="15" VPOS="2660" HPOS="292"/>
                  <String HEIGHT="62"
                          WIDTH="132"
                          VPOS="2660"
                          HPOS="248"
                          CONTENT="illo:"/>
                  <SP HEIGHT="62" WIDTH="15" VPOS="2660" HPOS="380"/>
                  <String HEIGHT="62"
                          WIDTH="117"
                          VPOS="2660"
                          HPOS="336"
                          CONTENT="quid"/>
                  <SP HEIGHT="62" WIDTH="15" VPOS="2660" HPOS="453"/>
                  <String HEIGHT="62"
                          WIDTH="132"
                          VPOS="2660"
                          HPOS="409"
                          CONTENT="tamen"/>
                  <SP HEIGHT="62" WIDTH="15" VPOS="2660" HPOS="541"/>
                  <String HEIGHT="62"
                          WIDTH="176"
                          VPOS="2660"
                          HPOS="497"
                          CONTENT="secundum"/>
                  <SP HEIGHT="62" WIDTH="15" VPOS="2660" HPOS="673"/>
                  <String HEIGHT="62"
                          WIDTH="161"
                          VPOS="2660"
                          HPOS="629"
                          CONTENT="aliquid"/>
                  <SP HEIGHT="62" WIDTH="15" VPOS="2660" HPOS="790"/>
                  <String HEIGHT="62"
                          WIDTH="103"
                          VPOS="2660"
                          HPOS="746"
                          CONTENT="non"/>
                  <SP HEIGHT="62" WIDTH="15" VPOS="2660" HPOS="849"/>
                  <String HEIGHT="62"
                          WIDTH="205"
                          VPOS="2660"
                          HPOS="805"
                          CONTENT="principale"/>
                  <SP HEIGHT="62" WIDTH="15" VPOS="2660" HPOS="1010"/>
                  <String HEIGHT="62" WIDTH="88" VPOS="2660" HPOS="966" CONTENT="ab"/>
                  <SP HEIGHT="62" WIDTH="15" VPOS="2660" HPOS="1054"/>
                  <String HEIGHT="62"
                          WIDTH="117"
                          VPOS="2660"
                          HPOS="1010"
                          CONTENT="illo"/>
                  <SP HEIGHT="62" WIDTH="15" VPOS="2660" HPOS="1127"/>
                  <String HEIGHT="62"
                          WIDTH="117"
                          VPOS="2660"
                          HPOS="1083"
                          CONTENT="alio"/>
                  <SP HEIGHT="62" WIDTH="15" VPOS="2660" HPOS="1201"/>
                  <String HEIGHT="62"
                          WIDTH="205"
                          VPOS="2660"
                          HPOS="1157"
                          CONTENT="superatur,"/>
                  <SP HEIGHT="62" WIDTH="15" VPOS="2660" HPOS="1362"/>
                  <String HEIGHT="62"
                          WIDTH="117"
                          VPOS="2660"
                          HPOS="1318"
                          CONTENT="quod"/>
                  <SP HEIGHT="62" WIDTH="15" VPOS="2660" HPOS="1435"/>
                  <String HEIGHT="62"
                          WIDTH="191"
                          VPOS="2660"
                          HPOS="1391"
                          CONTENT="contingit"/>
                  <SP HEIGHT="62" WIDTH="15" VPOS="2660" HPOS="1582"/>
                  <String HEIGHT="62" WIDTH="88" VPOS="2660" HPOS="1538" CONTENT="in"/>
                  <SP HEIGHT="62" WIDTH="15" VPOS="2660" HPOS="1626"/>
                  <String HEIGHT="62"
                          WIDTH="205"
                          VPOS="2660"
                          HPOS="1582"
                          CONTENT="proposito:"/>
                  <SP HEIGHT="62" WIDTH="15" VPOS="2660" HPOS="1787"/>
                  <String HEIGHT="62"
                          WIDTH="117"
                          VPOS="2660"
                          HPOS="1743"
                          CONTENT="quia"/>
                  <SP HEIGHT="62" WIDTH="15" VPOS="2660" HPOS="1860"/>
                  <String HEIGHT="62" WIDTH="88" VPOS="2660" HPOS="1816" CONTENT="in"/>
                  <SP HEIGHT="62" WIDTH="15" VPOS="2660" HPOS="1904"/>
                  <String HEIGHT="62" WIDTH="29" VPOS="2660" HPOS="1846" CONTENT=""/>
               </TextLine>
               <TextLine ID="r4l47"
                         BASELINE="2771"
                         HEIGHT="55"
                         WIDTH="1712"
                         VPOS="2716"
                         HPOS="153">
                  <String HEIGHT="55"
                          WIDTH="153"
                          VPOS="2716"
                          HPOS="139"
                          CONTENT="vtraque"/>
                  <SP HEIGHT="55" WIDTH="14" VPOS="2716" HPOS="292"/>
                  <String HEIGHT="55"
                          WIDTH="111"
                          VPOS="2716"
                          HPOS="250"
                          CONTENT="vita"/>
                  <SP HEIGHT="55" WIDTH="14" VPOS="2716" HPOS="362"/>
                  <String HEIGHT="55" WIDTH="97" VPOS="2716" HPOS="320" CONTENT="pro"/>
                  <SP HEIGHT="55" WIDTH="14" VPOS="2716" HPOS="417"/>
                  <String HEIGHT="55"
                          WIDTH="181"
                          VPOS="2716"
                          HPOS="376"
                          CONTENT="praesenti"/>
                  <SP HEIGHT="55" WIDTH="14" VPOS="2716" HPOS="557"/>
                  <String HEIGHT="55"
                          WIDTH="195"
                          VPOS="2716"
                          HPOS="515"
                          CONTENT="principale"/>
                  <SP HEIGHT="55" WIDTH="14" VPOS="2716" HPOS="710"/>
                  <String HEIGHT="55" WIDTH="97" VPOS="2716" HPOS="668" CONTENT="est"/>
                  <SP HEIGHT="55" WIDTH="14" VPOS="2716" HPOS="765"/>
                  <String HEIGHT="55"
                          WIDTH="153"
                          VPOS="2716"
                          HPOS="724"
                          CONTENT="meritum"/>
                  <SP HEIGHT="55" WIDTH="14" VPOS="2716" HPOS="877"/>
                  <String HEIGHT="55"
                          WIDTH="125"
                          VPOS="2716"
                          HPOS="835"
                          CONTENT="vsus:"/>
                  <SP HEIGHT="55" WIDTH="14" VPOS="2716" HPOS="960"/>
                  <String HEIGHT="55" WIDTH="84" VPOS="2716" HPOS="919" CONTENT="in"/>
                  <SP HEIGHT="55" WIDTH="14" VPOS="2716" HPOS="1002"/>
                  <String HEIGHT="55" WIDTH="97" VPOS="2716" HPOS="960" CONTENT="quo"/>
                  <SP HEIGHT="55" WIDTH="14" VPOS="2716" HPOS="1058"/>
                  <String HEIGHT="55"
                          WIDTH="97"
                          VPOS="2716"
                          HPOS="1016"
                          CONTENT="(vt"/>
                  <SP HEIGHT="55" WIDTH="14" VPOS="2716" HPOS="1113"/>
                  <String HEIGHT="55"
                          WIDTH="181"
                          VPOS="2716"
                          HPOS="1072"
                          CONTENT="videbitur"/>
                  <SP HEIGHT="55" WIDTH="14" VPOS="2716" HPOS="1253"/>
                  <String HEIGHT="55"
                          WIDTH="111"
                          VPOS="2716"
                          HPOS="1211"
                          CONTENT="iam,"/>
                  <SP HEIGHT="55" WIDTH="14" VPOS="2716" HPOS="1322"/>
                  <String HEIGHT="55"
                          WIDTH="195"
                          VPOS="2716"
                          HPOS="1280"
                          CONTENT="praecellit"/>
                  <SP HEIGHT="55" WIDTH="14" VPOS="2716" HPOS="1475"/>
                  <String HEIGHT="55"
                          WIDTH="111"
                          VPOS="2716"
                          HPOS="1434"
                          CONTENT="vita"/>
                  <SP HEIGHT="55" WIDTH="14" VPOS="2716" HPOS="1545"/>
                  <String HEIGHT="55"
                          WIDTH="153"
                          VPOS="2716"
                          HPOS="1503"
                          CONTENT="actiua:"/>
                  <SP HEIGHT="55" WIDTH="14" VPOS="2716" HPOS="1656"/>
                  <String HEIGHT="55"
                          WIDTH="111"
                          VPOS="2716"
                          HPOS="1614"
                          CONTENT="quam"/>
                  <SP HEIGHT="55" WIDTH="14" VPOS="2716" HPOS="1726"/>
                  <String HEIGHT="55"
                          WIDTH="167"
                          VPOS="2716"
                          HPOS="1684"
                          CONTENT="rationem"/>
                  <SP HEIGHT="55" WIDTH="14" VPOS="2716" HPOS="1851"/>
                  <String HEIGHT="55"
                          WIDTH="70"
                          VPOS="2716"
                          HPOS="1795"
                          CONTENT="me"
                          SUBS_TYPE="HypPart1"
                          SUBS_CONTENT="meriti"/>
                  <HYP CONTENT="-"/>
               </TextLine>
               <TextLine ID="r4l48"
                         BASELINE="2827"
                         HEIGHT="66"
                         WIDTH="1729"
                         VPOS="2761"
                         HPOS="146">
                  <String HEIGHT="66"
                          WIDTH="112"
                          VPOS="2761"
                          HPOS="132"
                          CONTENT="riti"
                          SUBS_TYPE="HypPart2"
                          SUBS_CONTENT="meriti"/>
                  <SP HEIGHT="66" WIDTH="14" VPOS="2761" HPOS="244"/>
                  <String HEIGHT="66"
                          WIDTH="127"
                          VPOS="2761"
                          HPOS="202"
                          CONTENT="nullo"/>
                  <SP HEIGHT="66" WIDTH="14" VPOS="2761" HPOS="329"/>
                  <String HEIGHT="66"
                          WIDTH="112"
                          VPOS="2761"
                          HPOS="287"
                          CONTENT="modo"/>
                  <SP HEIGHT="66" WIDTH="14" VPOS="2761" HPOS="399"/>
                  <String HEIGHT="66"
                          WIDTH="169"
                          VPOS="2761"
                          HPOS="357"
                          CONTENT="attendit"/>
                  <SP HEIGHT="66" WIDTH="14" VPOS="2761" HPOS="526"/>
                  <String HEIGHT="66"
                          WIDTH="225"
                          VPOS="2761"
                          HPOS="483"
                          CONTENT="philosophus:"/>
                  <SP HEIGHT="66" WIDTH="14" VPOS="2761" HPOS="708"/>
                  <String HEIGHT="66" WIDTH="98" VPOS="2761" HPOS="666" CONTENT="non"/>
                  <SP HEIGHT="66" WIDTH="14" VPOS="2761" HPOS="765"/>
                  <String HEIGHT="66"
                          WIDTH="141"
                          VPOS="2761"
                          HPOS="722"
                          CONTENT="ponens"/>
                  <SP HEIGHT="66" WIDTH="14" VPOS="2761" HPOS="863"/>
                  <String HEIGHT="66"
                          WIDTH="127"
                          VPOS="2761"
                          HPOS="821"
                          CONTENT="vitam"/>
                  <SP HEIGHT="66" WIDTH="14" VPOS="2761" HPOS="947"/>
                  <String HEIGHT="66"
                          WIDTH="169"
                          VPOS="2761"
                          HPOS="905"
                          CONTENT="futuram:"/>
                  <SP HEIGHT="66" WIDTH="14" VPOS="2761" HPOS="1074"/>
                  <String HEIGHT="66" WIDTH="70" VPOS="2761" HPOS="1032" CONTENT="&amp;"/>
                  <SP HEIGHT="66" WIDTH="14" VPOS="2761" HPOS="1102"/>
                  <String HEIGHT="66"
                          WIDTH="112"
                          VPOS="2761"
                          HPOS="1060"
                          CONTENT="ideo"/>
                  <SP HEIGHT="66" WIDTH="14" VPOS="2761" HPOS="1172"/>
                  <String HEIGHT="66"
                          WIDTH="169"
                          VPOS="2761"
                          HPOS="1130"
                          CONTENT="rationes"/>
                  <SP HEIGHT="66" WIDTH="14" VPOS="2761" HPOS="1299"/>
                  <String HEIGHT="66"
                          WIDTH="155"
                          VPOS="2761"
                          HPOS="1256"
                          CONTENT="sumptae"/>
                  <SP HEIGHT="66" WIDTH="14" VPOS="2761" HPOS="1411"/>
                  <String HEIGHT="66" WIDTH="70" VPOS="2761" HPOS="1369" CONTENT="a"/>
                  <SP HEIGHT="66" WIDTH="14" VPOS="2761" HPOS="1439"/>
                  <String HEIGHT="66"
                          WIDTH="197"
                          VPOS="2761"
                          HPOS="1397"
                          CONTENT="philosopho"/>
                  <SP HEIGHT="66" WIDTH="14" VPOS="2761" HPOS="1594"/>
                  <String HEIGHT="66"
                          WIDTH="155"
                          VPOS="2761"
                          HPOS="1552"
                          CONTENT="modicum"/>
                  <SP HEIGHT="66" WIDTH="14" VPOS="2761" HPOS="1706"/>
                  <String HEIGHT="66"
                          WIDTH="141"
                          VPOS="2761"
                          HPOS="1664"
                          CONTENT="valent"/>
                  <SP HEIGHT="66" WIDTH="14" VPOS="2761" HPOS="1805"/>
                  <String HEIGHT="66" WIDTH="84" VPOS="2761" HPOS="1763" CONTENT="ad"/>
                  <SP HEIGHT="66" WIDTH="14" VPOS="2761" HPOS="1847"/>
                  <String HEIGHT="66"
                          WIDTH="84"
                          VPOS="2761"
                          HPOS="1791"
                          CONTENT="prae"/>
               </TextLine>
               <TextLine ID="r4l49"
                         BASELINE="2884"
                         HEIGHT="58"
                         WIDTH="1729"
                         VPOS="2826"
                         HPOS="146">
                  <String HEIGHT="58"
                          WIDTH="112"
                          VPOS="2826"
                          HPOS="132"
                          CONTENT="sens"/>
                  <SP HEIGHT="58" WIDTH="14" VPOS="2826" HPOS="244"/>
                  <String HEIGHT="58"
                          WIDTH="197"
                          VPOS="2826"
                          HPOS="202"
                          CONTENT="catholico:"/>
                  <SP HEIGHT="58" WIDTH="14" VPOS="2826" HPOS="399"/>
                  <String HEIGHT="58" WIDTH="84" VPOS="2826" HPOS="357" CONTENT="in"/>
                  <SP HEIGHT="58" WIDTH="14" VPOS="2826" HPOS="441"/>
                  <String HEIGHT="58" WIDTH="98" VPOS="2826" HPOS="399" CONTENT="quo"/>
                  <SP HEIGHT="58" WIDTH="14" VPOS="2826" HPOS="497"/>
                  <String HEIGHT="58"
                          WIDTH="127"
                          VPOS="2826"
                          HPOS="455"
                          CONTENT="tamen"/>
                  <SP HEIGHT="58" WIDTH="14" VPOS="2826" HPOS="582"/>
                  <String HEIGHT="58"
                          WIDTH="169"
                          VPOS="2826"
                          HPOS="540"
                          CONTENT="videntur"/>
                  <SP HEIGHT="58" WIDTH="14" VPOS="2826" HPOS="708"/>
                  <String HEIGHT="58" WIDTH="84" VPOS="2826" HPOS="666" CONTENT="se"/>
                  <SP HEIGHT="58" WIDTH="14" VPOS="2826" HPOS="750"/>
                  <String HEIGHT="58"
                          WIDTH="155"
                          VPOS="2826"
                          HPOS="708"
                          CONTENT="fundare"/>
                  <SP HEIGHT="58" WIDTH="14" VPOS="2826" HPOS="863"/>
                  <String HEIGHT="58"
                          WIDTH="239"
                          VPOS="2826"
                          HPOS="821"
                          CONTENT="principaliter"/>
                  <SP HEIGHT="58" WIDTH="14" VPOS="2826" HPOS="1060"/>
                  <String HEIGHT="58"
                          WIDTH="155"
                          VPOS="2826"
                          HPOS="1018"
                          CONTENT="aliqui."/>
                  <SP HEIGHT="58" WIDTH="14" VPOS="2826" HPOS="1172"/>
                  <String HEIGHT="58" WIDTH="84" VPOS="2826" HPOS="1130" CONTENT="Si"/>
                  <SP HEIGHT="58" WIDTH="14" VPOS="2826" HPOS="1214"/>
                  <String HEIGHT="58"
                          WIDTH="127"
                          VPOS="2826"
                          HPOS="1172"
                          CONTENT="autem"/>
                  <SP HEIGHT="58" WIDTH="14" VPOS="2826" HPOS="1299"/>
                  <String HEIGHT="58"
                          WIDTH="127"
                          VPOS="2826"
                          HPOS="1256"
                          CONTENT="actio"/>
                  <SP HEIGHT="58" WIDTH="14" VPOS="2826" HPOS="1383"/>
                  <String HEIGHT="58" WIDTH="70" VPOS="2826" HPOS="1341" CONTENT="&amp;"/>
                  <SP HEIGHT="58" WIDTH="14" VPOS="2826" HPOS="1411"/>
                  <String HEIGHT="58"
                          WIDTH="197"
                          VPOS="2826"
                          HPOS="1369"
                          CONTENT="praesentis"/>
                  <SP HEIGHT="58" WIDTH="14" VPOS="2826" HPOS="1566"/>
                  <String HEIGHT="58"
                          WIDTH="127"
                          VPOS="2826"
                          HPOS="1524"
                          CONTENT="vitae"/>
                  <SP HEIGHT="58" WIDTH="14" VPOS="2826" HPOS="1650"/>
                  <String HEIGHT="58"
                          WIDTH="225"
                          VPOS="2826"
                          HPOS="1608"
                          CONTENT="contemplatio"/>
                  <SP HEIGHT="58" WIDTH="14" VPOS="2826" HPOS="1833"/>
                  <String HEIGHT="58"
                          WIDTH="98"
                          VPOS="2826"
                          HPOS="1777"
                          CONTENT="compa"/>
               </TextLine>
               <TextLine ID="r4l50"
                         BASELINE="2939"
                         HEIGHT="72"
                         WIDTH="1730"
                         VPOS="2867"
                         HPOS="146">
                  <String HEIGHT="72"
                          WIDTH="153"
                          VPOS="2867"
                          HPOS="131"
                          CONTENT="rentur"/>
                  <SP HEIGHT="72" WIDTH="15" VPOS="2867" HPOS="284"/>
                  <String HEIGHT="72"
                          WIDTH="138"
                          VPOS="2867"
                          HPOS="238"
                          CONTENT="inter"/>
                  <SP HEIGHT="72" WIDTH="15" VPOS="2867" HPOS="376"/>
                  <String HEIGHT="72" WIDTH="92" VPOS="2867" HPOS="330" CONTENT="se"/>
                  <SP HEIGHT="72" WIDTH="15" VPOS="2867" HPOS="422"/>
                  <String HEIGHT="72"
                          WIDTH="107"
                          VPOS="2867"
                          HPOS="376"
                          CONTENT="quo"/>
                  <SP HEIGHT="72" WIDTH="15" VPOS="2867" HPOS="483"/>
                  <String HEIGHT="72" WIDTH="92" VPOS="2867" HPOS="437" CONTENT="ad"/>
                  <SP HEIGHT="72" WIDTH="15" VPOS="2867" HPOS="529"/>
                  <String HEIGHT="72"
                          WIDTH="138"
                          VPOS="2867"
                          HPOS="483"
                          CONTENT="earum"/>
                  <SP HEIGHT="72" WIDTH="15" VPOS="2867" HPOS="621"/>
                  <String HEIGHT="72"
                          WIDTH="138"
                          VPOS="2867"
                          HPOS="575"
                          CONTENT="vsum:"/>
                  <SP HEIGHT="72" WIDTH="15" VPOS="2867" HPOS="712"/>
                  <String HEIGHT="72"
                          WIDTH="122"
                          VPOS="2867"
                          HPOS="667"
                          CONTENT="quia"/>
                  <SP HEIGHT="72" WIDTH="15" VPOS="2867" HPOS="789"/>
                  <String HEIGHT="72"
                          WIDTH="122"
                          VPOS="2867"
                          HPOS="743"
                          CONTENT="vsus"/>
                  <SP HEIGHT="72" WIDTH="15" VPOS="2867" HPOS="866"/>
                  <String HEIGHT="72"
                          WIDTH="184"
                          VPOS="2867"
                          HPOS="820"
                          CONTENT="actionis"/>
                  <SP HEIGHT="72" WIDTH="15" VPOS="2867" HPOS="1003"/>
                  <String HEIGHT="72"
                          WIDTH="184"
                          VPOS="2867"
                          HPOS="957"
                          CONTENT="respicit"/>
                  <SP HEIGHT="72" WIDTH="15" VPOS="2867" HPOS="1141"/>
                  <String HEIGHT="72"
                          WIDTH="153"
                          VPOS="2867"
                          HPOS="1095"
                          CONTENT="operis"/>
                  <SP HEIGHT="72" WIDTH="15" VPOS="2867" HPOS="1248"/>
                  <String HEIGHT="72"
                          WIDTH="245"
                          VPOS="2867"
                          HPOS="1202"
                          CONTENT="executionem:"/>
                  <SP HEIGHT="72" WIDTH="15" VPOS="2867" HPOS="1447"/>
                  <String HEIGHT="72"
                          WIDTH="184"
                          VPOS="2867"
                          HPOS="1401"
                          CONTENT="executio"/>
                  <SP HEIGHT="72" WIDTH="15" VPOS="2867" HPOS="1585"/>
                  <String HEIGHT="72"
                          WIDTH="138"
                          VPOS="2867"
                          HPOS="1539"
                          CONTENT="autem"/>
                  <SP HEIGHT="72" WIDTH="15" VPOS="2867" HPOS="1677"/>
                  <String HEIGHT="72"
                          WIDTH="199"
                          VPOS="2867"
                          HPOS="1631"
                          CONTENT="actionis,"/>
                  <SP HEIGHT="72" WIDTH="15" VPOS="2867" HPOS="1830"/>
                  <String HEIGHT="72"
                          WIDTH="122"
                          VPOS="2867"
                          HPOS="1784"
                          CONTENT="quia"/>
                  <SP HEIGHT="72" WIDTH="15" VPOS="2867" HPOS="1907"/>
                  <String HEIGHT="72" WIDTH="31" VPOS="2867" HPOS="1845" CONTENT=""/>
               </TextLine>
               <TextLine ID="r4l51"
                         BASELINE="2985"
                         HEIGHT="58"
                         WIDTH="1730"
                         VPOS="2927"
                         HPOS="152">
                  <String HEIGHT="58"
                          WIDTH="111"
                          VPOS="2927"
                          HPOS="136"
                          CONTENT="est"/>
                  <SP HEIGHT="58" WIDTH="16" VPOS="2927" HPOS="247"/>
                  <String HEIGHT="58" WIDTH="95" VPOS="2927" HPOS="200" CONTENT="ad"/>
                  <SP HEIGHT="58" WIDTH="16" VPOS="2927" HPOS="295"/>
                  <String HEIGHT="58"
                          WIDTH="190"
                          VPOS="2927"
                          HPOS="247"
                          CONTENT="alterum:"/>
                  <SP HEIGHT="58" WIDTH="16" VPOS="2927" HPOS="438"/>
                  <String HEIGHT="58"
                          WIDTH="127"
                          VPOS="2927"
                          HPOS="390"
                          CONTENT="ipsa"/>
                  <SP HEIGHT="58" WIDTH="16" VPOS="2927" HPOS="517"/>
                  <String HEIGHT="58"
                          WIDTH="190"
                          VPOS="2927"
                          HPOS="469"
                          CONTENT="respicit"/>
                  <SP HEIGHT="58" WIDTH="16" VPOS="2927" HPOS="660"/>
                  <String HEIGHT="58" WIDTH="79" VPOS="2927" HPOS="612" CONTENT="&amp;"/>
                  <SP HEIGHT="58" WIDTH="16" VPOS="2927" HPOS="692"/>
                  <String HEIGHT="58"
                          WIDTH="143"
                          VPOS="2927"
                          HPOS="644"
                          CONTENT="illos"/>
                  <SP HEIGHT="58" WIDTH="16" VPOS="2927" HPOS="787"/>
                  <String HEIGHT="58" WIDTH="95" VPOS="2927" HPOS="739" CONTENT="ad"/>
                  <SP HEIGHT="58" WIDTH="16" VPOS="2927" HPOS="834"/>
                  <String HEIGHT="58"
                          WIDTH="127"
                          VPOS="2927"
                          HPOS="787"
                          CONTENT="quos"/>
                  <SP HEIGHT="58" WIDTH="16" VPOS="2927" HPOS="914"/>
                  <String HEIGHT="58"
                          WIDTH="111"
                          VPOS="2927"
                          HPOS="866"
                          CONTENT="est"/>
                  <SP HEIGHT="58" WIDTH="16" VPOS="2927" HPOS="977"/>
                  <String HEIGHT="58"
                          WIDTH="127"
                          VPOS="2927"
                          HPOS="930"
                          CONTENT="siue"/>
                  <SP HEIGHT="58" WIDTH="16" VPOS="2927" HPOS="1057"/>
                  <String HEIGHT="58"
                          WIDTH="143"
                          VPOS="2927"
                          HPOS="1009"
                          CONTENT="circa"/>
                  <SP HEIGHT="58" WIDTH="16" VPOS="2927" HPOS="1152"/>
                  <String HEIGHT="58"
                          WIDTH="127"
                          VPOS="2927"
                          HPOS="1104"
                          CONTENT="quos"/>
                  <SP HEIGHT="58" WIDTH="16" VPOS="2927" HPOS="1231"/>
                  <String HEIGHT="58"
                          WIDTH="127"
                          VPOS="2927"
                          HPOS="1184"
                          CONTENT="est:"/>
                  <SP HEIGHT="58" WIDTH="16" VPOS="2927" HPOS="1311"/>
                  <String HEIGHT="58" WIDTH="95" VPOS="2927" HPOS="1263" CONTENT="vt"/>
                  <SP HEIGHT="58" WIDTH="16" VPOS="2927" HPOS="1358"/>
                  <String HEIGHT="58"
                          WIDTH="127"
                          VPOS="2927"
                          HPOS="1311"
                          CONTENT="sunt"/>
                  <SP HEIGHT="58" WIDTH="16" VPOS="2927" HPOS="1438"/>
                  <String HEIGHT="58"
                          WIDTH="190"
                          VPOS="2927"
                          HPOS="1390"
                          CONTENT="subditi:"/>
                  <SP HEIGHT="58" WIDTH="16" VPOS="2927" HPOS="1580"/>
                  <String HEIGHT="58" WIDTH="79" VPOS="2927" HPOS="1533" CONTENT="&amp;"/>
                  <SP HEIGHT="58" WIDTH="16" VPOS="2927" HPOS="1612"/>
                  <String HEIGHT="58"
                          WIDTH="190"
                          VPOS="2927"
                          HPOS="1565"
                          CONTENT="respicit"/>
                  <SP HEIGHT="58" WIDTH="16" VPOS="2927" HPOS="1755"/>
                  <String HEIGHT="58"
                          WIDTH="143"
                          VPOS="2927"
                          HPOS="1707"
                          CONTENT="ipsum"/>
                  <SP HEIGHT="58" WIDTH="16" VPOS="2927" HPOS="1850"/>
                  <String HEIGHT="58"
                          WIDTH="95"
                          VPOS="2927"
                          HPOS="1787"
                          CONTENT="exe"
                          SUBS_TYPE="HypPart1"
                          SUBS_CONTENT="exequentem"/>
                  <HYP CONTENT="-"/>
               </TextLine>
               <TextLine ID="r4l52"
                         BASELINE="3046"
                         HEIGHT="64"
                         WIDTH="1725"
                         VPOS="2982"
                         HPOS="152">
                  <String HEIGHT="64"
                          WIDTH="158"
                          VPOS="2982"
                          HPOS="138"
                          CONTENT="quentem"
                          SUBS_TYPE="HypPart2"
                          SUBS_CONTENT="exequentem"/>
                  <SP HEIGHT="64" WIDTH="14" VPOS="2982" HPOS="296"/>
                  <String HEIGHT="64"
                          WIDTH="187"
                          VPOS="2982"
                          HPOS="253"
                          CONTENT="actionem:"/>
                  <SP HEIGHT="64" WIDTH="14" VPOS="2982" HPOS="440"/>
                  <String HEIGHT="64" WIDTH="86" VPOS="2982" HPOS="396" CONTENT="vt"/>
                  <SP HEIGHT="64" WIDTH="14" VPOS="2982" HPOS="483"/>
                  <String HEIGHT="64"
                          WIDTH="201"
                          VPOS="2982"
                          HPOS="440"
                          CONTENT="praelatum:"/>
                  <SP HEIGHT="64" WIDTH="14" VPOS="2982" HPOS="641"/>
                  <String HEIGHT="64"
                          WIDTH="115"
                          VPOS="2982"
                          HPOS="598"
                          CONTENT="isto"/>
                  <SP HEIGHT="64" WIDTH="14" VPOS="2982" HPOS="713"/>
                  <String HEIGHT="64"
                          WIDTH="115"
                          VPOS="2982"
                          HPOS="670"
                          CONTENT="ergo"/>
                  <SP HEIGHT="64" WIDTH="14" VPOS="2982" HPOS="785"/>
                  <String HEIGHT="64"
                          WIDTH="158"
                          VPOS="2982"
                          HPOS="741"
                          CONTENT="duplici"/>
                  <SP HEIGHT="64" WIDTH="14" VPOS="2982" HPOS="900"/>
                  <String HEIGHT="64"
                          WIDTH="115"
                          VPOS="2982"
                          HPOS="856"
                          CONTENT="modo"/>
                  <SP HEIGHT="64" WIDTH="14" VPOS="2982" HPOS="971"/>
                  <String HEIGHT="64"
                          WIDTH="144"
                          VPOS="2982"
                          HPOS="928"
                          CONTENT="potest"/>
                  <SP HEIGHT="64" WIDTH="14" VPOS="2982" HPOS="1072"/>
                  <String HEIGHT="64"
                          WIDTH="129"
                          VPOS="2982"
                          HPOS="1029"
                          CONTENT="actio"/>
                  <SP HEIGHT="64" WIDTH="14" VPOS="2982" HPOS="1158"/>
                  <String HEIGHT="64"
                          WIDTH="216"
                          VPOS="2982"
                          HPOS="1115"
                          CONTENT="considerari"/>
                  <SP HEIGHT="64" WIDTH="14" VPOS="2982" HPOS="1331"/>
                  <String HEIGHT="64" WIDTH="72" VPOS="2982" HPOS="1288" CONTENT="&amp;"/>
                  <SP HEIGHT="64" WIDTH="14" VPOS="2982" HPOS="1360"/>
                  <String HEIGHT="64"
                          WIDTH="187"
                          VPOS="2982"
                          HPOS="1316"
                          CONTENT="comparari"/>
                  <SP HEIGHT="64" WIDTH="14" VPOS="2982" HPOS="1503"/>
                  <String HEIGHT="64" WIDTH="86" VPOS="2982" HPOS="1460" CONTENT="ad"/>
                  <SP HEIGHT="64" WIDTH="14" VPOS="2982" HPOS="1546"/>
                  <String HEIGHT="64"
                          WIDTH="288"
                          VPOS="2982"
                          HPOS="1503"
                          CONTENT="contemplationem."/>
                  <SP HEIGHT="64" WIDTH="14" VPOS="2982" HPOS="1791"/>
                  <String HEIGHT="64" WIDTH="86" VPOS="2982" HPOS="1748" CONTENT="Si"/>
                  <SP HEIGHT="64" WIDTH="14" VPOS="2982" HPOS="1834"/>
                  <String HEIGHT="64"
                          WIDTH="101"
                          VPOS="2982"
                          HPOS="1776"
                          CONTENT="primo"/>
               </TextLine>
               <TextLine ID="r4l53"
                         BASELINE="3095"
                         HEIGHT="62"
                         WIDTH="1742"
                         VPOS="3033"
                         HPOS="144">
                  <String HEIGHT="62"
                          WIDTH="122"
                          VPOS="3033"
                          HPOS="130"
                          CONTENT="modo,"/>
                  <SP HEIGHT="62" WIDTH="14" VPOS="3033" HPOS="252"/>
                  <String HEIGHT="62"
                          WIDTH="108"
                          VPOS="3033"
                          HPOS="212"
                          CONTENT="dico"/>
                  <SP HEIGHT="62" WIDTH="14" VPOS="3033" HPOS="320"/>
                  <String HEIGHT="62"
                          WIDTH="108"
                          VPOS="3033"
                          HPOS="279"
                          CONTENT="quod"/>
                  <SP HEIGHT="62" WIDTH="14" VPOS="3033" HPOS="387"/>
                  <String HEIGHT="62"
                          WIDTH="122"
                          VPOS="3033"
                          HPOS="347"
                          CONTENT="actio"/>
                  <SP HEIGHT="62" WIDTH="14" VPOS="3033" HPOS="468"/>
                  <String HEIGHT="62"
                          WIDTH="203"
                          VPOS="3033"
                          HPOS="428"
                          CONTENT="praeferenda"/>
                  <SP HEIGHT="62" WIDTH="14" VPOS="3033" HPOS="630"/>
                  <String HEIGHT="62" WIDTH="95" VPOS="3033" HPOS="590" CONTENT="est"/>
                  <SP HEIGHT="62" WIDTH="14" VPOS="3033" HPOS="684"/>
                  <String HEIGHT="62"
                          WIDTH="243"
                          VPOS="3033"
                          HPOS="644"
                          CONTENT="contemplationi"/>
                  <SP HEIGHT="62" WIDTH="14" VPOS="3033" HPOS="887"/>
                  <String HEIGHT="62"
                          WIDTH="108"
                          VPOS="3033"
                          HPOS="846"
                          CONTENT="quia"/>
                  <SP HEIGHT="62" WIDTH="14" VPOS="3033" HPOS="954"/>
                  <String HEIGHT="62"
                          WIDTH="162"
                          VPOS="3033"
                          HPOS="914"
                          CONTENT="pluribus"/>
                  <SP HEIGHT="62" WIDTH="14" VPOS="3033" HPOS="1076"/>
                  <String HEIGHT="62"
                          WIDTH="135"
                          VPOS="3033"
                          HPOS="1035"
                          CONTENT="vtilis"/>
                  <SP HEIGHT="62" WIDTH="14" VPOS="3033" HPOS="1170"/>
                  <String HEIGHT="62"
                          WIDTH="108"
                          VPOS="3033"
                          HPOS="1130"
                          CONTENT="est:"/>
                  <SP HEIGHT="62" WIDTH="14" VPOS="3033" HPOS="1238"/>
                  <String HEIGHT="62"
                          WIDTH="108"
                          VPOS="3033"
                          HPOS="1197"
                          CONTENT="quia"/>
                  <SP HEIGHT="62" WIDTH="14" VPOS="3033" HPOS="1305"/>
                  <String HEIGHT="62" WIDTH="81" VPOS="3033" HPOS="1265" CONTENT="vt"/>
                  <SP HEIGHT="62" WIDTH="14" VPOS="3033" HPOS="1346"/>
                  <String HEIGHT="62"
                          WIDTH="149"
                          VPOS="3033"
                          HPOS="1305"
                          CONTENT="dicitur"/>
                  <SP HEIGHT="62" WIDTH="14" VPOS="3033" HPOS="1454"/>
                  <String HEIGHT="62" WIDTH="81" VPOS="3033" HPOS="1413" CONTENT="in"/>
                  <SP HEIGHT="62" WIDTH="14" VPOS="3033" HPOS="1494"/>
                  <String HEIGHT="62"
                          WIDTH="122"
                          VPOS="3033"
                          HPOS="1454"
                          CONTENT="dicta"/>
                  <SP HEIGHT="62" WIDTH="14" VPOS="3033" HPOS="1575"/>
                  <String HEIGHT="62"
                          WIDTH="189"
                          VPOS="3033"
                          HPOS="1535"
                          CONTENT="decretali,"/>
                  <SP HEIGHT="62" WIDTH="14" VPOS="3033" HPOS="1724"/>
                  <String HEIGHT="62"
                          WIDTH="122"
                          VPOS="3033"
                          HPOS="1683"
                          CONTENT="licet"/>
                  <SP HEIGHT="62" WIDTH="14" VPOS="3033" HPOS="1805"/>
                  <String HEIGHT="62"
                          WIDTH="108"
                          VPOS="3033"
                          HPOS="1764"
                          CONTENT="illa"/>
                  <SP HEIGHT="62" WIDTH="14" VPOS="3033" HPOS="1872"/>
                  <String HEIGHT="62"
                          WIDTH="68"
                          VPOS="3033"
                          HPOS="1818"
                          CONTENT="sit"/>
               </TextLine>
               <TextLine ID="r4l54"
                         BASELINE="3148"
                         HEIGHT="61"
                         WIDTH="1743"
                         VPOS="3087"
                         HPOS="146">
                  <String HEIGHT="61"
                          WIDTH="134"
                          VPOS="3087"
                          HPOS="131"
                          CONTENT="magis"/>
                  <SP HEIGHT="61" WIDTH="15" VPOS="3087" HPOS="265"/>
                  <String HEIGHT="61"
                          WIDTH="164"
                          VPOS="3087"
                          HPOS="220"
                          CONTENT="secura:"/>
                  <SP HEIGHT="61" WIDTH="15" VPOS="3087" HPOS="384"/>
                  <String HEIGHT="61"
                          WIDTH="119"
                          VPOS="3087"
                          HPOS="340"
                          CONTENT="ista"/>
                  <SP HEIGHT="61" WIDTH="15" VPOS="3087" HPOS="459"/>
                  <String HEIGHT="61"
                          WIDTH="134"
                          VPOS="3087"
                          HPOS="414"
                          CONTENT="tamen"/>
                  <SP HEIGHT="61" WIDTH="15" VPOS="3087" HPOS="548"/>
                  <String HEIGHT="61"
                          WIDTH="104"
                          VPOS="3087"
                          HPOS="504"
                          CONTENT="est"/>
                  <SP HEIGHT="61" WIDTH="15" VPOS="3087" HPOS="608"/>
                  <String HEIGHT="61"
                          WIDTH="134"
                          VPOS="3087"
                          HPOS="563"
                          CONTENT="magis"/>
                  <SP HEIGHT="61" WIDTH="15" VPOS="3087" HPOS="697"/>
                  <String HEIGHT="61"
                          WIDTH="209"
                          VPOS="3087"
                          HPOS="653"
                          CONTENT="fructuosa:"/>
                  <SP HEIGHT="61" WIDTH="15" VPOS="3087" HPOS="861"/>
                  <String HEIGHT="61" WIDTH="74" VPOS="3087" HPOS="816" CONTENT="&amp;"/>
                  <SP HEIGHT="61" WIDTH="15" VPOS="3087" HPOS="891"/>
                  <String HEIGHT="61"
                          WIDTH="134"
                          VPOS="3087"
                          HPOS="846"
                          CONTENT="licet"/>
                  <SP HEIGHT="61" WIDTH="15" VPOS="3087" HPOS="980"/>
                  <String HEIGHT="61"
                          WIDTH="119"
                          VPOS="3087"
                          HPOS="936"
                          CONTENT="illa"/>
                  <SP HEIGHT="61" WIDTH="15" VPOS="3087" HPOS="1055"/>
                  <String HEIGHT="61"
                          WIDTH="104"
                          VPOS="3087"
                          HPOS="1010"
                          CONTENT="sit"/>
                  <SP HEIGHT="61" WIDTH="15" VPOS="3087" HPOS="1114"/>
                  <String HEIGHT="61"
                          WIDTH="134"
                          VPOS="3087"
                          HPOS="1070"
                          CONTENT="magis"/>
                  <SP HEIGHT="61" WIDTH="15" VPOS="3087" HPOS="1204"/>
                  <String HEIGHT="61"
                          WIDTH="164"
                          VPOS="3087"
                          HPOS="1159"
                          CONTENT="suauis:"/>
                  <SP HEIGHT="61" WIDTH="15" VPOS="3087" HPOS="1323"/>
                  <String HEIGHT="61"
                          WIDTH="134"
                          VPOS="3087"
                          HPOS="1278"
                          CONTENT="tamen"/>
                  <SP HEIGHT="61" WIDTH="15" VPOS="3087" HPOS="1412"/>
                  <String HEIGHT="61"
                          WIDTH="119"
                          VPOS="3087"
                          HPOS="1368"
                          CONTENT="ista"/>
                  <SP HEIGHT="61" WIDTH="15" VPOS="3087" HPOS="1487"/>
                  <String HEIGHT="61"
                          WIDTH="104"
                          VPOS="3087"
                          HPOS="1442"
                          CONTENT="est"/>
                  <SP HEIGHT="61" WIDTH="15" VPOS="3087" HPOS="1546"/>
                  <String HEIGHT="61"
                          WIDTH="134"
                          VPOS="3087"
                          HPOS="1502"
                          CONTENT="magis"/>
                  <SP HEIGHT="61" WIDTH="15" VPOS="3087" HPOS="1636"/>
                  <String HEIGHT="61"
                          WIDTH="164"
                          VPOS="3087"
                          HPOS="1591"
                          CONTENT="vtilis:"/>
                  <SP HEIGHT="61" WIDTH="15" VPOS="3087" HPOS="1755"/>
                  <String HEIGHT="61"
                          WIDTH="104"
                          VPOS="3087"
                          HPOS="1710"
                          CONTENT="cum"/>
                  <SP HEIGHT="61" WIDTH="15" VPOS="3087" HPOS="1815"/>
                  <String HEIGHT="61" WIDTH="89" VPOS="3087" HPOS="1770" CONTENT="in"/>
                  <SP HEIGHT="61" WIDTH="15" VPOS="3087" HPOS="1859"/>
                  <String HEIGHT="61"
                          WIDTH="89"
                          VPOS="3087"
                          HPOS="1800"
                          CONTENT="foe"
                          SUBS_TYPE="HypPart1"
                          SUBS_CONTENT="foecunditate"/>
                  <HYP CONTENT="-"/>
               </TextLine>
               <TextLine ID="r4l55"
                         BASELINE="3219"
                         HEIGHT="84"
                         WIDTH="1745"
                         VPOS="3135"
                         HPOS="141">
                  <String HEIGHT="84"
                          WIDTH="216"
                          VPOS="3135"
                          HPOS="124"
                          CONTENT="cunditate"
                          SUBS_TYPE="HypPart2"
                          SUBS_CONTENT="foecunditate"/>
                  <SP HEIGHT="84" WIDTH="17" VPOS="3135" HPOS="340"/>
                  <String HEIGHT="84"
                          WIDTH="183"
                          VPOS="3135"
                          HPOS="291"
                          CONTENT="sobolis"/>
                  <SP HEIGHT="84" WIDTH="17" VPOS="3135" HPOS="473"/>
                  <String HEIGHT="84"
                          WIDTH="216"
                          VPOS="3135"
                          HPOS="424"
                          CONTENT="lippitudo"/>
                  <SP HEIGHT="84" WIDTH="17" VPOS="3135" HPOS="640"/>
                  <String HEIGHT="84" WIDTH="83" VPOS="3135" HPOS="590" CONTENT="&amp;"/>
                  <SP HEIGHT="84" WIDTH="17" VPOS="3135" HPOS="673"/>
                  <String HEIGHT="84"
                          WIDTH="249"
                          VPOS="3135"
                          HPOS="623"
                          CONTENT="difformitas"/>
                  <SP HEIGHT="84" WIDTH="17" VPOS="3135" HPOS="872"/>
                  <String HEIGHT="84"
                          WIDTH="133"
                          VPOS="3135"
                          HPOS="822"
                          CONTENT="Dae,"/>
                  <SP HEIGHT="84" WIDTH="17" VPOS="3135" HPOS="955"/>
                  <String HEIGHT="84"
                          WIDTH="199"
                          VPOS="3135"
                          HPOS="905"
                          CONTENT="Rachelis"/>
                  <SP HEIGHT="84" WIDTH="17" VPOS="3135" HPOS="1105"/>
                  <String HEIGHT="84"
                          WIDTH="283"
                          VPOS="3135"
                          HPOS="1055"
                          CONTENT="pulchritudini"/>
                  <SP HEIGHT="84" WIDTH="17" VPOS="3135" HPOS="1338"/>
                  <String HEIGHT="84"
                          WIDTH="116"
                          VPOS="3135"
                          HPOS="1288"
                          CONTENT="sit"/>
                  <SP HEIGHT="84" WIDTH="17" VPOS="3135" HPOS="1404"/>
                  <String HEIGHT="84"
                          WIDTH="216"
                          VPOS="3135"
                          HPOS="1354"
                          CONTENT="praelata."/>
                  <SP HEIGHT="84" WIDTH="17" VPOS="3135" HPOS="1570"/>
                  <String HEIGHT="84"
                          WIDTH="116"
                          VPOS="3135"
                          HPOS="1520"
                          CONTENT="Hic"/>
                  <SP HEIGHT="84" WIDTH="17" VPOS="3135" HPOS="1637"/>
                  <String HEIGHT="84"
                          WIDTH="150"
                          VPOS="3135"
                          HPOS="1587"
                          CONTENT="dicit"/>
                  <SP HEIGHT="84" WIDTH="17" VPOS="3135" HPOS="1736"/>
                  <String HEIGHT="84"
                          WIDTH="166"
                          VPOS="3135"
                          HPOS="1687"
                          CONTENT="Greti."/>
                  <SP HEIGHT="84" WIDTH="17" VPOS="3135" HPOS="1853"/>
                  <String HEIGHT="84"
                          WIDTH="100"
                          VPOS="3135"
                          HPOS="1786"
                          CONTENT="supe"/>
               </TextLine>
            </TextBlock>
         </PrintSpace>
      </Page>
   </Layout>
</alto>
