<?xml version="1.0" encoding="UTF-8"?>
<alto xmlns:xsi="http://www.w3.org/2001/XMLSchema-instance"
      xmlns="http://www.loc.gov/standards/alto/ns-v2#"
      xmlns:page="http://schema.primaresearch.org/PAGE/gts/pagecontent/2013-07-15"
      xsi:schemaLocation="http://www.loc.gov/standards/alto/ns-v2# http://www.loc.gov/standards/alto/alto.xsd">
   <Description>
      <MeasurementUnit>pixel</MeasurementUnit>
      <OCRProcessing ID="IdOcr">
         <ocrProcessingStep>
            <processingDateTime>2020-04-22T20:12:05.484-04:00</processingDateTime>
            <processingSoftware>
               <softwareCreator>READ COOP</softwareCreator>
               <softwareName>Transkribus</softwareName>
            </processingSoftware>
         </ocrProcessingStep>
      </OCRProcessing>
   </Description>
   <Layout>
      <Page ID="Page1" PHYSICAL_IMG_NR="1" HEIGHT="3732" WIDTH="2469">
         <TopMargin HEIGHT="0" WIDTH="2469" VPOS="0" HPOS="0"/>
         <LeftMargin HEIGHT="3732" WIDTH="0" VPOS="0" HPOS="0"/>
         <RightMargin HEIGHT="3732" WIDTH="0" VPOS="0" HPOS="2469"/>
         <BottomMargin HEIGHT="0" WIDTH="2469" VPOS="3732" HPOS="0"/>
         <PrintSpace HEIGHT="3732" WIDTH="2469" VPOS="0" HPOS="0">
            <TextBlock ID="TextRegion_1586053843791_2637"
                       HEIGHT="2915"
                       WIDTH="1793"
                       VPOS="318"
                       HPOS="543">
               <Shape>
                  <Polygon POINTS="543,318 2336,318 2312,3233 543,3232"/>
               </Shape>
               <TextLine ID="r1l2"
                         BASELINE="394"
                         HEIGHT="97"
                         WIDTH="1787"
                         VPOS="297"
                         HPOS="561">
                  <String HEIGHT="97"
                          WIDTH="139"
                          VPOS="297"
                          HPOS="544"
                          CONTENT="Eze,"/>
                  <SP HEIGHT="97" WIDTH="17" VPOS="297" HPOS="682"/>
                  <String HEIGHT="97"
                          WIDTH="139"
                          VPOS="297"
                          HPOS="630"
                          CONTENT="par."/>
                  <SP HEIGHT="97" WIDTH="17" VPOS="297" HPOS="769"/>
                  <String HEIGHT="97" WIDTH="121" VPOS="297" HPOS="717" CONTENT="ii."/>
                  <SP HEIGHT="97" WIDTH="17" VPOS="297" HPOS="839"/>
                  <String HEIGHT="97"
                          WIDTH="208"
                          VPOS="297"
                          HPOS="787"
                          CONTENT="Homilia."/>
                  <SP HEIGHT="97" WIDTH="17" VPOS="297" HPOS="995"/>
                  <String HEIGHT="97" WIDTH="121" VPOS="297" HPOS="943" CONTENT="ii."/>
                  <SP HEIGHT="97" WIDTH="17" VPOS="297" HPOS="1064"/>
                  <String HEIGHT="97"
                          WIDTH="139"
                          VPOS="297"
                          HPOS="1012"
                          CONTENT="cap."/>
                  <SP HEIGHT="97" WIDTH="17" VPOS="297" HPOS="1151"/>
                  <String HEIGHT="97"
                          WIDTH="121"
                          VPOS="297"
                          HPOS="1099"
                          CONTENT="vi."/>
                  <SP HEIGHT="97" WIDTH="17" VPOS="297" HPOS="1220"/>
                  <String HEIGHT="97"
                          WIDTH="139"
                          VPOS="297"
                          HPOS="1168"
                          CONTENT="Erat"/>
                  <SP HEIGHT="97" WIDTH="17" VPOS="297" HPOS="1307"/>
                  <String HEIGHT="97"
                          WIDTH="121"
                          VPOS="297"
                          HPOS="1255"
                          CONTENT="Iya"/>
                  <SP HEIGHT="97" WIDTH="17" VPOS="297" HPOS="1376"/>
                  <String HEIGHT="97"
                          WIDTH="156"
                          VPOS="297"
                          HPOS="1324"
                          CONTENT="lippa"/>
                  <SP HEIGHT="97" WIDTH="17" VPOS="297" HPOS="1481"/>
                  <String HEIGHT="97" WIDTH="87" VPOS="297" HPOS="1428" CONTENT="&amp;"/>
                  <SP HEIGHT="97" WIDTH="17" VPOS="297" HPOS="1515"/>
                  <String HEIGHT="97"
                          WIDTH="226"
                          VPOS="297"
                          HPOS="1463"
                          CONTENT="foecunda:"/>
                  <SP HEIGHT="97" WIDTH="17" VPOS="297" HPOS="1689"/>
                  <String HEIGHT="97"
                          WIDTH="173"
                          VPOS="297"
                          HPOS="1637"
                          CONTENT="Rachel"/>
                  <SP HEIGHT="97" WIDTH="17" VPOS="297" HPOS="1810"/>
                  <String HEIGHT="97"
                          WIDTH="191"
                          VPOS="297"
                          HPOS="1758"
                          CONTENT="pulchra"/>
                  <SP HEIGHT="97" WIDTH="17" VPOS="297" HPOS="1949"/>
                  <String HEIGHT="97" WIDTH="87" VPOS="297" HPOS="1897" CONTENT="&amp;"/>
                  <SP HEIGHT="97" WIDTH="17" VPOS="297" HPOS="1984"/>
                  <String HEIGHT="97"
                          WIDTH="260"
                          VPOS="297"
                          HPOS="1932"
                          CONTENT="infoecunda:"/>
                  <SP HEIGHT="97" WIDTH="17" VPOS="297" HPOS="2192"/>
                  <String HEIGHT="97"
                          WIDTH="139"
                          VPOS="297"
                          HPOS="2140"
                          CONTENT="quia"/>
                  <SP HEIGHT="97" WIDTH="17" VPOS="297" HPOS="2279"/>
                  <String HEIGHT="97"
                          WIDTH="139"
                          VPOS="297"
                          HPOS="2209"
                          CONTENT="contem"/>
               </TextLine>
               <TextLine ID="r1l3"
                         BASELINE="447"
                         HEIGHT="64"
                         WIDTH="1785"
                         VPOS="383"
                         HPOS="561">
                  <String HEIGHT="64"
                          WIDTH="189"
                          VPOS="383"
                          HPOS="544"
                          CONTENT="platiua"/>
                  <SP HEIGHT="64" WIDTH="17" VPOS="383" HPOS="733"/>
                  <String HEIGHT="64"
                          WIDTH="137"
                          VPOS="383"
                          HPOS="681"
                          CONTENT="vita"/>
                  <SP HEIGHT="64" WIDTH="17" VPOS="383" HPOS="818"/>
                  <String HEIGHT="64"
                          WIDTH="206"
                          VPOS="383"
                          HPOS="767"
                          CONTENT="speciosa"/>
                  <SP HEIGHT="64" WIDTH="17" VPOS="383" HPOS="973"/>
                  <String HEIGHT="64" WIDTH="120" VPOS="383" HPOS="921" CONTENT="est"/>
                  <SP HEIGHT="64" WIDTH="17" VPOS="383" HPOS="1042"/>
                  <String HEIGHT="64" WIDTH="103" VPOS="383" HPOS="990" CONTENT="in"/>
                  <SP HEIGHT="64" WIDTH="17" VPOS="383" HPOS="1093"/>
                  <String HEIGHT="64"
                          WIDTH="172"
                          VPOS="383"
                          HPOS="1042"
                          CONTENT="animo:"/>
                  <SP HEIGHT="64" WIDTH="17" VPOS="383" HPOS="1213"/>
                  <String HEIGHT="64"
                          WIDTH="120"
                          VPOS="383"
                          HPOS="1162"
                          CONTENT="sed"/>
                  <SP HEIGHT="64" WIDTH="17" VPOS="383" HPOS="1282"/>
                  <String HEIGHT="64"
                          WIDTH="120"
                          VPOS="383"
                          HPOS="1230"
                          CONTENT="dum"/>
                  <SP HEIGHT="64" WIDTH="17" VPOS="383" HPOS="1351"/>
                  <String HEIGHT="64"
                          WIDTH="223"
                          VPOS="383"
                          HPOS="1299"
                          CONTENT="quiescere"/>
                  <SP HEIGHT="64" WIDTH="17" VPOS="383" HPOS="1522"/>
                  <String HEIGHT="64" WIDTH="103" VPOS="383" HPOS="1471" CONTENT="in"/>
                  <SP HEIGHT="64" WIDTH="17" VPOS="383" HPOS="1574"/>
                  <String HEIGHT="64"
                          WIDTH="206"
                          VPOS="383"
                          HPOS="1522"
                          CONTENT="silentio"/>
                  <SP HEIGHT="64" WIDTH="17" VPOS="383" HPOS="1728"/>
                  <String HEIGHT="64"
                          WIDTH="206"
                          VPOS="383"
                          HPOS="1677"
                          CONTENT="appetit,"/>
                  <SP HEIGHT="64" WIDTH="17" VPOS="383" HPOS="1883"/>
                  <String HEIGHT="64"
                          WIDTH="172"
                          VPOS="383"
                          HPOS="1831"
                          CONTENT="filios"/>
                  <SP HEIGHT="64" WIDTH="17" VPOS="383" HPOS="2003"/>
                  <String HEIGHT="64"
                          WIDTH="120"
                          VPOS="383"
                          HPOS="1951"
                          CONTENT="non"/>
                  <SP HEIGHT="64" WIDTH="17" VPOS="383" HPOS="2071"/>
                  <String HEIGHT="64"
                          WIDTH="206"
                          VPOS="383"
                          HPOS="2020"
                          CONTENT="generat."/>
                  <SP HEIGHT="64" WIDTH="17" VPOS="383" HPOS="2226"/>
                  <String HEIGHT="64" WIDTH="103" VPOS="383" HPOS="2174" CONTENT="ex"/>
                  <SP HEIGHT="64" WIDTH="17" VPOS="383" HPOS="2277"/>
                  <String HEIGHT="64"
                          WIDTH="137"
                          VPOS="383"
                          HPOS="2209"
                          CONTENT="praedi"/>
               </TextLine>
               <TextLine ID="r1l4"
                         BASELINE="495"
                         HEIGHT="60"
                         WIDTH="1763"
                         VPOS="435"
                         HPOS="573">
                  <String HEIGHT="60" WIDTH="119" VPOS="435" HPOS="556" CONTENT="cto"/>
                  <SP HEIGHT="60" WIDTH="17" VPOS="435" HPOS="675"/>
                  <String HEIGHT="60"
                          WIDTH="136"
                          VPOS="435"
                          HPOS="624"
                          CONTENT="enim"/>
                  <SP HEIGHT="60" WIDTH="17" VPOS="435" HPOS="759"/>
                  <String HEIGHT="60"
                          WIDTH="186"
                          VPOS="435"
                          HPOS="709"
                          CONTENT="quietis"/>
                  <SP HEIGHT="60" WIDTH="17" VPOS="435" HPOS="895"/>
                  <String HEIGHT="60"
                          WIDTH="136"
                          VPOS="435"
                          HPOS="844"
                          CONTENT="suae"/>
                  <SP HEIGHT="60" WIDTH="17" VPOS="435" HPOS="980"/>
                  <String HEIGHT="60"
                          WIDTH="170"
                          VPOS="435"
                          HPOS="929"
                          CONTENT="studio"/>
                  <SP HEIGHT="60" WIDTH="17" VPOS="435" HPOS="1099"/>
                  <String HEIGHT="60"
                          WIDTH="153"
                          VPOS="435"
                          HPOS="1048"
                          CONTENT="minus"/>
                  <SP HEIGHT="60" WIDTH="17" VPOS="435" HPOS="1200"/>
                  <String HEIGHT="60" WIDTH="102" VPOS="435" HPOS="1149" CONTENT="se"/>
                  <SP HEIGHT="60" WIDTH="17" VPOS="435" HPOS="1251"/>
                  <String HEIGHT="60" WIDTH="102" VPOS="435" HPOS="1200" CONTENT="in"/>
                  <SP HEIGHT="60" WIDTH="17" VPOS="435" HPOS="1302"/>
                  <String HEIGHT="60"
                          WIDTH="186"
                          VPOS="435"
                          HPOS="1251"
                          CONTENT="aliorum"/>
                  <SP HEIGHT="60" WIDTH="17" VPOS="435" HPOS="1438"/>
                  <String HEIGHT="60"
                          WIDTH="254"
                          VPOS="435"
                          HPOS="1387"
                          CONTENT="collectione"/>
                  <SP HEIGHT="60" WIDTH="17" VPOS="435" HPOS="1641"/>
                  <String HEIGHT="60"
                          WIDTH="237"
                          VPOS="435"
                          HPOS="1590"
                          CONTENT="succendit."/>
                  <SP HEIGHT="60" WIDTH="17" VPOS="435" HPOS="1827"/>
                  <String HEIGHT="60"
                          WIDTH="119"
                          VPOS="435"
                          HPOS="1777"
                          CONTENT="Sed"/>
                  <SP HEIGHT="60" WIDTH="17" VPOS="435" HPOS="1895"/>
                  <String HEIGHT="60"
                          WIDTH="170"
                          VPOS="435"
                          HPOS="1844"
                          CONTENT="actiua"/>
                  <SP HEIGHT="60" WIDTH="17" VPOS="435" HPOS="2014"/>
                  <String HEIGHT="60"
                          WIDTH="136"
                          VPOS="435"
                          HPOS="1963"
                          CONTENT="vita"/>
                  <SP HEIGHT="60" WIDTH="17" VPOS="435" HPOS="2099"/>
                  <String HEIGHT="60"
                          WIDTH="119"
                          VPOS="435"
                          HPOS="2048"
                          CONTENT="dum"/>
                  <SP HEIGHT="60" WIDTH="17" VPOS="435" HPOS="2166"/>
                  <String HEIGHT="60"
                          WIDTH="136"
                          VPOS="435"
                          HPOS="2116"
                          CONTENT="modo"/>
                  <SP HEIGHT="60" WIDTH="17" VPOS="435" HPOS="2251"/>
                  <String HEIGHT="60"
                          WIDTH="119"
                          VPOS="435"
                          HPOS="2200"
                          CONTENT="per"/>
                  <SP HEIGHT="60" WIDTH="17" VPOS="435" HPOS="2319"/>
                  <String HEIGHT="60" WIDTH="85" VPOS="435" HPOS="2251" CONTENT="ver"/>
               </TextLine>
               <TextLine ID="r1l5"
                         BASELINE="544"
                         HEIGHT="62"
                         WIDTH="1783"
                         VPOS="482"
                         HPOS="564">
                  <String HEIGHT="62"
                          WIDTH="150"
                          VPOS="482"
                          HPOS="545"
                          CONTENT="bum,"/>
                  <SP HEIGHT="62" WIDTH="19" VPOS="482" HPOS="695"/>
                  <String HEIGHT="62"
                          WIDTH="150"
                          VPOS="482"
                          HPOS="639"
                          CONTENT="modo"/>
                  <SP HEIGHT="62" WIDTH="19" VPOS="482" HPOS="789"/>
                  <String HEIGHT="62" WIDTH="131" VPOS="482" HPOS="733" CONTENT="per"/>
                  <SP HEIGHT="62" WIDTH="19" VPOS="482" HPOS="864"/>
                  <String HEIGHT="62"
                          WIDTH="225"
                          VPOS="482"
                          HPOS="808"
                          CONTENT="exemplum"/>
                  <SP HEIGHT="62" WIDTH="19" VPOS="482" HPOS="1033"/>
                  <String HEIGHT="62" WIDTH="113" VPOS="482" HPOS="977" CONTENT="ad"/>
                  <SP HEIGHT="62" WIDTH="19" VPOS="482" HPOS="1090"/>
                  <String HEIGHT="62"
                          WIDTH="282"
                          VPOS="482"
                          HPOS="1033"
                          CONTENT="imitationem"/>
                  <SP HEIGHT="62" WIDTH="19" VPOS="482" HPOS="1315"/>
                  <String HEIGHT="62"
                          WIDTH="150"
                          VPOS="482"
                          HPOS="1258"
                          CONTENT="suam"/>
                  <SP HEIGHT="62" WIDTH="19" VPOS="482" HPOS="1409"/>
                  <String HEIGHT="62"
                          WIDTH="225"
                          VPOS="482"
                          HPOS="1352"
                          CONTENT="proximos"/>
                  <SP HEIGHT="62" WIDTH="19" VPOS="482" HPOS="1577"/>
                  <String HEIGHT="62"
                          WIDTH="244"
                          VPOS="482"
                          HPOS="1521"
                          CONTENT="accendit,"/>
                  <SP HEIGHT="62" WIDTH="19" VPOS="482" HPOS="1765"/>
                  <String HEIGHT="62"
                          WIDTH="188"
                          VPOS="482"
                          HPOS="1709"
                          CONTENT="multos"/>
                  <SP HEIGHT="62" WIDTH="19" VPOS="482" HPOS="1897"/>
                  <String HEIGHT="62" WIDTH="113" VPOS="482" HPOS="1840" CONTENT="in"/>
                  <SP HEIGHT="62" WIDTH="19" VPOS="482" HPOS="1953"/>
                  <String HEIGHT="62"
                          WIDTH="150"
                          VPOS="482"
                          HPOS="1897"
                          CONTENT="bono"/>
                  <SP HEIGHT="62" WIDTH="19" VPOS="482" HPOS="2047"/>
                  <String HEIGHT="62"
                          WIDTH="169"
                          VPOS="482"
                          HPOS="1990"
                          CONTENT="opere"/>
                  <SP HEIGHT="62" WIDTH="19" VPOS="482" HPOS="2159"/>
                  <String HEIGHT="62"
                          WIDTH="188"
                          VPOS="482"
                          HPOS="2103"
                          CONTENT="filios"/>
                  <SP HEIGHT="62" WIDTH="19" VPOS="482" HPOS="2291"/>
                  <String HEIGHT="62"
                          WIDTH="131"
                          VPOS="482"
                          HPOS="2216"
                          CONTENT="gene"
                          SUBS_TYPE="HypPart1"
                          SUBS_CONTENT="generat."/>
                  <HYP CONTENT="-"/>
               </TextLine>
               <TextLine ID="r1l6"
                         BASELINE="609"
                         HEIGHT="70"
                         WIDTH="1778"
                         VPOS="539"
                         HPOS="562">
                  <String HEIGHT="70"
                          WIDTH="129"
                          VPOS="539"
                          HPOS="546"
                          CONTENT="rat."
                          SUBS_TYPE="HypPart2"
                          SUBS_CONTENT="generat."/>
                  <SP HEIGHT="70" WIDTH="16" VPOS="539" HPOS="675"/>
                  <String HEIGHT="70" WIDTH="113" VPOS="539" HPOS="627" CONTENT="Hic"/>
                  <SP HEIGHT="70" WIDTH="16" VPOS="539" HPOS="740"/>
                  <String HEIGHT="70"
                          WIDTH="145"
                          VPOS="539"
                          HPOS="691"
                          CONTENT="dicit"/>
                  <SP HEIGHT="70" WIDTH="16" VPOS="539" HPOS="837"/>
                  <String HEIGHT="70"
                          WIDTH="226"
                          VPOS="539"
                          HPOS="788"
                          CONTENT="Augustinus"/>
                  <SP HEIGHT="70" WIDTH="16" VPOS="539" HPOS="1015"/>
                  <String HEIGHT="70"
                          WIDTH="145"
                          VPOS="539"
                          HPOS="966"
                          CONTENT="xxii."/>
                  <SP HEIGHT="70" WIDTH="16" VPOS="539" HPOS="1112"/>
                  <String HEIGHT="70"
                          WIDTH="162"
                          VPOS="539"
                          HPOS="1063"
                          CONTENT="contra"/>
                  <SP HEIGHT="70" WIDTH="16" VPOS="539" HPOS="1225"/>
                  <String HEIGHT="70"
                          WIDTH="194"
                          VPOS="539"
                          HPOS="1176"
                          CONTENT="Faustum."/>
                  <SP HEIGHT="70" WIDTH="16" VPOS="539" HPOS="1370"/>
                  <String HEIGHT="70"
                          WIDTH="129"
                          VPOS="539"
                          HPOS="1322"
                          CONTENT="cap."/>
                  <SP HEIGHT="70" WIDTH="16" VPOS="539" HPOS="1451"/>
                  <String HEIGHT="70"
                          WIDTH="162"
                          VPOS="539"
                          HPOS="1403"
                          CONTENT="xxiii."/>
                  <SP HEIGHT="70" WIDTH="16" VPOS="539" HPOS="1564"/>
                  <String HEIGHT="70" WIDTH="97" VPOS="539" HPOS="1516" CONTENT="Ad"/>
                  <SP HEIGHT="70" WIDTH="16" VPOS="539" HPOS="1613"/>
                  <String HEIGHT="70"
                          WIDTH="129"
                          VPOS="539"
                          HPOS="1564"
                          CONTENT="vnum"/>
                  <SP HEIGHT="70" WIDTH="16" VPOS="539" HPOS="1693"/>
                  <String HEIGHT="70"
                          WIDTH="210"
                          VPOS="539"
                          HPOS="1645"
                          CONTENT="tendendum"/>
                  <SP HEIGHT="70" WIDTH="16" VPOS="539" HPOS="1855"/>
                  <String HEIGHT="70"
                          WIDTH="129"
                          VPOS="539"
                          HPOS="1807"
                          CONTENT="est:"/>
                  <SP HEIGHT="70" WIDTH="16" VPOS="539" HPOS="1936"/>
                  <String HEIGHT="70"
                          WIDTH="113"
                          VPOS="539"
                          HPOS="1887"
                          CONTENT="sed"/>
                  <SP HEIGHT="70" WIDTH="16" VPOS="539" HPOS="2001"/>
                  <String HEIGHT="70"
                          WIDTH="178"
                          VPOS="539"
                          HPOS="1952"
                          CONTENT="propter"/>
                  <SP HEIGHT="70" WIDTH="16" VPOS="539" HPOS="2130"/>
                  <String HEIGHT="70"
                          WIDTH="113"
                          VPOS="539"
                          HPOS="2081"
                          CONTENT="hoc"/>
                  <SP HEIGHT="70" WIDTH="16" VPOS="539" HPOS="2195"/>
                  <String HEIGHT="70"
                          WIDTH="145"
                          VPOS="539"
                          HPOS="2146"
                          CONTENT="multa"/>
                  <SP HEIGHT="70" WIDTH="16" VPOS="539" HPOS="2292"/>
                  <String HEIGHT="70"
                          WIDTH="113"
                          VPOS="539"
                          HPOS="2227"
                          CONTENT="feren"/>
               </TextLine>
               <TextLine ID="r1l7"
                         BASELINE="653"
                         HEIGHT="60"
                         WIDTH="1778"
                         VPOS="593"
                         HPOS="560">
                  <String HEIGHT="60" WIDTH="97" VPOS="593" HPOS="544" CONTENT="da"/>
                  <SP HEIGHT="60" WIDTH="16" VPOS="593" HPOS="641"/>
                  <String HEIGHT="60"
                          WIDTH="145"
                          VPOS="593"
                          HPOS="592"
                          CONTENT="sunt."/>
                  <SP HEIGHT="60" WIDTH="16" VPOS="593" HPOS="738"/>
                  <String HEIGHT="60"
                          WIDTH="162"
                          VPOS="593"
                          HPOS="689"
                          CONTENT="Vtique"/>
                  <SP HEIGHT="60" WIDTH="16" VPOS="593" HPOS="851"/>
                  <String HEIGHT="60"
                          WIDTH="129"
                          VPOS="593"
                          HPOS="802"
                          CONTENT="duae"/>
                  <SP HEIGHT="60" WIDTH="16" VPOS="593" HPOS="932"/>
                  <String HEIGHT="60"
                          WIDTH="129"
                          VPOS="593"
                          HPOS="883"
                          CONTENT="sunt"/>
                  <SP HEIGHT="60" WIDTH="16" VPOS="593" HPOS="1013"/>
                  <String HEIGHT="60"
                          WIDTH="162"
                          VPOS="593"
                          HPOS="964"
                          CONTENT="vxores"/>
                  <SP HEIGHT="60" WIDTH="16" VPOS="593" HPOS="1126"/>
                  <String HEIGHT="60"
                          WIDTH="145"
                          VPOS="593"
                          HPOS="1077"
                          CONTENT="lacob"/>
                  <SP HEIGHT="60" WIDTH="16" VPOS="593" HPOS="1223"/>
                  <String HEIGHT="60"
                          WIDTH="194"
                          VPOS="593"
                          HPOS="1174"
                          CONTENT="liberae,"/>
                  <SP HEIGHT="60" WIDTH="16" VPOS="593" HPOS="1368"/>
                  <String HEIGHT="60"
                          WIDTH="113"
                          VPOS="593"
                          HPOS="1320"
                          CONTENT="vna"/>
                  <SP HEIGHT="60" WIDTH="16" VPOS="593" HPOS="1433"/>
                  <String HEIGHT="60"
                          WIDTH="178"
                          VPOS="593"
                          HPOS="1384"
                          CONTENT="amatur,"/>
                  <SP HEIGHT="60" WIDTH="16" VPOS="593" HPOS="1562"/>
                  <String HEIGHT="60"
                          WIDTH="162"
                          VPOS="593"
                          HPOS="1514"
                          CONTENT="altera"/>
                  <SP HEIGHT="60" WIDTH="16" VPOS="593" HPOS="1675"/>
                  <String HEIGHT="60"
                          WIDTH="226"
                          VPOS="593"
                          HPOS="1627"
                          CONTENT="toleratur:"/>
                  <SP HEIGHT="60" WIDTH="16" VPOS="593" HPOS="1853"/>
                  <String HEIGHT="60"
                          WIDTH="113"
                          VPOS="593"
                          HPOS="1805"
                          CONTENT="sed"/>
                  <SP HEIGHT="60" WIDTH="16" VPOS="593" HPOS="1918"/>
                  <String HEIGHT="60"
                          WIDTH="129"
                          VPOS="593"
                          HPOS="1869"
                          CONTENT="quae"/>
                  <SP HEIGHT="60" WIDTH="16" VPOS="593" HPOS="1999"/>
                  <String HEIGHT="60"
                          WIDTH="226"
                          VPOS="593"
                          HPOS="1950"
                          CONTENT="toleratur:"/>
                  <SP HEIGHT="60" WIDTH="16" VPOS="593" HPOS="2176"/>
                  <String HEIGHT="60"
                          WIDTH="129"
                          VPOS="593"
                          HPOS="2128"
                          CONTENT="ipsa"/>
                  <SP HEIGHT="60" WIDTH="16" VPOS="593" HPOS="2257"/>
                  <String HEIGHT="60"
                          WIDTH="145"
                          VPOS="593"
                          HPOS="2209"
                          CONTENT="prius"/>
                  <SP HEIGHT="60" WIDTH="16" VPOS="593" HPOS="2354"/>
                  <String HEIGHT="60" WIDTH="48" VPOS="593" HPOS="2290" CONTENT="&amp;"/>
               </TextLine>
               <TextLine ID="r1l8"
                         BASELINE="705"
                         HEIGHT="62"
                         WIDTH="1772"
                         VPOS="643"
                         HPOS="565">
                  <String HEIGHT="62"
                          WIDTH="191"
                          VPOS="643"
                          HPOS="548"
                          CONTENT="vberius"/>
                  <SP HEIGHT="62" WIDTH="17" VPOS="643" HPOS="739"/>
                  <String HEIGHT="62"
                          WIDTH="278"
                          VPOS="643"
                          HPOS="687"
                          CONTENT="foecundatur,"/>
                  <SP HEIGHT="62" WIDTH="17" VPOS="643" HPOS="965"/>
                  <String HEIGHT="62" WIDTH="104" VPOS="643" HPOS="912" CONTENT="vt"/>
                  <SP HEIGHT="62" WIDTH="17" VPOS="643" HPOS="1017"/>
                  <String HEIGHT="62" WIDTH="104" VPOS="643" HPOS="965" CONTENT="si"/>
                  <SP HEIGHT="62" WIDTH="17" VPOS="643" HPOS="1069"/>
                  <String HEIGHT="62"
                          WIDTH="122"
                          VPOS="643"
                          HPOS="1017"
                          CONTENT="non"/>
                  <SP HEIGHT="62" WIDTH="17" VPOS="643" HPOS="1138"/>
                  <String HEIGHT="62"
                          WIDTH="191"
                          VPOS="643"
                          HPOS="1086"
                          CONTENT="propter"/>
                  <SP HEIGHT="62" WIDTH="17" VPOS="643" HPOS="1277"/>
                  <String HEIGHT="62"
                          WIDTH="208"
                          VPOS="643"
                          HPOS="1225"
                          CONTENT="seipsam:"/>
                  <SP HEIGHT="62" WIDTH="17" VPOS="643" HPOS="1434"/>
                  <String HEIGHT="62"
                          WIDTH="156"
                          VPOS="643"
                          HPOS="1382"
                          CONTENT="certe"/>
                  <SP HEIGHT="62" WIDTH="17" VPOS="643" HPOS="1538"/>
                  <String HEIGHT="62"
                          WIDTH="191"
                          VPOS="643"
                          HPOS="1486"
                          CONTENT="propter"/>
                  <SP HEIGHT="62" WIDTH="17" VPOS="643" HPOS="1677"/>
                  <String HEIGHT="62"
                          WIDTH="174"
                          VPOS="643"
                          HPOS="1625"
                          CONTENT="filios"/>
                  <SP HEIGHT="62" WIDTH="17" VPOS="643" HPOS="1798"/>
                  <String HEIGHT="62"
                          WIDTH="243"
                          VPOS="643"
                          HPOS="1746"
                          CONTENT="diligatur."/>
                  <SP HEIGHT="62" WIDTH="17" VPOS="643" HPOS="1990"/>
                  <String HEIGHT="62" WIDTH="104" VPOS="643" HPOS="1937" CONTENT="Si"/>
                  <SP HEIGHT="62" WIDTH="17" VPOS="643" HPOS="2042"/>
                  <String HEIGHT="62"
                          WIDTH="156"
                          VPOS="643"
                          HPOS="1990"
                          CONTENT="autem"/>
                  <SP HEIGHT="62" WIDTH="17" VPOS="643" HPOS="2146"/>
                  <String HEIGHT="62"
                          WIDTH="156"
                          VPOS="643"
                          HPOS="2094"
                          CONTENT="actio"/>
                  <SP HEIGHT="62" WIDTH="17" VPOS="643" HPOS="2250"/>
                  <String HEIGHT="62"
                          WIDTH="156"
                          VPOS="643"
                          HPOS="2181"
                          CONTENT="compare"/>
               </TextLine>
               <TextLine ID="r1l9"
                         BASELINE="765"
                         HEIGHT="70"
                         WIDTH="1785"
                         VPOS="695"
                         HPOS="557">
                  <String HEIGHT="70" WIDTH="124" VPOS="695" HPOS="539" CONTENT="tur"/>
                  <SP HEIGHT="70" WIDTH="18" VPOS="695" HPOS="663"/>
                  <String HEIGHT="70" WIDTH="106" VPOS="695" HPOS="610" CONTENT="ad"/>
                  <SP HEIGHT="70" WIDTH="18" VPOS="695" HPOS="716"/>
                  <String HEIGHT="70"
                          WIDTH="336"
                          VPOS="695"
                          HPOS="663"
                          CONTENT="contemplationem"/>
                  <SP HEIGHT="70" WIDTH="18" VPOS="695" HPOS="999"/>
                  <String HEIGHT="70"
                          WIDTH="194"
                          VPOS="695"
                          HPOS="946"
                          CONTENT="secundo"/>
                  <SP HEIGHT="70" WIDTH="18" VPOS="695" HPOS="1140"/>
                  <String HEIGHT="70"
                          WIDTH="159"
                          VPOS="695"
                          HPOS="1087"
                          CONTENT="modo,"/>
                  <SP HEIGHT="70" WIDTH="18" VPOS="695" HPOS="1246"/>
                  <String HEIGHT="70"
                          WIDTH="141"
                          VPOS="695"
                          HPOS="1193"
                          CONTENT="tunc"/>
                  <SP HEIGHT="70" WIDTH="18" VPOS="695" HPOS="1335"/>
                  <String HEIGHT="70"
                          WIDTH="230"
                          VPOS="695"
                          HPOS="1282"
                          CONTENT="distingue"/>
                  <SP HEIGHT="70" WIDTH="18" VPOS="695" HPOS="1511"/>
                  <String HEIGHT="70" WIDTH="106" VPOS="695" HPOS="1458" CONTENT="ex"/>
                  <SP HEIGHT="70" WIDTH="18" VPOS="695" HPOS="1564"/>
                  <String HEIGHT="70"
                          WIDTH="159"
                          VPOS="695"
                          HPOS="1511"
                          CONTENT="parte"/>
                  <SP HEIGHT="70" WIDTH="18" VPOS="695" HPOS="1670"/>
                  <String HEIGHT="70"
                          WIDTH="177"
                          VPOS="695"
                          HPOS="1617"
                          CONTENT="illius"/>
                  <SP HEIGHT="70" WIDTH="18" VPOS="695" HPOS="1794"/>
                  <String HEIGHT="70"
                          WIDTH="124"
                          VPOS="695"
                          HPOS="1741"
                          CONTENT="qui"/>
                  <SP HEIGHT="70" WIDTH="18" VPOS="695" HPOS="1865"/>
                  <String HEIGHT="70"
                          WIDTH="159"
                          VPOS="695"
                          HPOS="1812"
                          CONTENT="talem"/>
                  <SP HEIGHT="70" WIDTH="18" VPOS="695" HPOS="1971"/>
                  <String HEIGHT="70"
                          WIDTH="212"
                          VPOS="695"
                          HPOS="1918"
                          CONTENT="actionem"/>
                  <SP HEIGHT="70" WIDTH="18" VPOS="695" HPOS="2130"/>
                  <String HEIGHT="70"
                          WIDTH="247"
                          VPOS="695"
                          HPOS="2077"
                          CONTENT="exequitur:"/>
                  <SP HEIGHT="70" WIDTH="18" VPOS="695" HPOS="2324"/>
                  <String HEIGHT="70" WIDTH="88" VPOS="695" HPOS="2254" CONTENT="aut"/>
               </TextLine>
               <TextLine ID="r1l10"
                         BASELINE="817"
                         HEIGHT="60"
                         WIDTH="1779"
                         VPOS="757"
                         HPOS="556">
                  <String HEIGHT="60"
                          WIDTH="141"
                          VPOS="757"
                          HPOS="538"
                          CONTENT="enim"/>
                  <SP HEIGHT="60" WIDTH="18" VPOS="757" HPOS="679"/>
                  <String HEIGHT="60" WIDTH="123" VPOS="757" HPOS="626" CONTENT="est"/>
                  <SP HEIGHT="60" WIDTH="18" VPOS="757" HPOS="750"/>
                  <String HEIGHT="60"
                          WIDTH="247"
                          VPOS="757"
                          HPOS="697"
                          CONTENT="dispositus"/>
                  <SP HEIGHT="60" WIDTH="18" VPOS="757" HPOS="944"/>
                  <String HEIGHT="60" WIDTH="88" VPOS="757" HPOS="891" CONTENT="&amp;"/>
                  <SP HEIGHT="60" WIDTH="18" VPOS="757" HPOS="979"/>
                  <String HEIGHT="60"
                          WIDTH="229"
                          VPOS="757"
                          HPOS="926"
                          CONTENT="praeditus"/>
                  <SP HEIGHT="60" WIDTH="18" VPOS="757" HPOS="1155"/>
                  <String HEIGHT="60"
                          WIDTH="247"
                          VPOS="757"
                          HPOS="1102"
                          CONTENT="virtutibus"/>
                  <SP HEIGHT="60" WIDTH="18" VPOS="757" HPOS="1349"/>
                  <String HEIGHT="60" WIDTH="106" VPOS="757" HPOS="1296" CONTENT="ad"/>
                  <SP HEIGHT="60" WIDTH="18" VPOS="757" HPOS="1401"/>
                  <String HEIGHT="60"
                          WIDTH="159"
                          VPOS="757"
                          HPOS="1349"
                          CONTENT="talem"/>
                  <SP HEIGHT="60" WIDTH="18" VPOS="757" HPOS="1507"/>
                  <String HEIGHT="60"
                          WIDTH="211"
                          VPOS="757"
                          HPOS="1454"
                          CONTENT="actionem"/>
                  <SP HEIGHT="60" WIDTH="18" VPOS="757" HPOS="1666"/>
                  <String HEIGHT="60"
                          WIDTH="176"
                          VPOS="757"
                          HPOS="1613"
                          CONTENT="idonee"/>
                  <SP HEIGHT="60" WIDTH="18" VPOS="757" HPOS="1789"/>
                  <String HEIGHT="60"
                          WIDTH="264"
                          VPOS="757"
                          HPOS="1736"
                          CONTENT="exequendam,"/>
                  <SP HEIGHT="60" WIDTH="18" VPOS="757" HPOS="2000"/>
                  <String HEIGHT="60"
                          WIDTH="123"
                          VPOS="757"
                          HPOS="1947"
                          CONTENT="aut"/>
                  <SP HEIGHT="60" WIDTH="18" VPOS="757" HPOS="2071"/>
                  <String HEIGHT="60"
                          WIDTH="141"
                          VPOS="757"
                          HPOS="2018"
                          CONTENT="non."/>
                  <SP HEIGHT="60" WIDTH="18" VPOS="757" HPOS="2159"/>
                  <String HEIGHT="60" WIDTH="106" VPOS="757" HPOS="2106" CONTENT="Si"/>
                  <SP HEIGHT="60" WIDTH="18" VPOS="757" HPOS="2212"/>
                  <String HEIGHT="60"
                          WIDTH="141"
                          VPOS="757"
                          HPOS="2159"
                          CONTENT="non:"/>
                  <SP HEIGHT="60" WIDTH="18" VPOS="757" HPOS="2300"/>
                  <String HEIGHT="60"
                          WIDTH="106"
                          VPOS="757"
                          HPOS="2229"
                          CONTENT="dico"/>
               </TextLine>
               <TextLine ID="r1l11"
                         BASELINE="875"
                         HEIGHT="62"
                         WIDTH="1783"
                         VPOS="813"
                         HPOS="554">
                  <String HEIGHT="62"
                          WIDTH="132"
                          VPOS="813"
                          HPOS="537"
                          CONTENT="quod"/>
                  <SP HEIGHT="62" WIDTH="17" VPOS="813" HPOS="670"/>
                  <String HEIGHT="62"
                          WIDTH="165"
                          VPOS="813"
                          HPOS="620"
                          CONTENT="melior"/>
                  <SP HEIGHT="62" WIDTH="17" VPOS="813" HPOS="785"/>
                  <String HEIGHT="62" WIDTH="116" VPOS="813" HPOS="736" CONTENT="est"/>
                  <SP HEIGHT="62" WIDTH="17" VPOS="813" HPOS="851"/>
                  <String HEIGHT="62" WIDTH="99" VPOS="813" HPOS="802" CONTENT="ei"/>
                  <SP HEIGHT="62" WIDTH="17" VPOS="813" HPOS="901"/>
                  <String HEIGHT="62"
                          WIDTH="297"
                          VPOS="813"
                          HPOS="851"
                          CONTENT="contemplatiuae"/>
                  <SP HEIGHT="62" WIDTH="17" VPOS="813" HPOS="1148"/>
                  <String HEIGHT="62"
                          WIDTH="132"
                          VPOS="813"
                          HPOS="1099"
                          CONTENT="vsus"/>
                  <SP HEIGHT="62" WIDTH="17" VPOS="813" HPOS="1231"/>
                  <String HEIGHT="62"
                          WIDTH="165"
                          VPOS="813"
                          HPOS="1181"
                          CONTENT="omnino"/>
                  <SP HEIGHT="62" WIDTH="17" VPOS="813" HPOS="1346"/>
                  <String HEIGHT="62"
                          WIDTH="132"
                          VPOS="813"
                          HPOS="1297"
                          CONTENT="quam"/>
                  <SP HEIGHT="62" WIDTH="17" VPOS="813" HPOS="1429"/>
                  <String HEIGHT="62"
                          WIDTH="198"
                          VPOS="813"
                          HPOS="1379"
                          CONTENT="actiuae:"/>
                  <SP HEIGHT="62" WIDTH="17" VPOS="813" HPOS="1578"/>
                  <String HEIGHT="62"
                          WIDTH="132"
                          VPOS="813"
                          HPOS="1528"
                          CONTENT="quia"/>
                  <SP HEIGHT="62" WIDTH="17" VPOS="813" HPOS="1660"/>
                  <String HEIGHT="62"
                          WIDTH="132"
                          VPOS="813"
                          HPOS="1611"
                          CONTENT="sibi"/>
                  <SP HEIGHT="62" WIDTH="17" VPOS="813" HPOS="1743"/>
                  <String HEIGHT="62"
                          WIDTH="215"
                          VPOS="813"
                          HPOS="1693"
                          CONTENT="proficere"/>
                  <SP HEIGHT="62" WIDTH="17" VPOS="813" HPOS="1908"/>
                  <String HEIGHT="62"
                          WIDTH="165"
                          VPOS="813"
                          HPOS="1858"
                          CONTENT="posset"/>
                  <SP HEIGHT="62" WIDTH="17" VPOS="813" HPOS="2023"/>
                  <String HEIGHT="62" WIDTH="99" VPOS="813" HPOS="1974" CONTENT="in"/>
                  <SP HEIGHT="62" WIDTH="17" VPOS="813" HPOS="2073"/>
                  <String HEIGHT="62"
                          WIDTH="132"
                          VPOS="813"
                          HPOS="2023"
                          CONTENT="vita"/>
                  <SP HEIGHT="62" WIDTH="17" VPOS="813" HPOS="2155"/>
                  <String HEIGHT="62"
                          WIDTH="215"
                          VPOS="813"
                          HPOS="2106"
                          CONTENT="solitaria"/>
                  <SP HEIGHT="62" WIDTH="17" VPOS="813" HPOS="2320"/>
                  <String HEIGHT="62" WIDTH="83" VPOS="813" HPOS="2254" CONTENT="con"/>
               </TextLine>
               <TextLine ID="r1l12"
                         BASELINE="931"
                         HEIGHT="75"
                         WIDTH="1776"
                         VPOS="856"
                         HPOS="554">
                  <String HEIGHT="75"
                          WIDTH="282"
                          VPOS="856"
                          HPOS="537"
                          CONTENT="templationis:"/>
                  <SP HEIGHT="75" WIDTH="17" VPOS="856" HPOS="820"/>
                  <String HEIGHT="75" WIDTH="116" VPOS="856" HPOS="770" CONTENT="nec"/>
                  <SP HEIGHT="75" WIDTH="17" VPOS="856" HPOS="886"/>
                  <String HEIGHT="75"
                          WIDTH="133"
                          VPOS="856"
                          HPOS="836"
                          CONTENT="sibi"/>
                  <SP HEIGHT="75" WIDTH="17" VPOS="856" HPOS="969"/>
                  <String HEIGHT="75"
                          WIDTH="149"
                          VPOS="856"
                          HPOS="919"
                          CONTENT="autem"/>
                  <SP HEIGHT="75" WIDTH="17" VPOS="856" HPOS="1069"/>
                  <String HEIGHT="75"
                          WIDTH="116"
                          VPOS="856"
                          HPOS="1019"
                          CONTENT="nec"/>
                  <SP HEIGHT="75" WIDTH="17" VPOS="856" HPOS="1135"/>
                  <String HEIGHT="75"
                          WIDTH="149"
                          VPOS="856"
                          HPOS="1085"
                          CONTENT="aliis"/>
                  <SP HEIGHT="75" WIDTH="17" VPOS="856" HPOS="1235"/>
                  <String HEIGHT="75"
                          WIDTH="232"
                          VPOS="856"
                          HPOS="1185"
                          CONTENT="proficeret"/>
                  <SP HEIGHT="75" WIDTH="17" VPOS="856" HPOS="1417"/>
                  <String HEIGHT="75" WIDTH="100" VPOS="856" HPOS="1367" CONTENT="in"/>
                  <SP HEIGHT="75" WIDTH="17" VPOS="856" HPOS="1467"/>
                  <String HEIGHT="75"
                          WIDTH="133"
                          VPOS="856"
                          HPOS="1417"
                          CONTENT="vita"/>
                  <SP HEIGHT="75" WIDTH="17" VPOS="856" HPOS="1550"/>
                  <String HEIGHT="75"
                          WIDTH="183"
                          VPOS="856"
                          HPOS="1500"
                          CONTENT="publica"/>
                  <SP HEIGHT="75" WIDTH="17" VPOS="856" HPOS="1683"/>
                  <String HEIGHT="75"
                          WIDTH="216"
                          VPOS="856"
                          HPOS="1633"
                          CONTENT="actionis:"/>
                  <SP HEIGHT="75" WIDTH="17" VPOS="856" HPOS="1849"/>
                  <String HEIGHT="75"
                          WIDTH="133"
                          VPOS="856"
                          HPOS="1799"
                          CONTENT="immo"/>
                  <SP HEIGHT="75" WIDTH="17" VPOS="856" HPOS="1932"/>
                  <String HEIGHT="75"
                          WIDTH="149"
                          VPOS="856"
                          HPOS="1882"
                          CONTENT="tales"/>
                  <SP HEIGHT="75" WIDTH="17" VPOS="856" HPOS="2031"/>
                  <String HEIGHT="75"
                          WIDTH="133"
                          VPOS="856"
                          HPOS="1981"
                          CONTENT="sibi"/>
                  <SP HEIGHT="75" WIDTH="17" VPOS="856" HPOS="2114"/>
                  <String HEIGHT="75"
                          WIDTH="183"
                          VPOS="856"
                          HPOS="2064"
                          CONTENT="obsunt,"/>
                  <SP HEIGHT="75" WIDTH="17" VPOS="856" HPOS="2247"/>
                  <String HEIGHT="75"
                          WIDTH="149"
                          VPOS="856"
                          HPOS="2181"
                          CONTENT="dicente"/>
               </TextLine>
               <TextLine ID="r1l13"
                         BASELINE="980"
                         HEIGHT="73"
                         WIDTH="1776"
                         VPOS="907"
                         HPOS="556">
                  <String HEIGHT="73"
                          WIDTH="178"
                          VPOS="907"
                          HPOS="538"
                          CONTENT="Grego."/>
                  <SP HEIGHT="73" WIDTH="18" VPOS="907" HPOS="716"/>
                  <String HEIGHT="73" WIDTH="124" VPOS="907" HPOS="663" CONTENT="vi."/>
                  <SP HEIGHT="73" WIDTH="18" VPOS="907" HPOS="787"/>
                  <String HEIGHT="73"
                          WIDTH="160"
                          VPOS="907"
                          HPOS="734"
                          CONTENT="mora."/>
                  <SP HEIGHT="73" WIDTH="18" VPOS="907" HPOS="893"/>
                  <String HEIGHT="73" WIDTH="124" VPOS="907" HPOS="840" CONTENT="ca."/>
                  <SP HEIGHT="73" WIDTH="18" VPOS="907" HPOS="964"/>
                  <String HEIGHT="73"
                          WIDTH="178"
                          VPOS="907"
                          HPOS="911"
                          CONTENT="xxxii."/>
                  <SP HEIGHT="73" WIDTH="18" VPOS="907" HPOS="1089"/>
                  <String HEIGHT="73"
                          WIDTH="160"
                          VPOS="907"
                          HPOS="1036"
                          CONTENT="Saepe"/>
                  <SP HEIGHT="73" WIDTH="18" VPOS="907" HPOS="1195"/>
                  <String HEIGHT="73"
                          WIDTH="124"
                          VPOS="907"
                          HPOS="1142"
                          CONTENT="qui"/>
                  <SP HEIGHT="73" WIDTH="18" VPOS="907" HPOS="1266"/>
                  <String HEIGHT="73"
                          WIDTH="266"
                          VPOS="907"
                          HPOS="1213"
                          CONTENT="contemplari"/>
                  <SP HEIGHT="73" WIDTH="18" VPOS="907" HPOS="1480"/>
                  <String HEIGHT="73"
                          WIDTH="142"
                          VPOS="907"
                          HPOS="1426"
                          CONTENT="deum"/>
                  <SP HEIGHT="73" WIDTH="18" VPOS="907" HPOS="1568"/>
                  <String HEIGHT="73"
                          WIDTH="178"
                          VPOS="907"
                          HPOS="1515"
                          CONTENT="quiete"/>
                  <SP HEIGHT="73" WIDTH="18" VPOS="907" HPOS="1693"/>
                  <String HEIGHT="73"
                          WIDTH="231"
                          VPOS="907"
                          HPOS="1639"
                          CONTENT="poterant,"/>
                  <SP HEIGHT="73" WIDTH="18" VPOS="907" HPOS="1870"/>
                  <String HEIGHT="73"
                          WIDTH="320"
                          VPOS="907"
                          HPOS="1817"
                          CONTENT="occupationibus"/>
                  <SP HEIGHT="73" WIDTH="18" VPOS="907" HPOS="2137"/>
                  <String HEIGHT="73"
                          WIDTH="266"
                          VPOS="907"
                          HPOS="2083"
                          CONTENT="ceciderunt."/>
                  <SP HEIGHT="73" WIDTH="18" VPOS="907" HPOS="2350"/>
                  <String HEIGHT="73" WIDTH="53" VPOS="907" HPOS="2279" CONTENT="&amp;"/>
               </TextLine>
               <TextLine ID="r1l14"
                         BASELINE="1029"
                         HEIGHT="67"
                         WIDTH="1778"
                         VPOS="962"
                         HPOS="558">
                  <String HEIGHT="67" WIDTH="117" VPOS="962" HPOS="541" CONTENT="per"/>
                  <SP HEIGHT="67" WIDTH="17" VPOS="962" HPOS="659"/>
                  <String HEIGHT="67" WIDTH="117" VPOS="962" HPOS="608" CONTENT="hoc"/>
                  <SP HEIGHT="67" WIDTH="17" VPOS="962" HPOS="726"/>
                  <String HEIGHT="67"
                          WIDTH="151"
                          VPOS="962"
                          HPOS="675"
                          CONTENT="etiam"/>
                  <SP HEIGHT="67" WIDTH="17" VPOS="962" HPOS="826"/>
                  <String HEIGHT="67"
                          WIDTH="168"
                          VPOS="962"
                          HPOS="776"
                          CONTENT="obsunt"/>
                  <SP HEIGHT="67" WIDTH="17" VPOS="962" HPOS="944"/>
                  <String HEIGHT="67"
                          WIDTH="168"
                          VPOS="962"
                          HPOS="893"
                          CONTENT="aliis:"/>
                  <SP HEIGHT="67" WIDTH="17" VPOS="962" HPOS="1061"/>
                  <String HEIGHT="67"
                          WIDTH="134"
                          VPOS="962"
                          HPOS="1011"
                          CONTENT="quia"/>
                  <SP HEIGHT="67" WIDTH="17" VPOS="962" HPOS="1145"/>
                  <String HEIGHT="67"
                          WIDTH="151"
                          VPOS="962"
                          HPOS="1095"
                          CONTENT="sicut"/>
                  <SP HEIGHT="67" WIDTH="17" VPOS="962" HPOS="1246"/>
                  <String HEIGHT="67"
                          WIDTH="168"
                          VPOS="962"
                          HPOS="1195"
                          CONTENT="dicit."/>
                  <SP HEIGHT="67" WIDTH="17" VPOS="962" HPOS="1363"/>
                  <String HEIGHT="67"
                          WIDTH="117"
                          VPOS="962"
                          HPOS="1313"
                          CONTENT="ii."/>
                  <SP HEIGHT="67" WIDTH="17" VPOS="962" HPOS="1430"/>
                  <String HEIGHT="67"
                          WIDTH="185"
                          VPOS="962"
                          HPOS="1380"
                          CONTENT="Pastor."/>
                  <SP HEIGHT="67" WIDTH="17" VPOS="962" HPOS="1564"/>
                  <String HEIGHT="67"
                          WIDTH="134"
                          VPOS="962"
                          HPOS="1514"
                          CONTENT="cap."/>
                  <SP HEIGHT="67" WIDTH="17" VPOS="962" HPOS="1648"/>
                  <String HEIGHT="67"
                          WIDTH="134"
                          VPOS="962"
                          HPOS="1598"
                          CONTENT="iii."/>
                  <SP HEIGHT="67" WIDTH="17" VPOS="962" HPOS="1732"/>
                  <String HEIGHT="67"
                          WIDTH="134"
                          VPOS="962"
                          HPOS="1682"
                          CONTENT="Vnde"/>
                  <SP HEIGHT="67" WIDTH="17" VPOS="962" HPOS="1816"/>
                  <String HEIGHT="67"
                          WIDTH="117"
                          VPOS="962"
                          HPOS="1766"
                          CONTENT="fit"/>
                  <SP HEIGHT="67" WIDTH="17" VPOS="962" HPOS="1883"/>
                  <String HEIGHT="67" WIDTH="101" VPOS="962" HPOS="1833" CONTENT="vt"/>
                  <SP HEIGHT="67" WIDTH="17" VPOS="962" HPOS="1933"/>
                  <String HEIGHT="67"
                          WIDTH="117"
                          VPOS="962"
                          HPOS="1883"
                          CONTENT="cum"/>
                  <SP HEIGHT="67" WIDTH="17" VPOS="962" HPOS="2001"/>
                  <String HEIGHT="67"
                          WIDTH="168"
                          VPOS="962"
                          HPOS="1950"
                          CONTENT="pastor"/>
                  <SP HEIGHT="67" WIDTH="17" VPOS="962" HPOS="2118"/>
                  <String HEIGHT="67"
                          WIDTH="117"
                          VPOS="962"
                          HPOS="2068"
                          CONTENT="per"/>
                  <SP HEIGHT="67" WIDTH="17" VPOS="962" HPOS="2185"/>
                  <String HEIGHT="67"
                          WIDTH="185"
                          VPOS="962"
                          HPOS="2135"
                          CONTENT="abrupta"/>
                  <SP HEIGHT="67" WIDTH="17" VPOS="962" HPOS="2319"/>
                  <String HEIGHT="67" WIDTH="84" VPOS="962" HPOS="2252" CONTENT="gra"/>
               </TextLine>
               <TextLine ID="r1l15"
                         BASELINE="1080"
                         HEIGHT="53"
                         WIDTH="1776"
                         VPOS="1027"
                         HPOS="558">
                  <String HEIGHT="53"
                          WIDTH="179"
                          VPOS="1027"
                          HPOS="540"
                          CONTENT="ditur,"/>
                  <SP HEIGHT="53" WIDTH="18" VPOS="1027" HPOS="719"/>
                  <String HEIGHT="53" WIDTH="108" VPOS="1027" HPOS="666" CONTENT="ad"/>
                  <SP HEIGHT="53" WIDTH="18" VPOS="1027" HPOS="773"/>
                  <String HEIGHT="53"
                          WIDTH="287"
                          VPOS="1027"
                          HPOS="719"
                          CONTENT="praecipitium"/>
                  <SP HEIGHT="53" WIDTH="18" VPOS="1027" HPOS="1006"/>
                  <String HEIGHT="53"
                          WIDTH="144"
                          VPOS="1027"
                          HPOS="953"
                          CONTENT="grex"/>
                  <SP HEIGHT="53" WIDTH="18" VPOS="1027" HPOS="1096"/>
                  <String HEIGHT="53"
                          WIDTH="233"
                          VPOS="1027"
                          HPOS="1042"
                          CONTENT="sequatur."/>
                  <SP HEIGHT="53" WIDTH="18" VPOS="1027" HPOS="1276"/>
                  <String HEIGHT="53"
                          WIDTH="197"
                          VPOS="1027"
                          HPOS="1222"
                          CONTENT="Propter"/>
                  <SP HEIGHT="53" WIDTH="18" VPOS="1027" HPOS="1419"/>
                  <String HEIGHT="53"
                          WIDTH="126"
                          VPOS="1027"
                          HPOS="1365"
                          CONTENT="hoc"/>
                  <SP HEIGHT="53" WIDTH="18" VPOS="1027" HPOS="1491"/>
                  <String HEIGHT="53"
                          WIDTH="161"
                          VPOS="1027"
                          HPOS="1437"
                          CONTENT="dicit"/>
                  <SP HEIGHT="53" WIDTH="18" VPOS="1027" HPOS="1598"/>
                  <String HEIGHT="53"
                          WIDTH="179"
                          VPOS="1027"
                          HPOS="1545"
                          CONTENT="ibidem"/>
                  <SP HEIGHT="53" WIDTH="18" VPOS="1027" HPOS="1724"/>
                  <String HEIGHT="53"
                          WIDTH="179"
                          VPOS="1027"
                          HPOS="1670"
                          CONTENT="contra"/>
                  <SP HEIGHT="53" WIDTH="18" VPOS="1027" HPOS="1850"/>
                  <String HEIGHT="53"
                          WIDTH="161"
                          VPOS="1027"
                          HPOS="1796"
                          CONTENT="tales"/>
                  <SP HEIGHT="53" WIDTH="18" VPOS="1027" HPOS="1957"/>
                  <String HEIGHT="53"
                          WIDTH="144"
                          VPOS="1027"
                          HPOS="1903"
                          CONTENT="cap."/>
                  <SP HEIGHT="53" WIDTH="18" VPOS="1027" HPOS="2047"/>
                  <String HEIGHT="53"
                          WIDTH="108"
                          VPOS="1027"
                          HPOS="1993"
                          CONTENT="v."/>
                  <SP HEIGHT="53" WIDTH="18" VPOS="1027" HPOS="2101"/>
                  <String HEIGHT="53"
                          WIDTH="179"
                          VPOS="1027"
                          HPOS="2047"
                          CONTENT="ltaque"/>
                  <SP HEIGHT="53" WIDTH="18" VPOS="1027" HPOS="2226"/>
                  <String HEIGHT="53"
                          WIDTH="108"
                          VPOS="1027"
                          HPOS="2173"
                          CONTENT="ab"/>
                  <SP HEIGHT="53" WIDTH="18" VPOS="1027" HPOS="2280"/>
                  <String HEIGHT="53"
                          WIDTH="126"
                          VPOS="1027"
                          HPOS="2208"
                          CONTENT="appe"
                          SUBS_TYPE="HypPart1"
                          SUBS_CONTENT="appetitu"/>
                  <HYP CONTENT="-"/>
               </TextLine>
               <TextLine ID="r1l16"
                         BASELINE="1139"
                         HEIGHT="64"
                         WIDTH="1774"
                         VPOS="1075"
                         HPOS="559">
                  <String HEIGHT="64"
                          WIDTH="148"
                          VPOS="1075"
                          HPOS="541"
                          CONTENT="titu"
                          SUBS_TYPE="HypPart2"
                          SUBS_CONTENT="appetitu"/>
                  <SP HEIGHT="64" WIDTH="18" VPOS="1075" HPOS="688"/>
                  <String HEIGHT="64"
                          WIDTH="185"
                          VPOS="1075"
                          HPOS="633"
                          CONTENT="illius"/>
                  <SP HEIGHT="64" WIDTH="18" VPOS="1075" HPOS="818"/>
                  <String HEIGHT="64"
                          WIDTH="185"
                          VPOS="1075"
                          HPOS="762"
                          CONTENT="cordis"/>
                  <SP HEIGHT="64" WIDTH="18" VPOS="1075" HPOS="947"/>
                  <String HEIGHT="64"
                          WIDTH="296"
                          VPOS="1075"
                          HPOS="892"
                          CONTENT="infirmitatem"/>
                  <SP HEIGHT="64" WIDTH="18" VPOS="1075" HPOS="1187"/>
                  <String HEIGHT="64"
                          WIDTH="203"
                          VPOS="1075"
                          HPOS="1132"
                          CONTENT="munimus"/>
                  <SP HEIGHT="64" WIDTH="18" VPOS="1075" HPOS="1335"/>
                  <String HEIGHT="64"
                          WIDTH="111"
                          VPOS="1075"
                          HPOS="1280"
                          CONTENT="ne"/>
                  <SP HEIGHT="64" WIDTH="18" VPOS="1075" HPOS="1391"/>
                  <String HEIGHT="64"
                          WIDTH="259"
                          VPOS="1075"
                          HPOS="1335"
                          CONTENT="imperfecti"/>
                  <SP HEIGHT="64" WIDTH="18" VPOS="1075" HPOS="1594"/>
                  <String HEIGHT="64"
                          WIDTH="185"
                          VPOS="1075"
                          HPOS="1538"
                          CONTENT="quique"/>
                  <SP HEIGHT="64" WIDTH="18" VPOS="1075" HPOS="1723"/>
                  <String HEIGHT="64"
                          WIDTH="185"
                          VPOS="1075"
                          HPOS="1668"
                          CONTENT="culmen"/>
                  <SP HEIGHT="64" WIDTH="18" VPOS="1075" HPOS="1853"/>
                  <String HEIGHT="64"
                          WIDTH="222"
                          VPOS="1075"
                          HPOS="1797"
                          CONTENT="arripere"/>
                  <SP HEIGHT="64" WIDTH="18" VPOS="1075" HPOS="2019"/>
                  <String HEIGHT="64"
                          WIDTH="240"
                          VPOS="1075"
                          HPOS="1963"
                          CONTENT="regiminis"/>
                  <SP HEIGHT="64" WIDTH="18" VPOS="1075" HPOS="2204"/>
                  <String HEIGHT="64"
                          WIDTH="222"
                          VPOS="1075"
                          HPOS="2148"
                          CONTENT="audeant:"/>
                  <SP HEIGHT="64" WIDTH="18" VPOS="1075" HPOS="2370"/>
                  <String HEIGHT="64" WIDTH="37" VPOS="1075" HPOS="2296" CONTENT=""/>
               </TextLine>
               <TextLine ID="r1l17"
                         BASELINE="1194"
                         HEIGHT="62"
                         WIDTH="1779"
                         VPOS="1132"
                         HPOS="551">
                  <String HEIGHT="62"
                          WIDTH="147"
                          VPOS="1132"
                          HPOS="533"
                          CONTENT="neue"/>
                  <SP HEIGHT="62" WIDTH="18" VPOS="1132" HPOS="679"/>
                  <String HEIGHT="62"
                          WIDTH="128"
                          VPOS="1132"
                          HPOS="624"
                          CONTENT="qui"/>
                  <SP HEIGHT="62" WIDTH="18" VPOS="1132" HPOS="753"/>
                  <String HEIGHT="62" WIDTH="110" VPOS="1132" HPOS="698" CONTENT="in"/>
                  <SP HEIGHT="62" WIDTH="18" VPOS="1132" HPOS="808"/>
                  <String HEIGHT="62"
                          WIDTH="183"
                          VPOS="1132"
                          HPOS="753"
                          CONTENT="planis"/>
                  <SP HEIGHT="62" WIDTH="18" VPOS="1132" HPOS="936"/>
                  <String HEIGHT="62"
                          WIDTH="202"
                          VPOS="1132"
                          HPOS="881"
                          CONTENT="stantes"/>
                  <SP HEIGHT="62" WIDTH="18" VPOS="1132" HPOS="1083"/>
                  <String HEIGHT="62"
                          WIDTH="238"
                          VPOS="1132"
                          HPOS="1028"
                          CONTENT="titubant,"/>
                  <SP HEIGHT="62" WIDTH="18" VPOS="1132" HPOS="1266"/>
                  <String HEIGHT="62"
                          WIDTH="110"
                          VPOS="1132"
                          HPOS="1211"
                          CONTENT="in"/>
                  <SP HEIGHT="62" WIDTH="18" VPOS="1132" HPOS="1321"/>
                  <String HEIGHT="62"
                          WIDTH="275"
                          VPOS="1132"
                          HPOS="1266"
                          CONTENT="praecipitio"/>
                  <SP HEIGHT="62" WIDTH="18" VPOS="1132" HPOS="1541"/>
                  <String HEIGHT="62"
                          WIDTH="165"
                          VPOS="1132"
                          HPOS="1486"
                          CONTENT="pedem"/>
                  <SP HEIGHT="62" WIDTH="18" VPOS="1132" HPOS="1651"/>
                  <String HEIGHT="62"
                          WIDTH="202"
                          VPOS="1132"
                          HPOS="1596"
                          CONTENT="ponant."/>
                  <SP HEIGHT="62" WIDTH="18" VPOS="1132" HPOS="1798"/>
                  <String HEIGHT="62"
                          WIDTH="147"
                          VPOS="1132"
                          HPOS="1743"
                          CONTENT="vnde"/>
                  <SP HEIGHT="62" WIDTH="18" VPOS="1132" HPOS="1890"/>
                  <String HEIGHT="62"
                          WIDTH="128"
                          VPOS="1132"
                          HPOS="1835"
                          CONTENT="nec"/>
                  <SP HEIGHT="62" WIDTH="18" VPOS="1132" HPOS="1963"/>
                  <String HEIGHT="62"
                          WIDTH="202"
                          VPOS="1132"
                          HPOS="1908"
                          CONTENT="coactus"/>
                  <SP HEIGHT="62" WIDTH="18" VPOS="1132" HPOS="2110"/>
                  <String HEIGHT="62"
                          WIDTH="110"
                          VPOS="1132"
                          HPOS="2055"
                          CONTENT="ad"/>
                  <SP HEIGHT="62" WIDTH="18" VPOS="1132" HPOS="2165"/>
                  <String HEIGHT="62"
                          WIDTH="238"
                          VPOS="1132"
                          HPOS="2092"
                          CONTENT="executionem"/>
               </TextLine>
               <TextLine ID="r1l18"
                         BASELINE="1244"
                         HEIGHT="66"
                         WIDTH="1772"
                         VPOS="1178"
                         HPOS="559">
                  <String HEIGHT="66"
                          WIDTH="159"
                          VPOS="1178"
                          HPOS="541"
                          CONTENT="talis"/>
                  <SP HEIGHT="66" WIDTH="18" VPOS="1178" HPOS="701"/>
                  <String HEIGHT="66"
                          WIDTH="213"
                          VPOS="1178"
                          HPOS="648"
                          CONTENT="actionis"/>
                  <SP HEIGHT="66" WIDTH="18" VPOS="1178" HPOS="860"/>
                  <String HEIGHT="66"
                          WIDTH="213"
                          VPOS="1178"
                          HPOS="807"
                          CONTENT="accedere"/>
                  <SP HEIGHT="66" WIDTH="18" VPOS="1178" HPOS="1020"/>
                  <String HEIGHT="66"
                          WIDTH="177"
                          VPOS="1178"
                          HPOS="967"
                          CONTENT="debet:"/>
                  <SP HEIGHT="66" WIDTH="18" VPOS="1178" HPOS="1144"/>
                  <String HEIGHT="66"
                          WIDTH="106"
                          VPOS="1178"
                          HPOS="1091"
                          CONTENT="vt"/>
                  <SP HEIGHT="66" WIDTH="18" VPOS="1178" HPOS="1197"/>
                  <String HEIGHT="66"
                          WIDTH="159"
                          VPOS="1178"
                          HPOS="1144"
                          CONTENT="dicit"/>
                  <SP HEIGHT="66" WIDTH="18" VPOS="1178" HPOS="1303"/>
                  <String HEIGHT="66"
                          WIDTH="142"
                          VPOS="1178"
                          HPOS="1250"
                          CONTENT="cap."/>
                  <SP HEIGHT="66" WIDTH="18" VPOS="1178" HPOS="1392"/>
                  <String HEIGHT="66"
                          WIDTH="106"
                          VPOS="1178"
                          HPOS="1339"
                          CONTENT="x."/>
                  <SP HEIGHT="66" WIDTH="18" VPOS="1178" HPOS="1445"/>
                  <String HEIGHT="66"
                          WIDTH="106"
                          VPOS="1178"
                          HPOS="1392"
                          CONTENT="Si"/>
                  <SP HEIGHT="66" WIDTH="18" VPOS="1178" HPOS="1498"/>
                  <String HEIGHT="66"
                          WIDTH="159"
                          VPOS="1178"
                          HPOS="1445"
                          CONTENT="primo"/>
                  <SP HEIGHT="66" WIDTH="18" VPOS="1178" HPOS="1604"/>
                  <String HEIGHT="66"
                          WIDTH="159"
                          VPOS="1178"
                          HPOS="1551"
                          CONTENT="modo,"/>
                  <SP HEIGHT="66" WIDTH="18" VPOS="1178" HPOS="1711"/>
                  <String HEIGHT="66"
                          WIDTH="301"
                          VPOS="1178"
                          HPOS="1658"
                          CONTENT="subdistinguo:"/>
                  <SP HEIGHT="66" WIDTH="18" VPOS="1178" HPOS="1959"/>
                  <String HEIGHT="66"
                          WIDTH="142"
                          VPOS="1178"
                          HPOS="1906"
                          CONTENT="quia"/>
                  <SP HEIGHT="66" WIDTH="18" VPOS="1178" HPOS="2047"/>
                  <String HEIGHT="66"
                          WIDTH="230"
                          VPOS="1178"
                          HPOS="1994"
                          CONTENT="praeditus"/>
                  <SP HEIGHT="66" WIDTH="18" VPOS="1178" HPOS="2225"/>
                  <String HEIGHT="66"
                          WIDTH="177"
                          VPOS="1178"
                          HPOS="2154"
                          CONTENT="virtuti"
                          SUBS_TYPE="HypPart1"
                          SUBS_CONTENT="virtutibus"/>
                  <HYP CONTENT="-"/>
               </TextLine>
               <TextLine ID="r1l19"
                         BASELINE="1302"
                         HEIGHT="72"
                         WIDTH="1774"
                         VPOS="1230"
                         HPOS="553">
                  <String HEIGHT="72"
                          WIDTH="123"
                          VPOS="1230"
                          HPOS="535"
                          CONTENT="bus"
                          SUBS_TYPE="HypPart2"
                          SUBS_CONTENT="virtutibus"/>
                  <SP HEIGHT="72" WIDTH="18" VPOS="1230" HPOS="658"/>
                  <String HEIGHT="72"
                          WIDTH="176"
                          VPOS="1230"
                          HPOS="606"
                          CONTENT="quibus"/>
                  <SP HEIGHT="72" WIDTH="18" VPOS="1230" HPOS="781"/>
                  <String HEIGHT="72"
                          WIDTH="158"
                          VPOS="1230"
                          HPOS="729"
                          CONTENT="aliis"/>
                  <SP HEIGHT="72" WIDTH="18" VPOS="1230" HPOS="887"/>
                  <String HEIGHT="72"
                          WIDTH="193"
                          VPOS="1230"
                          HPOS="834"
                          CONTENT="prosit,"/>
                  <SP HEIGHT="72" WIDTH="18" VPOS="1230" HPOS="1027"/>
                  <String HEIGHT="72"
                          WIDTH="123"
                          VPOS="1230"
                          HPOS="975"
                          CONTENT="aut"/>
                  <SP HEIGHT="72" WIDTH="18" VPOS="1230" HPOS="1097"/>
                  <String HEIGHT="72"
                          WIDTH="228"
                          VPOS="1230"
                          HPOS="1045"
                          CONTENT="voluntate"/>
                  <SP HEIGHT="72" WIDTH="18" VPOS="1230" HPOS="1273"/>
                  <String HEIGHT="72" WIDTH="88" VPOS="1230" HPOS="1220" CONTENT="&amp;"/>
                  <SP HEIGHT="72" WIDTH="18" VPOS="1230" HPOS="1308"/>
                  <String HEIGHT="72"
                          WIDTH="105"
                          VPOS="1230"
                          HPOS="1256"
                          CONTENT="ex"/>
                  <SP HEIGHT="72" WIDTH="18" VPOS="1230" HPOS="1361"/>
                  <String HEIGHT="72"
                          WIDTH="228"
                          VPOS="1230"
                          HPOS="1308"
                          CONTENT="electione"/>
                  <SP HEIGHT="72" WIDTH="18" VPOS="1230" HPOS="1537"/>
                  <String HEIGHT="72"
                          WIDTH="176"
                          VPOS="1230"
                          HPOS="1484"
                          CONTENT="absque"/>
                  <SP HEIGHT="72" WIDTH="18" VPOS="1230" HPOS="1660"/>
                  <String HEIGHT="72"
                          WIDTH="141"
                          VPOS="1230"
                          HPOS="1607"
                          CONTENT="omni"/>
                  <SP HEIGHT="72" WIDTH="18" VPOS="1230" HPOS="1747"/>
                  <String HEIGHT="72"
                          WIDTH="228"
                          VPOS="1230"
                          HPOS="1695"
                          CONTENT="coactione"/>
                  <SP HEIGHT="72" WIDTH="18" VPOS="1230" HPOS="1923"/>
                  <String HEIGHT="72" WIDTH="88" VPOS="1230" HPOS="1870" CONTENT="&amp;"/>
                  <SP HEIGHT="72" WIDTH="18" VPOS="1230" HPOS="1958"/>
                  <String HEIGHT="72"
                          WIDTH="263"
                          VPOS="1230"
                          HPOS="1905"
                          CONTENT="necessitate"/>
                  <SP HEIGHT="72" WIDTH="18" VPOS="1230" HPOS="2169"/>
                  <String HEIGHT="72"
                          WIDTH="193"
                          VPOS="1230"
                          HPOS="2116"
                          CONTENT="accedit"/>
                  <SP HEIGHT="72" WIDTH="18" VPOS="1230" HPOS="2309"/>
                  <String HEIGHT="72"
                          WIDTH="105"
                          VPOS="1230"
                          HPOS="2257"
                          CONTENT="ad"/>
                  <SP HEIGHT="72" WIDTH="18" VPOS="1230" HPOS="2362"/>
                  <String HEIGHT="72" WIDTH="35" VPOS="1230" HPOS="2292" CONTENT=""/>
               </TextLine>
               <TextLine ID="r1l20"
                         BASELINE="1350"
                         HEIGHT="60"
                         WIDTH="1770"
                         VPOS="1290"
                         HPOS="556">
                  <String HEIGHT="60"
                          WIDTH="223"
                          VPOS="1290"
                          HPOS="539"
                          CONTENT="actionem:"/>
                  <SP HEIGHT="60" WIDTH="17" VPOS="1290" HPOS="762"/>
                  <String HEIGHT="60"
                          WIDTH="120"
                          VPOS="1290"
                          HPOS="711"
                          CONTENT="aut"/>
                  <SP HEIGHT="60" WIDTH="17" VPOS="1290" HPOS="831"/>
                  <String HEIGHT="60"
                          WIDTH="189"
                          VPOS="1290"
                          HPOS="779"
                          CONTENT="accedit"/>
                  <SP HEIGHT="60" WIDTH="17" VPOS="1290" HPOS="968"/>
                  <String HEIGHT="60" WIDTH="103" VPOS="1290" HPOS="917" CONTENT="ad"/>
                  <SP HEIGHT="60" WIDTH="17" VPOS="1290" HPOS="1020"/>
                  <String HEIGHT="60"
                          WIDTH="155"
                          VPOS="1290"
                          HPOS="968"
                          CONTENT="illam"/>
                  <SP HEIGHT="60" WIDTH="17" VPOS="1290" HPOS="1123"/>
                  <String HEIGHT="60"
                          WIDTH="241"
                          VPOS="1290"
                          HPOS="1072"
                          CONTENT="coactionis"/>
                  <SP HEIGHT="60" WIDTH="17" VPOS="1290" HPOS="1312"/>
                  <String HEIGHT="60"
                          WIDTH="275"
                          VPOS="1290"
                          HPOS="1261"
                          CONTENT="necessitate."/>
                  <SP HEIGHT="60" WIDTH="17" VPOS="1290" HPOS="1536"/>
                  <String HEIGHT="60"
                          WIDTH="103"
                          VPOS="1290"
                          HPOS="1484"
                          CONTENT="Si"/>
                  <SP HEIGHT="60" WIDTH="17" VPOS="1290" HPOS="1587"/>
                  <String HEIGHT="60"
                          WIDTH="155"
                          VPOS="1290"
                          HPOS="1536"
                          CONTENT="primo"/>
                  <SP HEIGHT="60" WIDTH="17" VPOS="1290" HPOS="1690"/>
                  <String HEIGHT="60"
                          WIDTH="155"
                          VPOS="1290"
                          HPOS="1639"
                          CONTENT="modo:"/>
                  <SP HEIGHT="60" WIDTH="17" VPOS="1290" HPOS="1793"/>
                  <String HEIGHT="60"
                          WIDTH="137"
                          VPOS="1290"
                          HPOS="1742"
                          CONTENT="dico"/>
                  <SP HEIGHT="60" WIDTH="17" VPOS="1290" HPOS="1879"/>
                  <String HEIGHT="60"
                          WIDTH="137"
                          VPOS="1290"
                          HPOS="1828"
                          CONTENT="quod"/>
                  <SP HEIGHT="60" WIDTH="17" VPOS="1290" HPOS="1965"/>
                  <String HEIGHT="60"
                          WIDTH="275"
                          VPOS="1290"
                          HPOS="1914"
                          CONTENT="contemplatio"/>
                  <SP HEIGHT="60" WIDTH="17" VPOS="1290" HPOS="2189"/>
                  <String HEIGHT="60"
                          WIDTH="206"
                          VPOS="1290"
                          HPOS="2120"
                          CONTENT="praecellit"/>
               </TextLine>
               <TextLine ID="r1l21"
                         BASELINE="1407"
                         HEIGHT="61"
                         WIDTH="1778"
                         VPOS="1346"
                         HPOS="552">
                  <String HEIGHT="61"
                          WIDTH="132"
                          VPOS="1346"
                          HPOS="536"
                          CONTENT="quod"/>
                  <SP HEIGHT="61" WIDTH="16" VPOS="1346" HPOS="667"/>
                  <String HEIGHT="61" WIDTH="99" VPOS="1346" HPOS="618" CONTENT="vt"/>
                  <SP HEIGHT="61" WIDTH="16" VPOS="1346" HPOS="717"/>
                  <String HEIGHT="61"
                          WIDTH="115"
                          VPOS="1346"
                          HPOS="667"
                          CONTENT="iam"/>
                  <SP HEIGHT="61" WIDTH="16" VPOS="1346" HPOS="782"/>
                  <String HEIGHT="61"
                          WIDTH="198"
                          VPOS="1346"
                          HPOS="733"
                          CONTENT="dicetur,"/>
                  <SP HEIGHT="61" WIDTH="16" VPOS="1346" HPOS="931"/>
                  <String HEIGHT="61"
                          WIDTH="148"
                          VPOS="1346"
                          HPOS="881"
                          CONTENT="actio"/>
                  <SP HEIGHT="61" WIDTH="16" VPOS="1346" HPOS="1029"/>
                  <String HEIGHT="61"
                          WIDTH="181"
                          VPOS="1346"
                          HPOS="980"
                          CONTENT="nunquam"/>
                  <SP HEIGHT="61" WIDTH="16" VPOS="1346" HPOS="1161"/>
                  <String HEIGHT="61"
                          WIDTH="230"
                          VPOS="1346"
                          HPOS="1112"
                          CONTENT="praecellit"/>
                  <SP HEIGHT="61" WIDTH="16" VPOS="1346" HPOS="1342"/>
                  <String HEIGHT="61"
                          WIDTH="132"
                          VPOS="1346"
                          HPOS="1293"
                          CONTENT="nisi"/>
                  <SP HEIGHT="61" WIDTH="16" VPOS="1346" HPOS="1425"/>
                  <String HEIGHT="61" WIDTH="99" VPOS="1346" HPOS="1375" CONTENT="ex"/>
                  <SP HEIGHT="61" WIDTH="16" VPOS="1346" HPOS="1474"/>
                  <String HEIGHT="61"
                          WIDTH="313"
                          VPOS="1346"
                          HPOS="1425"
                          CONTENT="recompensatione"/>
                  <SP HEIGHT="61" WIDTH="16" VPOS="1346" HPOS="1737"/>
                  <String HEIGHT="61"
                          WIDTH="263"
                          VPOS="1346"
                          HPOS="1688"
                          CONTENT="necessitatis"/>
                  <SP HEIGHT="61" WIDTH="16" VPOS="1346" HPOS="1951"/>
                  <String HEIGHT="61" WIDTH="82" VPOS="1346" HPOS="1902" CONTENT="&amp;"/>
                  <SP HEIGHT="61" WIDTH="16" VPOS="1346" HPOS="1984"/>
                  <String HEIGHT="61"
                          WIDTH="230"
                          VPOS="1346"
                          HPOS="1935"
                          CONTENT="coactionis"/>
                  <SP HEIGHT="61" WIDTH="16" VPOS="1346" HPOS="2165"/>
                  <String HEIGHT="61"
                          WIDTH="165"
                          VPOS="1346"
                          HPOS="2116"
                          CONTENT="simul."/>
                  <SP HEIGHT="61" WIDTH="16" VPOS="1346" HPOS="2281"/>
                  <String HEIGHT="61"
                          WIDTH="115"
                          VPOS="1346"
                          HPOS="2215"
                          CONTENT="dicen"/>
               </TextLine>
               <TextLine ID="r1l22"
                         BASELINE="1470"
                         HEIGHT="66"
                         WIDTH="1767"
                         VPOS="1404"
                         HPOS="553">
                  <String HEIGHT="66" WIDTH="96" VPOS="1404" HPOS="537" CONTENT="te"/>
                  <SP HEIGHT="66" WIDTH="16" VPOS="1404" HPOS="633"/>
                  <String HEIGHT="66"
                          WIDTH="175"
                          VPOS="1404"
                          HPOS="585"
                          CONTENT="August."/>
                  <SP HEIGHT="66" WIDTH="16" VPOS="1404" HPOS="760"/>
                  <String HEIGHT="66"
                          WIDTH="159"
                          VPOS="1404"
                          HPOS="712"
                          CONTENT="libro."/>
                  <SP HEIGHT="66" WIDTH="16" VPOS="1404" HPOS="871"/>
                  <String HEIGHT="66"
                          WIDTH="143"
                          VPOS="1404"
                          HPOS="824"
                          CONTENT="xxii."/>
                  <SP HEIGHT="66" WIDTH="16" VPOS="1404" HPOS="967"/>
                  <String HEIGHT="66"
                          WIDTH="159"
                          VPOS="1404"
                          HPOS="919"
                          CONTENT="contra"/>
                  <SP HEIGHT="66" WIDTH="16" VPOS="1404" HPOS="1078"/>
                  <String HEIGHT="66"
                          WIDTH="191"
                          VPOS="1404"
                          HPOS="1031"
                          CONTENT="Faustum."/>
                  <SP HEIGHT="66" WIDTH="16" VPOS="1404" HPOS="1222"/>
                  <String HEIGHT="66"
                          WIDTH="127"
                          VPOS="1404"
                          HPOS="1174"
                          CONTENT="cap."/>
                  <SP HEIGHT="66" WIDTH="16" VPOS="1404" HPOS="1301"/>
                  <String HEIGHT="66"
                          WIDTH="175"
                          VPOS="1404"
                          HPOS="1253"
                          CONTENT="xxiiii."/>
                  <SP HEIGHT="66" WIDTH="16" VPOS="1404" HPOS="1429"/>
                  <String HEIGHT="66"
                          WIDTH="207"
                          VPOS="1404"
                          HPOS="1381"
                          CONTENT="Plaerique"/>
                  <SP HEIGHT="66" WIDTH="16" VPOS="1404" HPOS="1588"/>
                  <String HEIGHT="66"
                          WIDTH="127"
                          VPOS="1404"
                          HPOS="1540"
                          CONTENT="bono"/>
                  <SP HEIGHT="66" WIDTH="16" VPOS="1404" HPOS="1667"/>
                  <String HEIGHT="66"
                          WIDTH="175"
                          VPOS="1404"
                          HPOS="1620"
                          CONTENT="ingenio"/>
                  <SP HEIGHT="66" WIDTH="16" VPOS="1404" HPOS="1795"/>
                  <String HEIGHT="66"
                          WIDTH="191"
                          VPOS="1404"
                          HPOS="1747"
                          CONTENT="praediti"/>
                  <SP HEIGHT="66" WIDTH="16" VPOS="1404" HPOS="1938"/>
                  <String HEIGHT="66"
                          WIDTH="207"
                          VPOS="1404"
                          HPOS="1890"
                          CONTENT="studioque"/>
                  <SP HEIGHT="66" WIDTH="16" VPOS="1404" HPOS="2097"/>
                  <String HEIGHT="66"
                          WIDTH="239"
                          VPOS="1404"
                          HPOS="2049"
                          CONTENT="flagrantes,"/>
                  <SP HEIGHT="66" WIDTH="16" VPOS="1404" HPOS="2288"/>
                  <String HEIGHT="66"
                          WIDTH="96"
                          VPOS="1404"
                          HPOS="2224"
                          CONTENT="quam"/>
               </TextLine>
               <TextLine ID="r1l23"
                         BASELINE="1522"
                         HEIGHT="76"
                         WIDTH="1770"
                         VPOS="1446"
                         HPOS="554">
                  <String HEIGHT="76"
                          WIDTH="126"
                          VPOS="1446"
                          HPOS="536"
                          CONTENT="uis"/>
                  <SP HEIGHT="76" WIDTH="18" VPOS="1446" HPOS="662"/>
                  <String HEIGHT="76"
                          WIDTH="181"
                          VPOS="1446"
                          HPOS="608"
                          CONTENT="idonei"/>
                  <SP HEIGHT="76" WIDTH="18" VPOS="1446" HPOS="789"/>
                  <String HEIGHT="76"
                          WIDTH="217"
                          VPOS="1446"
                          HPOS="735"
                          CONTENT="regendis"/>
                  <SP HEIGHT="76" WIDTH="18" VPOS="1446" HPOS="951"/>
                  <String HEIGHT="76"
                          WIDTH="199"
                          VPOS="1446"
                          HPOS="897"
                          CONTENT="populis"/>
                  <SP HEIGHT="76" WIDTH="18" VPOS="1446" HPOS="1096"/>
                  <String HEIGHT="76"
                          WIDTH="144"
                          VPOS="1446"
                          HPOS="1042"
                          CONTENT="esse"/>
                  <SP HEIGHT="76" WIDTH="18" VPOS="1446" HPOS="1186"/>
                  <String HEIGHT="76"
                          WIDTH="217"
                          VPOS="1446"
                          HPOS="1132"
                          CONTENT="possint:"/>
                  <SP HEIGHT="76" WIDTH="18" VPOS="1446" HPOS="1349"/>
                  <String HEIGHT="76"
                          WIDTH="163"
                          VPOS="1446"
                          HPOS="1295"
                          CONTENT="tamen"/>
                  <SP HEIGHT="76" WIDTH="18" VPOS="1446" HPOS="1457"/>
                  <String HEIGHT="76"
                          WIDTH="199"
                          VPOS="1446"
                          HPOS="1403"
                          CONTENT="euitant"/>
                  <SP HEIGHT="76" WIDTH="18" VPOS="1446" HPOS="1602"/>
                  <String HEIGHT="76"
                          WIDTH="199"
                          VPOS="1446"
                          HPOS="1547"
                          CONTENT="propter"/>
                  <SP HEIGHT="76" WIDTH="18" VPOS="1446" HPOS="1746"/>
                  <String HEIGHT="76"
                          WIDTH="271"
                          VPOS="1446"
                          HPOS="1692"
                          CONTENT="turbulentas"/>
                  <SP HEIGHT="76" WIDTH="18" VPOS="1446" HPOS="1963"/>
                  <String HEIGHT="76"
                          WIDTH="307"
                          VPOS="1446"
                          HPOS="1909"
                          CONTENT="occupationes."/>
                  <SP HEIGHT="76" WIDTH="18" VPOS="1446" HPOS="2216"/>
                  <String HEIGHT="76"
                          WIDTH="108"
                          VPOS="1446"
                          HPOS="2161"
                          CONTENT="de"/>
                  <SP HEIGHT="76" WIDTH="18" VPOS="1446" HPOS="2270"/>
                  <String HEIGHT="76"
                          WIDTH="144"
                          VPOS="1446"
                          HPOS="2216"
                          CONTENT="qui-"/>
                  <SP HEIGHT="76" WIDTH="18" VPOS="1446" HPOS="2360"/>
                  <String HEIGHT="76" WIDTH="36" VPOS="1446" HPOS="2288" CONTENT=""/>
               </TextLine>
               <TextLine ID="r1l24"
                         BASELINE="1563"
                         HEIGHT="59"
                         WIDTH="1779"
                         VPOS="1504"
                         HPOS="546">
                  <String HEIGHT="59"
                          WIDTH="120"
                          VPOS="1504"
                          HPOS="529"
                          CONTENT="bus"/>
                  <SP HEIGHT="59" WIDTH="17" VPOS="1504" HPOS="649"/>
                  <String HEIGHT="59"
                          WIDTH="137"
                          VPOS="1504"
                          HPOS="597"
                          CONTENT="post"/>
                  <SP HEIGHT="59" WIDTH="17" VPOS="1504" HPOS="734"/>
                  <String HEIGHT="59"
                          WIDTH="154"
                          VPOS="1504"
                          HPOS="683"
                          CONTENT="pauca"/>
                  <SP HEIGHT="59" WIDTH="17" VPOS="1504" HPOS="837"/>
                  <String HEIGHT="59"
                          WIDTH="222"
                          VPOS="1504"
                          HPOS="785"
                          CONTENT="sequitur."/>
                  <SP HEIGHT="59" WIDTH="17" VPOS="1504" HPOS="1008"/>
                  <String HEIGHT="59"
                          WIDTH="120"
                          VPOS="1504"
                          HPOS="957"
                          CONTENT="Sed"/>
                  <SP HEIGHT="59" WIDTH="17" VPOS="1504" HPOS="1076"/>
                  <String HEIGHT="59"
                          WIDTH="154"
                          VPOS="1504"
                          HPOS="1025"
                          CONTENT="plane"/>
                  <SP HEIGHT="59" WIDTH="17" VPOS="1504" HPOS="1179"/>
                  <String HEIGHT="59"
                          WIDTH="103"
                          VPOS="1504"
                          HPOS="1128"
                          CONTENT="vt"/>
                  <SP HEIGHT="59" WIDTH="17" VPOS="1504" HPOS="1230"/>
                  <String HEIGHT="59"
                          WIDTH="137"
                          VPOS="1504"
                          HPOS="1179"
                          CONTENT="hanc"/>
                  <SP HEIGHT="59" WIDTH="17" VPOS="1504" HPOS="1316"/>
                  <String HEIGHT="59"
                          WIDTH="154"
                          VPOS="1504"
                          HPOS="1264"
                          CONTENT="curam"/>
                  <SP HEIGHT="59" WIDTH="17" VPOS="1504" HPOS="1418"/>
                  <String HEIGHT="59"
                          WIDTH="239"
                          VPOS="1504"
                          HPOS="1367"
                          CONTENT="suscipiant"/>
                  <SP HEIGHT="59" WIDTH="17" VPOS="1504" HPOS="1607"/>
                  <String HEIGHT="59"
                          WIDTH="103"
                          VPOS="1504"
                          HPOS="1555"
                          CONTENT="vi"/>
                  <SP HEIGHT="59" WIDTH="17" VPOS="1504" HPOS="1658"/>
                  <String HEIGHT="59"
                          WIDTH="222"
                          VPOS="1504"
                          HPOS="1607"
                          CONTENT="coguntur."/>
                  <SP HEIGHT="59" WIDTH="17" VPOS="1504" HPOS="1829"/>
                  <String HEIGHT="59"
                          WIDTH="103"
                          VPOS="1504"
                          HPOS="1778"
                          CONTENT="Si"/>
                  <SP HEIGHT="59" WIDTH="17" VPOS="1504" HPOS="1880"/>
                  <String HEIGHT="59"
                          WIDTH="188"
                          VPOS="1504"
                          HPOS="1829"
                          CONTENT="secundo"/>
                  <SP HEIGHT="59" WIDTH="17" VPOS="1504" HPOS="2017"/>
                  <String HEIGHT="59"
                          WIDTH="154"
                          VPOS="1504"
                          HPOS="1966"
                          CONTENT="modo:"/>
                  <SP HEIGHT="59" WIDTH="17" VPOS="1504" HPOS="2120"/>
                  <String HEIGHT="59"
                          WIDTH="137"
                          VPOS="1504"
                          HPOS="2068"
                          CONTENT="dico"/>
                  <SP HEIGHT="59" WIDTH="17" VPOS="1504" HPOS="2205"/>
                  <String HEIGHT="59"
                          WIDTH="137"
                          VPOS="1504"
                          HPOS="2154"
                          CONTENT="quod"/>
                  <SP HEIGHT="59" WIDTH="17" VPOS="1504" HPOS="2291"/>
                  <String HEIGHT="59"
                          WIDTH="103"
                          VPOS="1504"
                          HPOS="2222"
                          CONTENT="sim"
                          SUBS_TYPE="HypPart1"
                          SUBS_CONTENT="simpliciter"/>
                  <HYP CONTENT="-"/>
               </TextLine>
               <TextLine ID="r1l25"
                         BASELINE="1623"
                         HEIGHT="62"
                         WIDTH="1783"
                         VPOS="1561"
                         HPOS="546">
                  <String HEIGHT="62"
                          WIDTH="202"
                          VPOS="1561"
                          HPOS="529"
                          CONTENT="pliciter"
                          SUBS_TYPE="HypPart2"
                          SUBS_CONTENT="simpliciter"/>
                  <SP HEIGHT="62" WIDTH="17" VPOS="1561" HPOS="731"/>
                  <String HEIGHT="62"
                          WIDTH="151"
                          VPOS="1561"
                          HPOS="681"
                          CONTENT="actio"/>
                  <SP HEIGHT="62" WIDTH="17" VPOS="1561" HPOS="832"/>
                  <String HEIGHT="62"
                          WIDTH="235"
                          VPOS="1561"
                          HPOS="781"
                          CONTENT="praecellit"/>
                  <SP HEIGHT="62" WIDTH="17" VPOS="1561" HPOS="1017"/>
                  <String HEIGHT="62" WIDTH="101" VPOS="1561" HPOS="967" CONTENT="in"/>
                  <SP HEIGHT="62" WIDTH="17" VPOS="1561" HPOS="1067"/>
                  <String HEIGHT="62"
                          WIDTH="135"
                          VPOS="1561"
                          HPOS="1017"
                          CONTENT="tali"/>
                  <SP HEIGHT="62" WIDTH="17" VPOS="1561" HPOS="1152"/>
                  <String HEIGHT="62"
                          WIDTH="118"
                          VPOS="1561"
                          HPOS="1101"
                          CONTENT="quo"/>
                  <SP HEIGHT="62" WIDTH="17" VPOS="1561" HPOS="1219"/>
                  <String HEIGHT="62"
                          WIDTH="101"
                          VPOS="1561"
                          HPOS="1168"
                          CONTENT="ad"/>
                  <SP HEIGHT="62" WIDTH="17" VPOS="1561" HPOS="1269"/>
                  <String HEIGHT="62"
                          WIDTH="135"
                          VPOS="1561"
                          HPOS="1219"
                          CONTENT="vsum"/>
                  <SP HEIGHT="62" WIDTH="17" VPOS="1561" HPOS="1353"/>
                  <String HEIGHT="62"
                          WIDTH="151"
                          VPOS="1561"
                          HPOS="1303"
                          CONTENT="eius,"/>
                  <SP HEIGHT="62" WIDTH="17" VPOS="1561" HPOS="1454"/>
                  <String HEIGHT="62" WIDTH="84" VPOS="1561" HPOS="1404" CONTENT="&amp;"/>
                  <SP HEIGHT="62" WIDTH="17" VPOS="1561" HPOS="1488"/>
                  <String HEIGHT="62"
                          WIDTH="168"
                          VPOS="1561"
                          HPOS="1438"
                          CONTENT="melior"/>
                  <SP HEIGHT="62" WIDTH="17" VPOS="1561" HPOS="1606"/>
                  <String HEIGHT="62"
                          WIDTH="118"
                          VPOS="1561"
                          HPOS="1555"
                          CONTENT="est"/>
                  <SP HEIGHT="62" WIDTH="17" VPOS="1561" HPOS="1673"/>
                  <String HEIGHT="62"
                          WIDTH="135"
                          VPOS="1561"
                          HPOS="1623"
                          CONTENT="quam"/>
                  <SP HEIGHT="62" WIDTH="17" VPOS="1561" HPOS="1757"/>
                  <String HEIGHT="62"
                          WIDTH="286"
                          VPOS="1561"
                          HPOS="1707"
                          CONTENT="contemplatio:"/>
                  <SP HEIGHT="62" WIDTH="17" VPOS="1561" HPOS="1993"/>
                  <String HEIGHT="62" WIDTH="84" VPOS="1561" HPOS="1942" CONTENT="&amp;"/>
                  <SP HEIGHT="62" WIDTH="17" VPOS="1561" HPOS="2026"/>
                  <String HEIGHT="62"
                          WIDTH="118"
                          VPOS="1561"
                          HPOS="1976"
                          CONTENT="hoc"/>
                  <SP HEIGHT="62" WIDTH="17" VPOS="1561" HPOS="2094"/>
                  <String HEIGHT="62"
                          WIDTH="135"
                          VPOS="1561"
                          HPOS="2043"
                          CONTENT="siue"/>
                  <SP HEIGHT="62" WIDTH="17" VPOS="1561" HPOS="2178"/>
                  <String HEIGHT="62"
                          WIDTH="101"
                          VPOS="1561"
                          HPOS="2127"
                          CONTENT="ad"/>
                  <SP HEIGHT="62" WIDTH="17" VPOS="1561" HPOS="2228"/>
                  <String HEIGHT="62"
                          WIDTH="168"
                          VPOS="1561"
                          HPOS="2161"
                          CONTENT="actionem"/>
               </TextLine>
               <TextLine ID="r1l26"
                         BASELINE="1674"
                         HEIGHT="58"
                         WIDTH="1778"
                         VPOS="1616"
                         HPOS="547">
                  <String HEIGHT="58"
                          WIDTH="194"
                          VPOS="1616"
                          HPOS="529"
                          CONTENT="coactus"/>
                  <SP HEIGHT="58" WIDTH="18" VPOS="1616" HPOS="723"/>
                  <String HEIGHT="58"
                          WIDTH="176"
                          VPOS="1616"
                          HPOS="670"
                          CONTENT="fuerit"/>
                  <SP HEIGHT="58" WIDTH="18" VPOS="1616" HPOS="846"/>
                  <String HEIGHT="58" WIDTH="106" VPOS="1616" HPOS="793" CONTENT="ab"/>
                  <SP HEIGHT="58" WIDTH="18" VPOS="1616" HPOS="899"/>
                  <String HEIGHT="58"
                          WIDTH="194"
                          VPOS="1616"
                          HPOS="846"
                          CONTENT="homine,"/>
                  <SP HEIGHT="58" WIDTH="18" VPOS="1616" HPOS="1040"/>
                  <String HEIGHT="58"
                          WIDTH="141"
                          VPOS="1616"
                          HPOS="987"
                          CONTENT="siue"/>
                  <SP HEIGHT="58" WIDTH="18" VPOS="1616" HPOS="1128"/>
                  <String HEIGHT="58"
                          WIDTH="106"
                          VPOS="1616"
                          HPOS="1075"
                          CONTENT="ex"/>
                  <SP HEIGHT="58" WIDTH="18" VPOS="1616" HPOS="1181"/>
                  <String HEIGHT="58"
                          WIDTH="229"
                          VPOS="1616"
                          HPOS="1128"
                          CONTENT="charitate"/>
                  <SP HEIGHT="58" WIDTH="18" VPOS="1616" HPOS="1357"/>
                  <String HEIGHT="58"
                          WIDTH="194"
                          VPOS="1616"
                          HPOS="1304"
                          CONTENT="propter"/>
                  <SP HEIGHT="58" WIDTH="18" VPOS="1616" HPOS="1498"/>
                  <String HEIGHT="58"
                          WIDTH="282"
                          VPOS="1616"
                          HPOS="1445"
                          CONTENT="necessitatem"/>
                  <SP HEIGHT="58" WIDTH="18" VPOS="1616" HPOS="1726"/>
                  <String HEIGHT="58" WIDTH="88" VPOS="1616" HPOS="1674" CONTENT="&amp;"/>
                  <SP HEIGHT="58" WIDTH="18" VPOS="1616" HPOS="1762"/>
                  <String HEIGHT="58"
                          WIDTH="264"
                          VPOS="1616"
                          HPOS="1709"
                          CONTENT="indigentiam"/>
                  <SP HEIGHT="58" WIDTH="18" VPOS="1616" HPOS="1973"/>
                  <String HEIGHT="58"
                          WIDTH="141"
                          VPOS="1616"
                          HPOS="1920"
                          CONTENT="quam"/>
                  <SP HEIGHT="58" WIDTH="18" VPOS="1616" HPOS="2061"/>
                  <String HEIGHT="58"
                          WIDTH="158"
                          VPOS="1616"
                          HPOS="2008"
                          CONTENT="videt"/>
                  <SP HEIGHT="58" WIDTH="18" VPOS="1616" HPOS="2167"/>
                  <String HEIGHT="58"
                          WIDTH="158"
                          VPOS="1616"
                          HPOS="2114"
                          CONTENT="circa"/>
                  <SP HEIGHT="58" WIDTH="18" VPOS="1616" HPOS="2272"/>
                  <String HEIGHT="58"
                          WIDTH="123"
                          VPOS="1616"
                          HPOS="2202"
                          CONTENT="popu"
                          SUBS_TYPE="HypPart1"
                          SUBS_CONTENT="populum:"/>
                  <HYP CONTENT="-"/>
               </TextLine>
               <TextLine ID="r1l27"
                         BASELINE="1725"
                         HEIGHT="66"
                         WIDTH="1783"
                         VPOS="1659"
                         HPOS="541">
                  <String HEIGHT="66"
                          WIDTH="135"
                          VPOS="1659"
                          HPOS="524"
                          CONTENT="lum:"
                          SUBS_TYPE="HypPart2"
                          SUBS_CONTENT="populum:"/>
                  <SP HEIGHT="66" WIDTH="17" VPOS="1659" HPOS="659"/>
                  <String HEIGHT="66" WIDTH="101" VPOS="1659" HPOS="608" CONTENT="vt"/>
                  <SP HEIGHT="66" WIDTH="17" VPOS="1659" HPOS="709"/>
                  <String HEIGHT="66"
                          WIDTH="168"
                          VPOS="1659"
                          HPOS="659"
                          CONTENT="possit"/>
                  <SP HEIGHT="66" WIDTH="17" VPOS="1659" HPOS="827"/>
                  <String HEIGHT="66"
                          WIDTH="168"
                          VPOS="1659"
                          HPOS="776"
                          CONTENT="dicere"/>
                  <SP HEIGHT="66" WIDTH="17" VPOS="1659" HPOS="945"/>
                  <String HEIGHT="66"
                          WIDTH="118"
                          VPOS="1659"
                          HPOS="894"
                          CONTENT="cum"/>
                  <SP HEIGHT="66" WIDTH="17" VPOS="1659" HPOS="1012"/>
                  <String HEIGHT="66"
                          WIDTH="202"
                          VPOS="1659"
                          HPOS="962"
                          CONTENT="apostolo"/>
                  <SP HEIGHT="66" WIDTH="17" VPOS="1659" HPOS="1163"/>
                  <String HEIGHT="66"
                          WIDTH="168"
                          VPOS="1659"
                          HPOS="1113"
                          CONTENT="illud."/>
                  <SP HEIGHT="66" WIDTH="17" VPOS="1659" HPOS="1281"/>
                  <String HEIGHT="66"
                          WIDTH="118"
                          VPOS="1659"
                          HPOS="1231"
                          CONTENT="ii."/>
                  <SP HEIGHT="66" WIDTH="17" VPOS="1659" HPOS="1348"/>
                  <String HEIGHT="66"
                          WIDTH="202"
                          VPOS="1659"
                          HPOS="1298"
                          CONTENT="Corinth."/>
                  <SP HEIGHT="66" WIDTH="17" VPOS="1659" HPOS="1500"/>
                  <String HEIGHT="66"
                          WIDTH="101"
                          VPOS="1659"
                          HPOS="1449"
                          CONTENT="x."/>
                  <SP HEIGHT="66" WIDTH="17" VPOS="1659" HPOS="1550"/>
                  <String HEIGHT="66"
                          WIDTH="202"
                          VPOS="1659"
                          HPOS="1500"
                          CONTENT="Charitas"/>
                  <SP HEIGHT="66" WIDTH="17" VPOS="1659" HPOS="1702"/>
                  <String HEIGHT="66"
                          WIDTH="185"
                          VPOS="1659"
                          HPOS="1651"
                          CONTENT="Christi"/>
                  <SP HEIGHT="66" WIDTH="17" VPOS="1659" HPOS="1836"/>
                  <String HEIGHT="66"
                          WIDTH="151"
                          VPOS="1659"
                          HPOS="1786"
                          CONTENT="vrget"/>
                  <SP HEIGHT="66" WIDTH="17" VPOS="1659" HPOS="1937"/>
                  <String HEIGHT="66"
                          WIDTH="135"
                          VPOS="1659"
                          HPOS="1887"
                          CONTENT="nos."/>
                  <SP HEIGHT="66" WIDTH="17" VPOS="1659" HPOS="2021"/>
                  <String HEIGHT="66"
                          WIDTH="185"
                          VPOS="1659"
                          HPOS="1971"
                          CONTENT="Talibus"/>
                  <SP HEIGHT="66" WIDTH="17" VPOS="1659" HPOS="2156"/>
                  <String HEIGHT="66"
                          WIDTH="135"
                          VPOS="1659"
                          HPOS="2105"
                          CONTENT="enim"/>
                  <SP HEIGHT="66" WIDTH="17" VPOS="1659" HPOS="2240"/>
                  <String HEIGHT="66"
                          WIDTH="151"
                          VPOS="1659"
                          HPOS="2173"
                          CONTENT="vtilior"/>
               </TextLine>
               <TextLine ID="r1l28"
                         BASELINE="1791"
                         HEIGHT="74"
                         WIDTH="1774"
                         VPOS="1717"
                         HPOS="549">
                  <String HEIGHT="74"
                          WIDTH="125"
                          VPOS="1717"
                          HPOS="531"
                          CONTENT="est"/>
                  <SP HEIGHT="74" WIDTH="18" VPOS="1717" HPOS="657"/>
                  <String HEIGHT="74"
                          WIDTH="179"
                          VPOS="1717"
                          HPOS="603"
                          CONTENT="actiua"/>
                  <SP HEIGHT="74" WIDTH="18" VPOS="1717" HPOS="782"/>
                  <String HEIGHT="74"
                          WIDTH="125"
                          VPOS="1717"
                          HPOS="728"
                          CONTENT="sic"/>
                  <SP HEIGHT="74" WIDTH="18" VPOS="1717" HPOS="854"/>
                  <String HEIGHT="74"
                          WIDTH="215"
                          VPOS="1717"
                          HPOS="800"
                          CONTENT="assumpta"/>
                  <SP HEIGHT="74" WIDTH="18" VPOS="1717" HPOS="1015"/>
                  <String HEIGHT="74" WIDTH="90" VPOS="1717" HPOS="961" CONTENT="&amp;"/>
                  <SP HEIGHT="74" WIDTH="18" VPOS="1717" HPOS="1051"/>
                  <String HEIGHT="74"
                          WIDTH="161"
                          VPOS="1717"
                          HPOS="997"
                          CONTENT="magis"/>
                  <SP HEIGHT="74" WIDTH="18" VPOS="1717" HPOS="1158"/>
                  <String HEIGHT="74"
                          WIDTH="233"
                          VPOS="1717"
                          HPOS="1104"
                          CONTENT="meritoria"/>
                  <SP HEIGHT="74" WIDTH="18" VPOS="1717" HPOS="1337"/>
                  <String HEIGHT="74"
                          WIDTH="143"
                          VPOS="1717"
                          HPOS="1284"
                          CONTENT="quam"/>
                  <SP HEIGHT="74" WIDTH="18" VPOS="1717" HPOS="1427"/>
                  <String HEIGHT="74"
                          WIDTH="323"
                          VPOS="1717"
                          HPOS="1373"
                          CONTENT="contemplatiua."/>
                  <SP HEIGHT="74" WIDTH="18" VPOS="1717" HPOS="1696"/>
                  <String HEIGHT="74"
                          WIDTH="161"
                          VPOS="1717"
                          HPOS="1642"
                          CONTENT="Primo"/>
                  <SP HEIGHT="74" WIDTH="18" VPOS="1717" HPOS="1803"/>
                  <String HEIGHT="74"
                          WIDTH="197"
                          VPOS="1717"
                          HPOS="1750"
                          CONTENT="propter"/>
                  <SP HEIGHT="74" WIDTH="18" VPOS="1717" HPOS="1947"/>
                  <String HEIGHT="74"
                          WIDTH="161"
                          VPOS="1717"
                          HPOS="1893"
                          CONTENT="fugam"/>
                  <SP HEIGHT="74" WIDTH="18" VPOS="1717" HPOS="2054"/>
                  <String HEIGHT="74"
                          WIDTH="161"
                          VPOS="1717"
                          HPOS="2000"
                          CONTENT="mali:"/>
                  <SP HEIGHT="74" WIDTH="18" VPOS="1717" HPOS="2162"/>
                  <String HEIGHT="74"
                          WIDTH="197"
                          VPOS="1717"
                          HPOS="2108"
                          CONTENT="dicente"/>
                  <SP HEIGHT="74" WIDTH="18" VPOS="1717" HPOS="2305"/>
                  <String HEIGHT="74"
                          WIDTH="90"
                          VPOS="1717"
                          HPOS="2233"
                          CONTENT="Gre"/>
               </TextLine>
               <TextLine ID="r1l29"
                         BASELINE="1832"
                         HEIGHT="59"
                         WIDTH="1772"
                         VPOS="1773"
                         HPOS="546">
                  <String HEIGHT="59"
                          WIDTH="120"
                          VPOS="1773"
                          HPOS="529"
                          CONTENT="go."/>
                  <SP HEIGHT="59" WIDTH="17" VPOS="1773" HPOS="649"/>
                  <String HEIGHT="59" WIDTH="103" VPOS="1773" HPOS="598" CONTENT="i."/>
                  <SP HEIGHT="59" WIDTH="17" VPOS="1773" HPOS="701"/>
                  <String HEIGHT="59"
                          WIDTH="172"
                          VPOS="1773"
                          HPOS="649"
                          CONTENT="pasto."/>
                  <SP HEIGHT="59" WIDTH="17" VPOS="1773" HPOS="821"/>
                  <String HEIGHT="59"
                          WIDTH="138"
                          VPOS="1773"
                          HPOS="770"
                          CONTENT="cap."/>
                  <SP HEIGHT="59" WIDTH="17" VPOS="1773" HPOS="907"/>
                  <String HEIGHT="59"
                          WIDTH="120"
                          VPOS="1773"
                          HPOS="856"
                          CONTENT="vi."/>
                  <SP HEIGHT="59" WIDTH="17" VPOS="1773" HPOS="976"/>
                  <String HEIGHT="59"
                          WIDTH="138"
                          VPOS="1773"
                          HPOS="924"
                          CONTENT="Sunt"/>
                  <SP HEIGHT="59" WIDTH="17" VPOS="1773" HPOS="1062"/>
                  <String HEIGHT="59"
                          WIDTH="120"
                          VPOS="1773"
                          HPOS="1011"
                          CONTENT="non"/>
                  <SP HEIGHT="59" WIDTH="17" VPOS="1773" HPOS="1131"/>
                  <String HEIGHT="59"
                          WIDTH="155"
                          VPOS="1773"
                          HPOS="1079"
                          CONTENT="nulli"/>
                  <SP HEIGHT="59" WIDTH="17" VPOS="1773" HPOS="1234"/>
                  <String HEIGHT="59"
                          WIDTH="120"
                          VPOS="1773"
                          HPOS="1183"
                          CONTENT="qui"/>
                  <SP HEIGHT="59" WIDTH="17" VPOS="1773" HPOS="1303"/>
                  <String HEIGHT="59"
                          WIDTH="172"
                          VPOS="1773"
                          HPOS="1251"
                          CONTENT="eximia"/>
                  <SP HEIGHT="59" WIDTH="17" VPOS="1773" HPOS="1423"/>
                  <String HEIGHT="59"
                          WIDTH="138"
                          VPOS="1773"
                          HPOS="1372"
                          CONTENT="dona"/>
                  <SP HEIGHT="59" WIDTH="17" VPOS="1773" HPOS="1509"/>
                  <String HEIGHT="59"
                          WIDTH="241"
                          VPOS="1773"
                          HPOS="1458"
                          CONTENT="percipiunt"/>
                  <SP HEIGHT="59" WIDTH="17" VPOS="1773" HPOS="1699"/>
                  <String HEIGHT="59"
                          WIDTH="155"
                          VPOS="1773"
                          HPOS="1647"
                          CONTENT="atque"/>
                  <SP HEIGHT="59" WIDTH="17" VPOS="1773" HPOS="1802"/>
                  <String HEIGHT="59"
                          WIDTH="120"
                          VPOS="1773"
                          HPOS="1750"
                          CONTENT="pro"/>
                  <SP HEIGHT="59" WIDTH="17" VPOS="1773" HPOS="1871"/>
                  <String HEIGHT="59"
                          WIDTH="292"
                          VPOS="1773"
                          HPOS="1819"
                          CONTENT="exercitatione"/>
                  <SP HEIGHT="59" WIDTH="17" VPOS="1773" HPOS="2112"/>
                  <String HEIGHT="59"
                          WIDTH="172"
                          VPOS="1773"
                          HPOS="2060"
                          CONTENT="magnis"/>
                  <SP HEIGHT="59" WIDTH="17" VPOS="1773" HPOS="2232"/>
                  <String HEIGHT="59"
                          WIDTH="155"
                          VPOS="1773"
                          HPOS="2163"
                          CONTENT="muneri"
                          SUBS_TYPE="HypPart1"
                          SUBS_CONTENT="muneribus"/>
                  <HYP CONTENT="-"/>
               </TextLine>
               <TextLine ID="r1l30"
                         BASELINE="1896"
                         HEIGHT="66"
                         WIDTH="1772"
                         VPOS="1830"
                         HPOS="549">
                  <String HEIGHT="66"
                          WIDTH="120"
                          VPOS="1830"
                          HPOS="532"
                          CONTENT="bus"
                          SUBS_TYPE="HypPart2"
                          SUBS_CONTENT="muneribus"/>
                  <SP HEIGHT="66" WIDTH="17" VPOS="1830" HPOS="652"/>
                  <String HEIGHT="66"
                          WIDTH="258"
                          VPOS="1830"
                          HPOS="601"
                          CONTENT="exaltantur."/>
                  <SP HEIGHT="66" WIDTH="17" VPOS="1830" HPOS="859"/>
                  <String HEIGHT="66" WIDTH="86" VPOS="1830" HPOS="807" CONTENT="&amp;"/>
                  <SP HEIGHT="66" WIDTH="17" VPOS="1830" HPOS="893"/>
                  <String HEIGHT="66"
                          WIDTH="172"
                          VPOS="1830"
                          HPOS="841"
                          CONTENT="infra."/>
                  <SP HEIGHT="66" WIDTH="17" VPOS="1830" HPOS="1014"/>
                  <String HEIGHT="66"
                          WIDTH="120"
                          VPOS="1830"
                          HPOS="962"
                          CONTENT="Qui"/>
                  <SP HEIGHT="66" WIDTH="17" VPOS="1830" HPOS="1082"/>
                  <String HEIGHT="66"
                          WIDTH="189"
                          VPOS="1830"
                          HPOS="1031"
                          CONTENT="nimirum"/>
                  <SP HEIGHT="66" WIDTH="17" VPOS="1830" HPOS="1220"/>
                  <String HEIGHT="66"
                          WIDTH="172"
                          VPOS="1830"
                          HPOS="1168"
                          CONTENT="culmen"/>
                  <SP HEIGHT="66" WIDTH="17" VPOS="1830" HPOS="1340"/>
                  <String HEIGHT="66"
                          WIDTH="224"
                          VPOS="1830"
                          HPOS="1289"
                          CONTENT="regiminis"/>
                  <SP HEIGHT="66" WIDTH="17" VPOS="1830" HPOS="1512"/>
                  <String HEIGHT="66"
                          WIDTH="103"
                          VPOS="1830"
                          HPOS="1461"
                          CONTENT="si"/>
                  <SP HEIGHT="66" WIDTH="17" VPOS="1830" HPOS="1564"/>
                  <String HEIGHT="66"
                          WIDTH="172"
                          VPOS="1830"
                          HPOS="1512"
                          CONTENT="vocati"/>
                  <SP HEIGHT="66" WIDTH="17" VPOS="1830" HPOS="1684"/>
                  <String HEIGHT="66"
                          WIDTH="206"
                          VPOS="1830"
                          HPOS="1633"
                          CONTENT="recipere"/>
                  <SP HEIGHT="66" WIDTH="17" VPOS="1830" HPOS="1839"/>
                  <String HEIGHT="66"
                          WIDTH="206"
                          VPOS="1830"
                          HPOS="1788"
                          CONTENT="renuunt:"/>
                  <SP HEIGHT="66" WIDTH="17" VPOS="1830" HPOS="1994"/>
                  <String HEIGHT="66"
                          WIDTH="138"
                          VPOS="1830"
                          HPOS="1943"
                          CONTENT="ipsi"/>
                  <SP HEIGHT="66" WIDTH="17" VPOS="1830" HPOS="2080"/>
                  <String HEIGHT="66"
                          WIDTH="138"
                          VPOS="1830"
                          HPOS="2029"
                          CONTENT="sibi"/>
                  <SP HEIGHT="66" WIDTH="17" VPOS="1830" HPOS="2166"/>
                  <String HEIGHT="66"
                          WIDTH="241"
                          VPOS="1830"
                          HPOS="2115"
                          CONTENT="plaerunque"/>
                  <SP HEIGHT="66" WIDTH="17" VPOS="1830" HPOS="2355"/>
                  <String HEIGHT="66" WIDTH="34" VPOS="1830" HPOS="2287" CONTENT=""/>
               </TextLine>
               <TextLine ID="r1l31"
                         BASELINE="1946"
                         HEIGHT="63"
                         WIDTH="1775"
                         VPOS="1883"
                         HPOS="548">
                  <String HEIGHT="63"
                          WIDTH="143"
                          VPOS="1883"
                          HPOS="530"
                          CONTENT="dona"/>
                  <SP HEIGHT="63" WIDTH="18" VPOS="1883" HPOS="674"/>
                  <String HEIGHT="63"
                          WIDTH="215"
                          VPOS="1883"
                          HPOS="620"
                          CONTENT="adimunt:"/>
                  <SP HEIGHT="63" WIDTH="18" VPOS="1883" HPOS="835"/>
                  <String HEIGHT="63"
                          WIDTH="143"
                          VPOS="1883"
                          HPOS="781"
                          CONTENT="quae"/>
                  <SP HEIGHT="63" WIDTH="18" VPOS="1883" HPOS="925"/>
                  <String HEIGHT="63"
                          WIDTH="126"
                          VPOS="1883"
                          HPOS="871"
                          CONTENT="non"/>
                  <SP HEIGHT="63" WIDTH="18" VPOS="1883" HPOS="996"/>
                  <String HEIGHT="63"
                          WIDTH="126"
                          VPOS="1883"
                          HPOS="942"
                          CONTENT="pro"/>
                  <SP HEIGHT="63" WIDTH="18" VPOS="1883" HPOS="1068"/>
                  <String HEIGHT="63"
                          WIDTH="108"
                          VPOS="1883"
                          HPOS="1014"
                          CONTENT="se"/>
                  <SP HEIGHT="63" WIDTH="18" VPOS="1883" HPOS="1122"/>
                  <String HEIGHT="63"
                          WIDTH="269"
                          VPOS="1883"
                          HPOS="1068"
                          CONTENT="tantummodo:"/>
                  <SP HEIGHT="63" WIDTH="18" VPOS="1883" HPOS="1337"/>
                  <String HEIGHT="63"
                          WIDTH="126"
                          VPOS="1883"
                          HPOS="1283"
                          CONTENT="sed"/>
                  <SP HEIGHT="63" WIDTH="18" VPOS="1883" HPOS="1409"/>
                  <String HEIGHT="63"
                          WIDTH="161"
                          VPOS="1883"
                          HPOS="1355"
                          CONTENT="etiam"/>
                  <SP HEIGHT="63" WIDTH="18" VPOS="1883" HPOS="1516"/>
                  <String HEIGHT="63"
                          WIDTH="126"
                          VPOS="1883"
                          HPOS="1462"
                          CONTENT="pro"/>
                  <SP HEIGHT="63" WIDTH="18" VPOS="1883" HPOS="1588"/>
                  <String HEIGHT="63"
                          WIDTH="161"
                          VPOS="1883"
                          HPOS="1534"
                          CONTENT="aliis"/>
                  <SP HEIGHT="63" WIDTH="18" VPOS="1883" HPOS="1695"/>
                  <String HEIGHT="63"
                          WIDTH="269"
                          VPOS="1883"
                          HPOS="1642"
                          CONTENT="acceperunt:"/>
                  <SP HEIGHT="63" WIDTH="18" VPOS="1883" HPOS="1911"/>
                  <String HEIGHT="63"
                          WIDTH="179"
                          VPOS="1883"
                          HPOS="1857"
                          CONTENT="cumque"/>
                  <SP HEIGHT="63" WIDTH="18" VPOS="1883" HPOS="2036"/>
                  <String HEIGHT="63"
                          WIDTH="126"
                          VPOS="1883"
                          HPOS="1982"
                          CONTENT="sua"/>
                  <SP HEIGHT="63" WIDTH="18" VPOS="1883" HPOS="2108"/>
                  <String HEIGHT="63" WIDTH="90" VPOS="1883" HPOS="2054" CONTENT="&amp;"/>
                  <SP HEIGHT="63" WIDTH="18" VPOS="1883" HPOS="2144"/>
                  <String HEIGHT="63"
                          WIDTH="126"
                          VPOS="1883"
                          HPOS="2090"
                          CONTENT="non"/>
                  <SP HEIGHT="63" WIDTH="18" VPOS="1883" HPOS="2215"/>
                  <String HEIGHT="63"
                          WIDTH="197"
                          VPOS="1883"
                          HPOS="2162"
                          CONTENT="aliorum"/>
                  <SP HEIGHT="63" WIDTH="18" VPOS="1883" HPOS="2359"/>
                  <String HEIGHT="63" WIDTH="36" VPOS="1883" HPOS="2287" CONTENT=""/>
               </TextLine>
               <TextLine ID="r1l32"
                         BASELINE="1996"
                         HEIGHT="66"
                         WIDTH="1772"
                         VPOS="1930"
                         HPOS="548">
                  <String HEIGHT="66"
                          WIDTH="153"
                          VPOS="1930"
                          HPOS="531"
                          CONTENT="lucra"/>
                  <SP HEIGHT="66" WIDTH="17" VPOS="1930" HPOS="684"/>
                  <String HEIGHT="66"
                          WIDTH="222"
                          VPOS="1930"
                          HPOS="633"
                          CONTENT="cogitant:"/>
                  <SP HEIGHT="66" WIDTH="17" VPOS="1930" HPOS="855"/>
                  <String HEIGHT="66"
                          WIDTH="136"
                          VPOS="1930"
                          HPOS="804"
                          CONTENT="ipsi"/>
                  <SP HEIGHT="66" WIDTH="17" VPOS="1930" HPOS="940"/>
                  <String HEIGHT="66" WIDTH="102" VPOS="1930" HPOS="889" CONTENT="se"/>
                  <SP HEIGHT="66" WIDTH="17" VPOS="1930" HPOS="991"/>
                  <String HEIGHT="66"
                          WIDTH="136"
                          VPOS="1930"
                          HPOS="940"
                          CONTENT="quae"/>
                  <SP HEIGHT="66" WIDTH="17" VPOS="1930" HPOS="1076"/>
                  <String HEIGHT="66"
                          WIDTH="187"
                          VPOS="1930"
                          HPOS="1025"
                          CONTENT="priuata"/>
                  <SP HEIGHT="66" WIDTH="17" VPOS="1930" HPOS="1213"/>
                  <String HEIGHT="66"
                          WIDTH="170"
                          VPOS="1930"
                          HPOS="1161"
                          CONTENT="habere"/>
                  <SP HEIGHT="66" WIDTH="17" VPOS="1930" HPOS="1332"/>
                  <String HEIGHT="66"
                          WIDTH="222"
                          VPOS="1930"
                          HPOS="1281"
                          CONTENT="appetunt,"/>
                  <SP HEIGHT="66" WIDTH="17" VPOS="1930" HPOS="1502"/>
                  <String HEIGHT="66"
                          WIDTH="153"
                          VPOS="1930"
                          HPOS="1451"
                          CONTENT="bonis"/>
                  <SP HEIGHT="66" WIDTH="17" VPOS="1930" HPOS="1604"/>
                  <String HEIGHT="66"
                          WIDTH="204"
                          VPOS="1930"
                          HPOS="1553"
                          CONTENT="priuant."/>
                  <SP HEIGHT="66" WIDTH="17" VPOS="1930" HPOS="1758"/>
                  <String HEIGHT="66"
                          WIDTH="102"
                          VPOS="1930"
                          HPOS="1707"
                          CONTENT="Et"/>
                  <SP HEIGHT="66" WIDTH="17" VPOS="1930" HPOS="1809"/>
                  <String HEIGHT="66"
                          WIDTH="136"
                          VPOS="1930"
                          HPOS="1758"
                          CONTENT="cap."/>
                  <SP HEIGHT="66" WIDTH="17" VPOS="1930" HPOS="1894"/>
                  <String HEIGHT="66"
                          WIDTH="153"
                          VPOS="1930"
                          HPOS="1843"
                          CONTENT="viii."/>
                  <SP HEIGHT="66" WIDTH="17" VPOS="1930" HPOS="1996"/>
                  <String HEIGHT="66"
                          WIDTH="102"
                          VPOS="1930"
                          HPOS="1945"
                          CONTENT="Et"/>
                  <SP HEIGHT="66" WIDTH="17" VPOS="1930" HPOS="2047"/>
                  <String HEIGHT="66"
                          WIDTH="136"
                          VPOS="1930"
                          HPOS="1996"
                          CONTENT="sunt"/>
                  <SP HEIGHT="66" WIDTH="17" VPOS="1930" HPOS="2133"/>
                  <String HEIGHT="66"
                          WIDTH="204"
                          VPOS="1930"
                          HPOS="2081"
                          CONTENT="nonnulli"/>
                  <SP HEIGHT="66" WIDTH="17" VPOS="1930" HPOS="2286"/>
                  <String HEIGHT="66"
                          WIDTH="119"
                          VPOS="1930"
                          HPOS="2235"
                          CONTENT="qui"/>
                  <SP HEIGHT="66" WIDTH="17" VPOS="1930" HPOS="2354"/>
                  <String HEIGHT="66" WIDTH="34" VPOS="1930" HPOS="2286" CONTENT=""/>
               </TextLine>
               <TextLine ID="r1l33"
                         BASELINE="2051"
                         HEIGHT="64"
                         WIDTH="1777"
                         VPOS="1987"
                         HPOS="547">
                  <String HEIGHT="64" WIDTH="108" VPOS="1987" HPOS="529" CONTENT="ex"/>
                  <SP HEIGHT="64" WIDTH="18" VPOS="1987" HPOS="637"/>
                  <String HEIGHT="64"
                          WIDTH="251"
                          VPOS="1987"
                          HPOS="583"
                          CONTENT="humilitate"/>
                  <SP HEIGHT="64" WIDTH="18" VPOS="1987" HPOS="834"/>
                  <String HEIGHT="64"
                          WIDTH="233"
                          VPOS="1987"
                          HPOS="780"
                          CONTENT="refugiunt"/>
                  <SP HEIGHT="64" WIDTH="18" VPOS="1987" HPOS="1014"/>
                  <String HEIGHT="64" WIDTH="108" VPOS="1987" HPOS="960" CONTENT="ne"/>
                  <SP HEIGHT="64" WIDTH="18" VPOS="1987" HPOS="1068"/>
                  <String HEIGHT="64"
                          WIDTH="126"
                          VPOS="1987"
                          HPOS="1014"
                          CONTENT="eis"/>
                  <SP HEIGHT="64" WIDTH="18" VPOS="1987" HPOS="1139"/>
                  <String HEIGHT="64"
                          WIDTH="179"
                          VPOS="1987"
                          HPOS="1085"
                          CONTENT="quibus"/>
                  <SP HEIGHT="64" WIDTH="18" VPOS="1987" HPOS="1265"/>
                  <String HEIGHT="64"
                          WIDTH="108"
                          VPOS="1987"
                          HPOS="1211"
                          CONTENT="se"/>
                  <SP HEIGHT="64" WIDTH="18" VPOS="1987" HPOS="1319"/>
                  <String HEIGHT="64"
                          WIDTH="197"
                          VPOS="1987"
                          HPOS="1265"
                          CONTENT="impares"/>
                  <SP HEIGHT="64" WIDTH="18" VPOS="1987" HPOS="1462"/>
                  <String HEIGHT="64"
                          WIDTH="251"
                          VPOS="1987"
                          HPOS="1409"
                          CONTENT="existimant"/>
                  <SP HEIGHT="64" WIDTH="18" VPOS="1987" HPOS="1660"/>
                  <String HEIGHT="64"
                          WIDTH="305"
                          VPOS="1987"
                          HPOS="1606"
                          CONTENT="praeferantur:"/>
                  <SP HEIGHT="64" WIDTH="18" VPOS="1987" HPOS="1911"/>
                  <String HEIGHT="64"
                          WIDTH="179"
                          VPOS="1987"
                          HPOS="1857"
                          CONTENT="quorum"/>
                  <SP HEIGHT="64" WIDTH="18" VPOS="1987" HPOS="2037"/>
                  <String HEIGHT="64"
                          WIDTH="215"
                          VPOS="1987"
                          HPOS="1983"
                          CONTENT="profecto"/>
                  <SP HEIGHT="64" WIDTH="18" VPOS="1987" HPOS="2198"/>
                  <String HEIGHT="64"
                          WIDTH="197"
                          VPOS="1987"
                          HPOS="2127"
                          CONTENT="humilitas"/>
               </TextLine>
               <TextLine ID="r1l34"
                         BASELINE="2101"
                         HEIGHT="68"
                         WIDTH="1765"
                         VPOS="2033"
                         HPOS="549">
                  <String HEIGHT="68" WIDTH="100" VPOS="2033" HPOS="532" CONTENT="si"/>
                  <SP HEIGHT="68" WIDTH="17" VPOS="2033" HPOS="632"/>
                  <String HEIGHT="68"
                          WIDTH="200"
                          VPOS="2033"
                          HPOS="582"
                          CONTENT="caeteris"/>
                  <SP HEIGHT="68" WIDTH="17" VPOS="2033" HPOS="782"/>
                  <String HEIGHT="68"
                          WIDTH="233"
                          VPOS="2033"
                          HPOS="732"
                          CONTENT="virtutibus"/>
                  <SP HEIGHT="68" WIDTH="17" VPOS="2033" HPOS="965"/>
                  <String HEIGHT="68"
                          WIDTH="216"
                          VPOS="2033"
                          HPOS="915"
                          CONTENT="cingitur,"/>
                  <SP HEIGHT="68" WIDTH="17" VPOS="2033" HPOS="1132"/>
                  <String HEIGHT="68"
                          WIDTH="133"
                          VPOS="2033"
                          HPOS="1082"
                          CONTENT="tunc"/>
                  <SP HEIGHT="68" WIDTH="17" VPOS="2033" HPOS="1215"/>
                  <String HEIGHT="68"
                          WIDTH="133"
                          VPOS="2033"
                          HPOS="1165"
                          CONTENT="ante"/>
                  <SP HEIGHT="68" WIDTH="17" VPOS="2033" HPOS="1298"/>
                  <String HEIGHT="68"
                          WIDTH="167"
                          VPOS="2033"
                          HPOS="1248"
                          CONTENT="oculos"/>
                  <SP HEIGHT="68" WIDTH="17" VPOS="2033" HPOS="1415"/>
                  <String HEIGHT="68"
                          WIDTH="117"
                          VPOS="2033"
                          HPOS="1365"
                          CONTENT="dei"/>
                  <SP HEIGHT="68" WIDTH="17" VPOS="2033" HPOS="1481"/>
                  <String HEIGHT="68"
                          WIDTH="133"
                          VPOS="2033"
                          HPOS="1432"
                          CONTENT="vera"/>
                  <SP HEIGHT="68" WIDTH="17" VPOS="2033" HPOS="1565"/>
                  <String HEIGHT="68"
                          WIDTH="133"
                          VPOS="2033"
                          HPOS="1515"
                          CONTENT="est,"/>
                  <SP HEIGHT="68" WIDTH="17" VPOS="2033" HPOS="1648"/>
                  <String HEIGHT="68"
                          WIDTH="117"
                          VPOS="2033"
                          HPOS="1598"
                          CONTENT="cum"/>
                  <SP HEIGHT="68" WIDTH="17" VPOS="2033" HPOS="1715"/>
                  <String HEIGHT="68"
                          WIDTH="100"
                          VPOS="2033"
                          HPOS="1665"
                          CONTENT="ad"/>
                  <SP HEIGHT="68" WIDTH="17" VPOS="2033" HPOS="1765"/>
                  <String HEIGHT="68"
                          WIDTH="233"
                          VPOS="2033"
                          HPOS="1715"
                          CONTENT="respuendum"/>
                  <SP HEIGHT="68" WIDTH="17" VPOS="2033" HPOS="1948"/>
                  <String HEIGHT="68"
                          WIDTH="117"
                          VPOS="2033"
                          HPOS="1898"
                          CONTENT="hoc"/>
                  <SP HEIGHT="68" WIDTH="17" VPOS="2033" HPOS="2014"/>
                  <String HEIGHT="68"
                          WIDTH="133"
                          VPOS="2033"
                          HPOS="1964"
                          CONTENT="quod"/>
                  <SP HEIGHT="68" WIDTH="17" VPOS="2033" HPOS="2098"/>
                  <String HEIGHT="68"
                          WIDTH="200"
                          VPOS="2033"
                          HPOS="2048"
                          CONTENT="vtiliter"/>
                  <SP HEIGHT="68" WIDTH="17" VPOS="2033" HPOS="2247"/>
                  <String HEIGHT="68"
                          WIDTH="133"
                          VPOS="2033"
                          HPOS="2181"
                          CONTENT="subire"/>
               </TextLine>
               <TextLine ID="r1l35"
                         BASELINE="2155"
                         HEIGHT="60"
                         WIDTH="1772"
                         VPOS="2095"
                         HPOS="546">
                  <String HEIGHT="60"
                          WIDTH="227"
                          VPOS="2095"
                          HPOS="531"
                          CONTENT="praecipitur"/>
                  <SP HEIGHT="60" WIDTH="15" VPOS="2095" HPOS="758"/>
                  <String HEIGHT="60"
                          WIDTH="182"
                          VPOS="2095"
                          HPOS="713"
                          CONTENT="pertinax"/>
                  <SP HEIGHT="60" WIDTH="15" VPOS="2095" HPOS="894"/>
                  <String HEIGHT="60"
                          WIDTH="106"
                          VPOS="2095"
                          HPOS="849"
                          CONTENT="non"/>
                  <SP HEIGHT="60" WIDTH="15" VPOS="2095" HPOS="955"/>
                  <String HEIGHT="60"
                          WIDTH="121"
                          VPOS="2095"
                          HPOS="909"
                          CONTENT="est."/>
                  <SP HEIGHT="60" WIDTH="15" VPOS="2095" HPOS="1031"/>
                  <String HEIGHT="60"
                          WIDTH="136"
                          VPOS="2095"
                          HPOS="985"
                          CONTENT="Neque"/>
                  <SP HEIGHT="60" WIDTH="15" VPOS="2095" HPOS="1122"/>
                  <String HEIGHT="60"
                          WIDTH="121"
                          VPOS="2095"
                          HPOS="1076"
                          CONTENT="enim"/>
                  <SP HEIGHT="60" WIDTH="15" VPOS="2095" HPOS="1197"/>
                  <String HEIGHT="60"
                          WIDTH="121"
                          VPOS="2095"
                          HPOS="1152"
                          CONTENT="vere"/>
                  <SP HEIGHT="60" WIDTH="15" VPOS="2095" HPOS="1273"/>
                  <String HEIGHT="60"
                          WIDTH="106"
                          VPOS="2095"
                          HPOS="1228"
                          CONTENT="est"/>
                  <SP HEIGHT="60" WIDTH="15" VPOS="2095" HPOS="1334"/>
                  <String HEIGHT="60"
                          WIDTH="167"
                          VPOS="2095"
                          HPOS="1288"
                          CONTENT="humilis"/>
                  <SP HEIGHT="60" WIDTH="15" VPOS="2095" HPOS="1455"/>
                  <String HEIGHT="60"
                          WIDTH="106"
                          VPOS="2095"
                          HPOS="1409"
                          CONTENT="qui"/>
                  <SP HEIGHT="60" WIDTH="15" VPOS="2095" HPOS="1515"/>
                  <String HEIGHT="60"
                          WIDTH="167"
                          VPOS="2095"
                          HPOS="1470"
                          CONTENT="superni"/>
                  <SP HEIGHT="60" WIDTH="15" VPOS="2095" HPOS="1636"/>
                  <String HEIGHT="60"
                          WIDTH="136"
                          VPOS="2095"
                          HPOS="1591"
                          CONTENT="nutus"/>
                  <SP HEIGHT="60" WIDTH="15" VPOS="2095" HPOS="1727"/>
                  <String HEIGHT="60"
                          WIDTH="197"
                          VPOS="2095"
                          HPOS="1682"
                          CONTENT="arbitrium"/>
                  <SP HEIGHT="60" WIDTH="15" VPOS="2095" HPOS="1879"/>
                  <String HEIGHT="60"
                          WIDTH="182"
                          VPOS="2095"
                          HPOS="1833"
                          CONTENT="praeesse"/>
                  <SP HEIGHT="60" WIDTH="15" VPOS="2095" HPOS="2015"/>
                  <String HEIGHT="60" WIDTH="91" VPOS="2095" HPOS="1970" CONTENT="vt"/>
                  <SP HEIGHT="60" WIDTH="15" VPOS="2095" HPOS="2061"/>
                  <String HEIGHT="60"
                          WIDTH="136"
                          VPOS="2095"
                          HPOS="2015"
                          CONTENT="debet"/>
                  <SP HEIGHT="60" WIDTH="15" VPOS="2095" HPOS="2151"/>
                  <String HEIGHT="60"
                          WIDTH="227"
                          VPOS="2095"
                          HPOS="2106"
                          CONTENT="intelligit:"/>
                  <SP HEIGHT="60" WIDTH="15" VPOS="2095" HPOS="2333"/>
                  <String HEIGHT="60" WIDTH="45" VPOS="2095" HPOS="2273" CONTENT="&amp;"/>
               </TextLine>
               <TextLine ID="r1l36"
                         BASELINE="2207"
                         HEIGHT="56"
                         WIDTH="1783"
                         VPOS="2151"
                         HPOS="541">
                  <String HEIGHT="56"
                          WIDTH="157"
                          VPOS="2151"
                          HPOS="524"
                          CONTENT="tamen"/>
                  <SP HEIGHT="56" WIDTH="17" VPOS="2151" HPOS="681"/>
                  <String HEIGHT="56"
                          WIDTH="245"
                          VPOS="2151"
                          HPOS="628"
                          CONTENT="potestatem"/>
                  <SP HEIGHT="56" WIDTH="17" VPOS="2151" HPOS="873"/>
                  <String HEIGHT="56"
                          WIDTH="245"
                          VPOS="2151"
                          HPOS="821"
                          CONTENT="contemnit:"/>
                  <SP HEIGHT="56" WIDTH="17" VPOS="2151" HPOS="1065"/>
                  <String HEIGHT="56"
                          WIDTH="122"
                          VPOS="2151"
                          HPOS="1013"
                          CONTENT="sed"/>
                  <SP HEIGHT="56" WIDTH="17" VPOS="2151" HPOS="1135"/>
                  <String HEIGHT="56"
                          WIDTH="192"
                          VPOS="2151"
                          HPOS="1083"
                          CONTENT="diuinis"/>
                  <SP HEIGHT="56" WIDTH="17" VPOS="2151" HPOS="1275"/>
                  <String HEIGHT="56"
                          WIDTH="332"
                          VPOS="2151"
                          HPOS="1223"
                          CONTENT="dispositionibus"/>
                  <SP HEIGHT="56" WIDTH="17" VPOS="2151" HPOS="1555"/>
                  <String HEIGHT="56"
                          WIDTH="227"
                          VPOS="2151"
                          HPOS="1502"
                          CONTENT="subditus,"/>
                  <SP HEIGHT="56" WIDTH="17" VPOS="2151" HPOS="1730"/>
                  <String HEIGHT="56" WIDTH="87" VPOS="2151" HPOS="1677" CONTENT="&amp;"/>
                  <SP HEIGHT="56" WIDTH="17" VPOS="2151" HPOS="1765"/>
                  <String HEIGHT="56" WIDTH="87" VPOS="2151" HPOS="1712" CONTENT="a"/>
                  <SP HEIGHT="56" WIDTH="17" VPOS="2151" HPOS="1800"/>
                  <String HEIGHT="56"
                          WIDTH="157"
                          VPOS="2151"
                          HPOS="1747"
                          CONTENT="vitio"/>
                  <SP HEIGHT="56" WIDTH="17" VPOS="2151" HPOS="1904"/>
                  <String HEIGHT="56"
                          WIDTH="297"
                          VPOS="2151"
                          HPOS="1852"
                          CONTENT="obstinationis"/>
                  <SP HEIGHT="56" WIDTH="17" VPOS="2151" HPOS="2149"/>
                  <String HEIGHT="56"
                          WIDTH="210"
                          VPOS="2151"
                          HPOS="2097"
                          CONTENT="alienus,"/>
                  <SP HEIGHT="56" WIDTH="17" VPOS="2151" HPOS="2307"/>
                  <String HEIGHT="56"
                          WIDTH="87"
                          VPOS="2151"
                          HPOS="2237"
                          CONTENT="cum"/>
               </TextLine>
               <TextLine ID="r1l37"
                         BASELINE="2265"
                         HEIGHT="67"
                         WIDTH="1772"
                         VPOS="2198"
                         HPOS="546">
                  <String HEIGHT="67"
                          WIDTH="138"
                          VPOS="2198"
                          HPOS="529"
                          CONTENT="sibi"/>
                  <SP HEIGHT="67" WIDTH="17" VPOS="2198" HPOS="666"/>
                  <String HEIGHT="67"
                          WIDTH="224"
                          VPOS="2198"
                          HPOS="615"
                          CONTENT="regiminis"/>
                  <SP HEIGHT="67" WIDTH="17" VPOS="2198" HPOS="838"/>
                  <String HEIGHT="67"
                          WIDTH="172"
                          VPOS="2198"
                          HPOS="787"
                          CONTENT="culmen"/>
                  <SP HEIGHT="67" WIDTH="17" VPOS="2198" HPOS="959"/>
                  <String HEIGHT="67"
                          WIDTH="241"
                          VPOS="2198"
                          HPOS="907"
                          CONTENT="imperatur,"/>
                  <SP HEIGHT="67" WIDTH="17" VPOS="2198" HPOS="1148"/>
                  <String HEIGHT="67"
                          WIDTH="120"
                          VPOS="2198"
                          HPOS="1097"
                          CONTENT="sed"/>
                  <SP HEIGHT="67" WIDTH="17" VPOS="2198" HPOS="1217"/>
                  <String HEIGHT="67"
                          WIDTH="120"
                          VPOS="2198"
                          HPOS="1165"
                          CONTENT="iam"/>
                  <SP HEIGHT="67" WIDTH="17" VPOS="2198" HPOS="1286"/>
                  <String HEIGHT="67"
                          WIDTH="155"
                          VPOS="2198"
                          HPOS="1234"
                          CONTENT="donis"/>
                  <SP HEIGHT="67" WIDTH="17" VPOS="2198" HPOS="1389"/>
                  <String HEIGHT="67"
                          WIDTH="241"
                          VPOS="2198"
                          HPOS="1337"
                          CONTENT="praeuentus"/>
                  <SP HEIGHT="67" WIDTH="17" VPOS="2198" HPOS="1578"/>
                  <String HEIGHT="67"
                          WIDTH="120"
                          VPOS="2198"
                          HPOS="1527"
                          CONTENT="est"/>
                  <SP HEIGHT="67" WIDTH="17" VPOS="2198" HPOS="1647"/>
                  <String HEIGHT="67"
                          WIDTH="138"
                          VPOS="2198"
                          HPOS="1595"
                          CONTENT="quod"/>
                  <SP HEIGHT="67" WIDTH="17" VPOS="2198" HPOS="1733"/>
                  <String HEIGHT="67" WIDTH="86" VPOS="2198" HPOS="1681" CONTENT="&amp;"/>
                  <SP HEIGHT="67" WIDTH="17" VPOS="2198" HPOS="1767"/>
                  <String HEIGHT="67"
                          WIDTH="155"
                          VPOS="2198"
                          HPOS="1716"
                          CONTENT="aliis"/>
                  <SP HEIGHT="67" WIDTH="17" VPOS="2198" HPOS="1871"/>
                  <String HEIGHT="67"
                          WIDTH="189"
                          VPOS="2198"
                          HPOS="1819"
                          CONTENT="prosit,"/>
                  <SP HEIGHT="67" WIDTH="17" VPOS="2198" HPOS="2008"/>
                  <String HEIGHT="67" WIDTH="86" VPOS="2198" HPOS="1957" CONTENT="&amp;"/>
                  <SP HEIGHT="67" WIDTH="17" VPOS="2198" HPOS="2043"/>
                  <String HEIGHT="67"
                          WIDTH="155"
                          VPOS="2198"
                          HPOS="1991"
                          CONTENT="corde"/>
                  <SP HEIGHT="67" WIDTH="17" VPOS="2198" HPOS="2146"/>
                  <String HEIGHT="67"
                          WIDTH="155"
                          VPOS="2198"
                          HPOS="2094"
                          CONTENT="debet"/>
                  <SP HEIGHT="67" WIDTH="17" VPOS="2198" HPOS="2249"/>
                  <String HEIGHT="67"
                          WIDTH="138"
                          VPOS="2198"
                          HPOS="2180"
                          CONTENT="fugere"/>
               </TextLine>
               <TextLine ID="r1l38"
                         BASELINE="2313"
                         HEIGHT="62"
                         WIDTH="1776"
                         VPOS="2251"
                         HPOS="549">
                  <String HEIGHT="62" WIDTH="90" VPOS="2251" HPOS="531" CONTENT="&amp;"/>
                  <SP HEIGHT="62" WIDTH="18" VPOS="2251" HPOS="621"/>
                  <String HEIGHT="62"
                          WIDTH="197"
                          VPOS="2251"
                          HPOS="567"
                          CONTENT="inuitus"/>
                  <SP HEIGHT="62" WIDTH="18" VPOS="2251" HPOS="764"/>
                  <String HEIGHT="62"
                          WIDTH="215"
                          VPOS="2251"
                          HPOS="710"
                          CONTENT="obedire."/>
                  <SP HEIGHT="62" WIDTH="18" VPOS="2251" HPOS="926"/>
                  <String HEIGHT="62"
                          WIDTH="197"
                          VPOS="2251"
                          HPOS="872"
                          CONTENT="Secundo"/>
                  <SP HEIGHT="62" WIDTH="18" VPOS="2251" HPOS="1069"/>
                  <String HEIGHT="62"
                          WIDTH="161"
                          VPOS="2251"
                          HPOS="1015"
                          CONTENT="autem"/>
                  <SP HEIGHT="62" WIDTH="18" VPOS="2251" HPOS="1177"/>
                  <String HEIGHT="62"
                          WIDTH="179"
                          VPOS="2251"
                          HPOS="1123"
                          CONTENT="actiua"/>
                  <SP HEIGHT="62" WIDTH="18" VPOS="2251" HPOS="1302"/>
                  <String HEIGHT="62"
                          WIDTH="144"
                          VPOS="2251"
                          HPOS="1249"
                          CONTENT="vita"/>
                  <SP HEIGHT="62" WIDTH="18" VPOS="2251" HPOS="1392"/>
                  <String HEIGHT="62"
                          WIDTH="126"
                          VPOS="2251"
                          HPOS="1338"
                          CONTENT="sic"/>
                  <SP HEIGHT="62" WIDTH="18" VPOS="2251" HPOS="1464"/>
                  <String HEIGHT="62"
                          WIDTH="215"
                          VPOS="2251"
                          HPOS="1410"
                          CONTENT="assumpta"/>
                  <SP HEIGHT="62" WIDTH="18" VPOS="2251" HPOS="1625"/>
                  <String HEIGHT="62"
                          WIDTH="126"
                          VPOS="2251"
                          HPOS="1572"
                          CONTENT="est"/>
                  <SP HEIGHT="62" WIDTH="18" VPOS="2251" HPOS="1697"/>
                  <String HEIGHT="62"
                          WIDTH="179"
                          VPOS="2251"
                          HPOS="1643"
                          CONTENT="melior"/>
                  <SP HEIGHT="62" WIDTH="18" VPOS="2251" HPOS="1823"/>
                  <String HEIGHT="62" WIDTH="90" VPOS="2251" HPOS="1769" CONTENT="&amp;"/>
                  <SP HEIGHT="62" WIDTH="18" VPOS="2251" HPOS="1859"/>
                  <String HEIGHT="62"
                          WIDTH="161"
                          VPOS="2251"
                          HPOS="1805"
                          CONTENT="magis"/>
                  <SP HEIGHT="62" WIDTH="18" VPOS="2251" HPOS="1966"/>
                  <String HEIGHT="62"
                          WIDTH="215"
                          VPOS="2251"
                          HPOS="1912"
                          CONTENT="eligenda"/>
                  <SP HEIGHT="62" WIDTH="18" VPOS="2251" HPOS="2128"/>
                  <String HEIGHT="62"
                          WIDTH="197"
                          VPOS="2251"
                          HPOS="2074"
                          CONTENT="propter"/>
                  <SP HEIGHT="62" WIDTH="18" VPOS="2251" HPOS="2271"/>
                  <String HEIGHT="62"
                          WIDTH="144"
                          VPOS="2251"
                          HPOS="2217"
                          CONTENT="ade-"/>
                  <SP HEIGHT="62" WIDTH="18" VPOS="2251" HPOS="2361"/>
                  <String HEIGHT="62" WIDTH="36" VPOS="2251" HPOS="2289" CONTENT=""/>
               </TextLine>
               <TextLine ID="r1l39"
                         BASELINE="2377"
                         HEIGHT="71"
                         WIDTH="1768"
                         VPOS="2306"
                         HPOS="550">
                  <String HEIGHT="71"
                          WIDTH="185"
                          VPOS="2306"
                          HPOS="533"
                          CONTENT="ptionem"/>
                  <SP HEIGHT="71" WIDTH="17" VPOS="2306" HPOS="718"/>
                  <String HEIGHT="71"
                          WIDTH="185"
                          VPOS="2306"
                          HPOS="668"
                          CONTENT="maioris"/>
                  <SP HEIGHT="71" WIDTH="17" VPOS="2306" HPOS="853"/>
                  <String HEIGHT="71"
                          WIDTH="152"
                          VPOS="2306"
                          HPOS="803"
                          CONTENT="boni,"/>
                  <SP HEIGHT="71" WIDTH="17" VPOS="2306" HPOS="954"/>
                  <String HEIGHT="71"
                          WIDTH="185"
                          VPOS="2306"
                          HPOS="904"
                          CONTENT="dicente"/>
                  <SP HEIGHT="71" WIDTH="17" VPOS="2306" HPOS="1089"/>
                  <String HEIGHT="71"
                          WIDTH="168"
                          VPOS="2306"
                          HPOS="1038"
                          CONTENT="Grego."/>
                  <SP HEIGHT="71" WIDTH="17" VPOS="2306" HPOS="1207"/>
                  <String HEIGHT="71"
                          WIDTH="135"
                          VPOS="2306"
                          HPOS="1156"
                          CONTENT="vii."/>
                  <SP HEIGHT="71" WIDTH="17" VPOS="2306" HPOS="1291"/>
                  <String HEIGHT="71"
                          WIDTH="219"
                          VPOS="2306"
                          HPOS="1240"
                          CONTENT="Moralium."/>
                  <SP HEIGHT="71" WIDTH="17" VPOS="2306" HPOS="1459"/>
                  <String HEIGHT="71"
                          WIDTH="118"
                          VPOS="2306"
                          HPOS="1409"
                          CONTENT="ca."/>
                  <SP HEIGHT="71" WIDTH="17" VPOS="2306" HPOS="1527"/>
                  <String HEIGHT="71"
                          WIDTH="152"
                          VPOS="2306"
                          HPOS="1476"
                          CONTENT="viii."/>
                  <SP HEIGHT="71" WIDTH="17" VPOS="2306" HPOS="1628"/>
                  <String HEIGHT="71"
                          WIDTH="236"
                          VPOS="2306"
                          HPOS="1577"
                          CONTENT="Plaerunque"/>
                  <SP HEIGHT="71" WIDTH="17" VPOS="2306" HPOS="1813"/>
                  <String HEIGHT="71"
                          WIDTH="135"
                          VPOS="2306"
                          HPOS="1762"
                          CONTENT="mens"/>
                  <SP HEIGHT="71" WIDTH="17" VPOS="2306" HPOS="1897"/>
                  <String HEIGHT="71"
                          WIDTH="152"
                          VPOS="2306"
                          HPOS="1847"
                          CONTENT="iusti"/>
                  <SP HEIGHT="71" WIDTH="17" VPOS="2306" HPOS="1998"/>
                  <String HEIGHT="71"
                          WIDTH="101"
                          VPOS="2306"
                          HPOS="1948"
                          CONTENT="ad"/>
                  <SP HEIGHT="71" WIDTH="17" VPOS="2306" HPOS="2049"/>
                  <String HEIGHT="71"
                          WIDTH="168"
                          VPOS="2306"
                          HPOS="1998"
                          CONTENT="tantum"/>
                  <SP HEIGHT="71" WIDTH="17" VPOS="2306" HPOS="2166"/>
                  <String HEIGHT="71"
                          WIDTH="101"
                          VPOS="2306"
                          HPOS="2116"
                          CONTENT="se"/>
                  <SP HEIGHT="71" WIDTH="17" VPOS="2306" HPOS="2217"/>
                  <String HEIGHT="71"
                          WIDTH="168"
                          VPOS="2306"
                          HPOS="2150"
                          CONTENT="virtutis"/>
               </TextLine>
               <TextLine ID="r1l40"
                         BASELINE="2433"
                         HEIGHT="62"
                         WIDTH="1766"
                         VPOS="2371"
                         HPOS="550">
                  <String HEIGHT="62"
                          WIDTH="173"
                          VPOS="2371"
                          HPOS="533"
                          CONTENT="culmen"/>
                  <SP HEIGHT="62" WIDTH="17" VPOS="2371" HPOS="706"/>
                  <String HEIGHT="62"
                          WIDTH="208"
                          VPOS="2371"
                          HPOS="654"
                          CONTENT="extendit"/>
                  <SP HEIGHT="62" WIDTH="17" VPOS="2371" HPOS="862"/>
                  <String HEIGHT="62"
                          WIDTH="139"
                          VPOS="2371"
                          HPOS="810"
                          CONTENT="quod"/>
                  <SP HEIGHT="62" WIDTH="17" VPOS="2371" HPOS="948"/>
                  <String HEIGHT="62" WIDTH="104" VPOS="2371" HPOS="896" CONTENT="se"/>
                  <SP HEIGHT="62" WIDTH="17" VPOS="2371" HPOS="1000"/>
                  <String HEIGHT="62" WIDTH="104" VPOS="2371" HPOS="948" CONTENT="ad"/>
                  <SP HEIGHT="62" WIDTH="17" VPOS="2371" HPOS="1052"/>
                  <String HEIGHT="62"
                          WIDTH="225"
                          VPOS="2371"
                          HPOS="1000"
                          CONTENT="quorundam"/>
                  <SP HEIGHT="62" WIDTH="17" VPOS="2371" HPOS="1225"/>
                  <String HEIGHT="62"
                          WIDTH="242"
                          VPOS="2371"
                          HPOS="1173"
                          CONTENT="stultitiam"/>
                  <SP HEIGHT="62" WIDTH="17" VPOS="2371" HPOS="1416"/>
                  <String HEIGHT="62"
                          WIDTH="242"
                          VPOS="2371"
                          HPOS="1364"
                          CONTENT="tolerandam"/>
                  <SP HEIGHT="62" WIDTH="17" VPOS="2371" HPOS="1606"/>
                  <String HEIGHT="62"
                          WIDTH="242"
                          VPOS="2371"
                          HPOS="1554"
                          CONTENT="conuertit,"/>
                  <SP HEIGHT="62" WIDTH="17" VPOS="2371" HPOS="1797"/>
                  <String HEIGHT="62"
                          WIDTH="139"
                          VPOS="2371"
                          HPOS="1745"
                          CONTENT="quos"/>
                  <SP HEIGHT="62" WIDTH="17" VPOS="2371" HPOS="1883"/>
                  <String HEIGHT="62"
                          WIDTH="139"
                          VPOS="2371"
                          HPOS="1831"
                          CONTENT="nisi"/>
                  <SP HEIGHT="62" WIDTH="17" VPOS="2371" HPOS="1970"/>
                  <String HEIGHT="62"
                          WIDTH="104"
                          VPOS="2371"
                          HPOS="1918"
                          CONTENT="ad"/>
                  <SP HEIGHT="62" WIDTH="17" VPOS="2371" HPOS="2022"/>
                  <String HEIGHT="62"
                          WIDTH="173"
                          VPOS="2371"
                          HPOS="1970"
                          CONTENT="fortia"/>
                  <SP HEIGHT="62" WIDTH="17" VPOS="2371" HPOS="2143"/>
                  <String HEIGHT="62"
                          WIDTH="190"
                          VPOS="2371"
                          HPOS="2091"
                          CONTENT="trahere"/>
                  <SP HEIGHT="62" WIDTH="17" VPOS="2371" HPOS="2281"/>
                  <String HEIGHT="62"
                          WIDTH="104"
                          VPOS="2371"
                          HPOS="2212"
                          CONTENT="niti"/>
               </TextLine>
               <TextLine ID="r1l41"
                         BASELINE="2476"
                         HEIGHT="68"
                         WIDTH="1768"
                         VPOS="2408"
                         HPOS="547">
                  <String HEIGHT="68"
                          WIDTH="140"
                          VPOS="2408"
                          HPOS="529"
                          CONTENT="mur,"/>
                  <SP HEIGHT="68" WIDTH="18" VPOS="2408" HPOS="670"/>
                  <String HEIGHT="68"
                          WIDTH="158"
                          VPOS="2408"
                          HPOS="617"
                          CONTENT="eorum"/>
                  <SP HEIGHT="68" WIDTH="18" VPOS="2408" HPOS="775"/>
                  <String HEIGHT="68"
                          WIDTH="123"
                          VPOS="2408"
                          HPOS="722"
                          CONTENT="est"/>
                  <SP HEIGHT="68" WIDTH="18" VPOS="2408" HPOS="845"/>
                  <String HEIGHT="68"
                          WIDTH="193"
                          VPOS="2408"
                          HPOS="792"
                          CONTENT="necesse"/>
                  <SP HEIGHT="68" WIDTH="18" VPOS="2408" HPOS="985"/>
                  <String HEIGHT="68" WIDTH="105" VPOS="2408" HPOS="932" CONTENT="vt"/>
                  <SP HEIGHT="68" WIDTH="18" VPOS="2408" HPOS="1037"/>
                  <String HEIGHT="68"
                          WIDTH="193"
                          VPOS="2408"
                          HPOS="985"
                          CONTENT="infirma"/>
                  <SP HEIGHT="68" WIDTH="18" VPOS="2408" HPOS="1177"/>
                  <String HEIGHT="68"
                          WIDTH="245"
                          VPOS="2408"
                          HPOS="1125"
                          CONTENT="toleremus:"/>
                  <SP HEIGHT="68" WIDTH="18" VPOS="2408" HPOS="1370"/>
                  <String HEIGHT="68"
                          WIDTH="140"
                          VPOS="2408"
                          HPOS="1317"
                          CONTENT="quia"/>
                  <SP HEIGHT="68" WIDTH="18" VPOS="2408" HPOS="1457"/>
                  <String HEIGHT="68"
                          WIDTH="123"
                          VPOS="2408"
                          HPOS="1405"
                          CONTENT="nec"/>
                  <SP HEIGHT="68" WIDTH="18" VPOS="2408" HPOS="1527"/>
                  <String HEIGHT="68"
                          WIDTH="210"
                          VPOS="2408"
                          HPOS="1475"
                          CONTENT="iacentem"/>
                  <SP HEIGHT="68" WIDTH="18" VPOS="2408" HPOS="1685"/>
                  <String HEIGHT="68"
                          WIDTH="193"
                          VPOS="2408"
                          HPOS="1632"
                          CONTENT="erigit,"/>
                  <SP HEIGHT="68" WIDTH="18" VPOS="2408" HPOS="1825"/>
                  <String HEIGHT="68"
                          WIDTH="140"
                          VPOS="2408"
                          HPOS="1772"
                          CONTENT="nisi"/>
                  <SP HEIGHT="68" WIDTH="18" VPOS="2408" HPOS="1912"/>
                  <String HEIGHT="68"
                          WIDTH="123"
                          VPOS="2408"
                          HPOS="1860"
                          CONTENT="qui"/>
                  <SP HEIGHT="68" WIDTH="18" VPOS="2408" HPOS="1982"/>
                  <String HEIGHT="68"
                          WIDTH="175"
                          VPOS="2408"
                          HPOS="1930"
                          CONTENT="status"/>
                  <SP HEIGHT="68" WIDTH="18" VPOS="2408" HPOS="2105"/>
                  <String HEIGHT="68"
                          WIDTH="123"
                          VPOS="2408"
                          HPOS="2052"
                          CONTENT="sui"/>
                  <SP HEIGHT="68" WIDTH="18" VPOS="2408" HPOS="2175"/>
                  <String HEIGHT="68"
                          WIDTH="210"
                          VPOS="2408"
                          HPOS="2105"
                          CONTENT="rectitudi"
                          SUBS_TYPE="HypPart1"
                          SUBS_CONTENT="rectitudinem"/>
                  <HYP CONTENT="-"/>
               </TextLine>
               <TextLine ID="r1l42"
                         BASELINE="2530"
                         HEIGHT="58"
                         WIDTH="1774"
                         VPOS="2472"
                         HPOS="546">
                  <String HEIGHT="58"
                          WIDTH="128"
                          VPOS="2472"
                          HPOS="528"
                          CONTENT="nem"
                          SUBS_TYPE="HypPart2"
                          SUBS_CONTENT="rectitudinem"/>
                  <SP HEIGHT="58" WIDTH="18" VPOS="2472" HPOS="656"/>
                  <String HEIGHT="58"
                          WIDTH="128"
                          VPOS="2472"
                          HPOS="601"
                          CONTENT="per"/>
                  <SP HEIGHT="58" WIDTH="18" VPOS="2472" HPOS="729"/>
                  <String HEIGHT="58"
                          WIDTH="293"
                          VPOS="2472"
                          HPOS="674"
                          CONTENT="compassionem"/>
                  <SP HEIGHT="58" WIDTH="18" VPOS="2472" HPOS="967"/>
                  <String HEIGHT="58"
                          WIDTH="219"
                          VPOS="2472"
                          HPOS="912"
                          CONTENT="flectit."/>
                  <SP HEIGHT="58" WIDTH="18" VPOS="2472" HPOS="1131"/>
                  <String HEIGHT="58"
                          WIDTH="128"
                          VPOS="2472"
                          HPOS="1076"
                          CONTENT="Cum"/>
                  <SP HEIGHT="58" WIDTH="18" VPOS="2472" HPOS="1204"/>
                  <String HEIGHT="58"
                          WIDTH="146"
                          VPOS="2472"
                          HPOS="1150"
                          CONTENT="ergo"/>
                  <SP HEIGHT="58" WIDTH="18" VPOS="2472" HPOS="1296"/>
                  <String HEIGHT="58"
                          WIDTH="201"
                          VPOS="2472"
                          HPOS="1241"
                          CONTENT="alienae"/>
                  <SP HEIGHT="58" WIDTH="18" VPOS="2472" HPOS="1442"/>
                  <String HEIGHT="58"
                          WIDTH="274"
                          VPOS="2472"
                          HPOS="1387"
                          CONTENT="infirmitati"/>
                  <SP HEIGHT="58" WIDTH="18" VPOS="2472" HPOS="1662"/>
                  <String HEIGHT="58"
                          WIDTH="274"
                          VPOS="2472"
                          HPOS="1607"
                          CONTENT="compatimur,"/>
                  <SP HEIGHT="58" WIDTH="18" VPOS="2472" HPOS="1881"/>
                  <String HEIGHT="58"
                          WIDTH="219"
                          VPOS="2472"
                          HPOS="1826"
                          CONTENT="valentia"/>
                  <SP HEIGHT="58" WIDTH="18" VPOS="2472" HPOS="2046"/>
                  <String HEIGHT="58"
                          WIDTH="183"
                          VPOS="2472"
                          HPOS="1991"
                          CONTENT="nostra"/>
                  <SP HEIGHT="58" WIDTH="18" VPOS="2472" HPOS="2174"/>
                  <String HEIGHT="58"
                          WIDTH="219"
                          VPOS="2472"
                          HPOS="2101"
                          CONTENT="roboramur."/>
               </TextLine>
               <TextLine ID="r1l43"
                         BASELINE="2594"
                         HEIGHT="76"
                         WIDTH="1774"
                         VPOS="2518"
                         HPOS="548">
                  <String HEIGHT="76"
                          WIDTH="154"
                          VPOS="2518"
                          HPOS="529"
                          CONTENT="Mens"/>
                  <SP HEIGHT="76" WIDTH="19" VPOS="2518" HPOS="683"/>
                  <String HEIGHT="76"
                          WIDTH="154"
                          VPOS="2518"
                          HPOS="625"
                          CONTENT="enim"/>
                  <SP HEIGHT="76" WIDTH="19" VPOS="2518" HPOS="779"/>
                  <String HEIGHT="76"
                          WIDTH="309"
                          VPOS="2518"
                          HPOS="722"
                          CONTENT="improficiens"/>
                  <SP HEIGHT="76" WIDTH="19" VPOS="2518" HPOS="1030"/>
                  <String HEIGHT="76"
                          WIDTH="154"
                          VPOS="2518"
                          HPOS="972"
                          CONTENT="quae"/>
                  <SP HEIGHT="76" WIDTH="19" VPOS="2518" HPOS="1126"/>
                  <String HEIGHT="76"
                          WIDTH="174"
                          VPOS="2518"
                          HPOS="1069"
                          CONTENT="minus"/>
                  <SP HEIGHT="76" WIDTH="19" VPOS="2518" HPOS="1242"/>
                  <String HEIGHT="76"
                          WIDTH="212"
                          VPOS="2518"
                          HPOS="1184"
                          CONTENT="alienis"/>
                  <SP HEIGHT="76" WIDTH="19" VPOS="2518" HPOS="1396"/>
                  <String HEIGHT="76"
                          WIDTH="270"
                          VPOS="2518"
                          HPOS="1339"
                          CONTENT="compatiens"/>
                  <SP HEIGHT="76" WIDTH="19" VPOS="2518" HPOS="1609"/>
                  <String HEIGHT="76"
                          WIDTH="309"
                          VPOS="2518"
                          HPOS="1551"
                          CONTENT="conualescere"/>
                  <SP HEIGHT="76" WIDTH="19" VPOS="2518" HPOS="1859"/>
                  <String HEIGHT="76"
                          WIDTH="193"
                          VPOS="2518"
                          HPOS="1801"
                          CONTENT="contra"/>
                  <SP HEIGHT="76" WIDTH="19" VPOS="2518" HPOS="1994"/>
                  <String HEIGHT="76"
                          WIDTH="212"
                          VPOS="2518"
                          HPOS="1936"
                          CONTENT="aduersa"/>
                  <SP HEIGHT="76" WIDTH="19" VPOS="2518" HPOS="2148"/>
                  <String HEIGHT="76"
                          WIDTH="135"
                          VPOS="2518"
                          HPOS="2091"
                          CONTENT="non"/>
                  <SP HEIGHT="76" WIDTH="19" VPOS="2518" HPOS="2226"/>
                  <String HEIGHT="76"
                          WIDTH="174"
                          VPOS="2518"
                          HPOS="2148"
                          CONTENT="poterat"/>
               </TextLine>
               <TextLine ID="r1l44"
                         BASELINE="2636"
                         HEIGHT="52"
                         WIDTH="1776"
                         VPOS="2584"
                         HPOS="546">
                  <String HEIGHT="52"
                          WIDTH="138"
                          VPOS="2584"
                          HPOS="526"
                          CONTENT="cum"/>
                  <SP HEIGHT="52" WIDTH="20" VPOS="2584" HPOS="664"/>
                  <String HEIGHT="52" WIDTH="118" VPOS="2584" HPOS="605" CONTENT="ad"/>
                  <SP HEIGHT="52" WIDTH="20" VPOS="2584" HPOS="724"/>
                  <String HEIGHT="52"
                          WIDTH="257"
                          VPOS="2584"
                          HPOS="664"
                          CONTENT="toleranda"/>
                  <SP HEIGHT="52" WIDTH="20" VPOS="2584" HPOS="921"/>
                  <String HEIGHT="52"
                          WIDTH="217"
                          VPOS="2584"
                          HPOS="862"
                          CONTENT="proximi"/>
                  <SP HEIGHT="52" WIDTH="20" VPOS="2584" HPOS="1079"/>
                  <String HEIGHT="52"
                          WIDTH="197"
                          VPOS="2584"
                          HPOS="1020"
                          CONTENT="infrma"/>
                  <SP HEIGHT="52" WIDTH="20" VPOS="2584" HPOS="1217"/>
                  <String HEIGHT="52"
                          WIDTH="118"
                          VPOS="2584"
                          HPOS="1158"
                          CONTENT="se"/>
                  <SP HEIGHT="52" WIDTH="20" VPOS="2584" HPOS="1276"/>
                  <String HEIGHT="52"
                          WIDTH="257"
                          VPOS="2584"
                          HPOS="1217"
                          CONTENT="attrahit,"/>
                  <SP HEIGHT="52" WIDTH="20" VPOS="2584" HPOS="1473"/>
                  <String HEIGHT="52"
                          WIDTH="118"
                          VPOS="2584"
                          HPOS="1414"
                          CONTENT="ad"/>
                  <SP HEIGHT="52" WIDTH="20" VPOS="2584" HPOS="1533"/>
                  <String HEIGHT="52"
                          WIDTH="217"
                          VPOS="2584"
                          HPOS="1473"
                          CONTENT="aduersa"/>
                  <SP HEIGHT="52" WIDTH="20" VPOS="2584" HPOS="1691"/>
                  <String HEIGHT="52"
                          WIDTH="257"
                          VPOS="2584"
                          HPOS="1631"
                          CONTENT="superanda"/>
                  <SP HEIGHT="52" WIDTH="20" VPOS="2584" HPOS="1888"/>
                  <String HEIGHT="52"
                          WIDTH="316"
                          VPOS="2584"
                          HPOS="1829"
                          CONTENT="conualescit:"/>
                  <SP HEIGHT="52" WIDTH="20" VPOS="2584" HPOS="2144"/>
                  <String HEIGHT="52"
                          WIDTH="118"
                          VPOS="2584"
                          HPOS="2085"
                          CONTENT="vt"/>
                  <SP HEIGHT="52" WIDTH="20" VPOS="2584" HPOS="2204"/>
                  <String HEIGHT="52"
                          WIDTH="138"
                          VPOS="2584"
                          HPOS="2144"
                          CONTENT="pro"/>
                  <SP HEIGHT="52" WIDTH="20" VPOS="2584" HPOS="2283"/>
                  <String HEIGHT="52"
                          WIDTH="118"
                          VPOS="2584"
                          HPOS="2204"
                          CONTENT="amo"
                          SUBS_TYPE="HypPart1"
                          SUBS_CONTENT="amore"/>
                  <HYP CONTENT="-"/>
               </TextLine>
               <TextLine ID="r1l45"
                         BASELINE="2695"
                         HEIGHT="62"
                         WIDTH="1785"
                         VPOS="2633"
                         HPOS="542">
                  <String HEIGHT="62"
                          WIDTH="105"
                          VPOS="2633"
                          HPOS="525"
                          CONTENT="re"
                          SUBS_TYPE="HypPart2"
                          SUBS_CONTENT="amore"/>
                  <SP HEIGHT="62" WIDTH="18" VPOS="2633" HPOS="630"/>
                  <String HEIGHT="62"
                          WIDTH="228"
                          VPOS="2633"
                          HPOS="577"
                          CONTENT="veritatis"/>
                  <SP HEIGHT="62" WIDTH="18" VPOS="2633" HPOS="805"/>
                  <String HEIGHT="62"
                          WIDTH="245"
                          VPOS="2633"
                          HPOS="752"
                          CONTENT="praesentis"/>
                  <SP HEIGHT="62" WIDTH="18" VPOS="2633" HPOS="997"/>
                  <String HEIGHT="62"
                          WIDTH="158"
                          VPOS="2633"
                          HPOS="945"
                          CONTENT="vitae"/>
                  <SP HEIGHT="62" WIDTH="18" VPOS="2633" HPOS="1102"/>
                  <String HEIGHT="62"
                          WIDTH="228"
                          VPOS="2633"
                          HPOS="1050"
                          CONTENT="cruciatus"/>
                  <SP HEIGHT="62" WIDTH="18" VPOS="2633" HPOS="1277"/>
                  <String HEIGHT="62"
                          WIDTH="158"
                          VPOS="2633"
                          HPOS="1225"
                          CONTENT="tanto"/>
                  <SP HEIGHT="62" WIDTH="18" VPOS="2633" HPOS="1382"/>
                  <String HEIGHT="62"
                          WIDTH="140"
                          VPOS="2633"
                          HPOS="1330"
                          CONTENT="post"/>
                  <SP HEIGHT="62" WIDTH="18" VPOS="2633" HPOS="1470"/>
                  <String HEIGHT="62"
                          WIDTH="175"
                          VPOS="2633"
                          HPOS="1417"
                          CONTENT="fortis"/>
                  <SP HEIGHT="62" WIDTH="18" VPOS="2633" HPOS="1592"/>
                  <String HEIGHT="62"
                          WIDTH="193"
                          VPOS="2633"
                          HPOS="1540"
                          CONTENT="appetat"/>
                  <SP HEIGHT="62" WIDTH="18" VPOS="2633" HPOS="1732"/>
                  <String HEIGHT="62"
                          WIDTH="175"
                          VPOS="2633"
                          HPOS="1680"
                          CONTENT="quanto"/>
                  <SP HEIGHT="62" WIDTH="18" VPOS="2633" HPOS="1855"/>
                  <String HEIGHT="62"
                          WIDTH="158"
                          VPOS="2633"
                          HPOS="1802"
                          CONTENT="prius"/>
                  <SP HEIGHT="62" WIDTH="18" VPOS="2633" HPOS="1960"/>
                  <String HEIGHT="62"
                          WIDTH="193"
                          VPOS="2633"
                          HPOS="1907"
                          CONTENT="infirma"/>
                  <SP HEIGHT="62" WIDTH="18" VPOS="2633" HPOS="2100"/>
                  <String HEIGHT="62"
                          WIDTH="228"
                          VPOS="2633"
                          HPOS="2047"
                          CONTENT="fugiebat."/>
                  <SP HEIGHT="62" WIDTH="18" VPOS="2633" HPOS="2275"/>
                  <String HEIGHT="62"
                          WIDTH="123"
                          VPOS="2633"
                          HPOS="2205"
                          CONTENT="Incli"/>
               </TextLine>
               <TextLine ID="r1l46"
                         BASELINE="2748"
                         HEIGHT="60"
                         WIDTH="1778"
                         VPOS="2688"
                         HPOS="535">
                  <String HEIGHT="60"
                          WIDTH="196"
                          VPOS="2688"
                          HPOS="517"
                          CONTENT="natione"/>
                  <SP HEIGHT="60" WIDTH="18" VPOS="2688" HPOS="713"/>
                  <String HEIGHT="60"
                          WIDTH="178"
                          VPOS="2688"
                          HPOS="659"
                          CONTENT="namque"/>
                  <SP HEIGHT="60" WIDTH="18" VPOS="2688" HPOS="837"/>
                  <String HEIGHT="60"
                          WIDTH="231"
                          VPOS="2688"
                          HPOS="784"
                          CONTENT="erigitur:"/>
                  <SP HEIGHT="60" WIDTH="18" VPOS="2688" HPOS="1015"/>
                  <String HEIGHT="60"
                          WIDTH="267"
                          VPOS="2688"
                          HPOS="962"
                          CONTENT="attractione"/>
                  <SP HEIGHT="60" WIDTH="18" VPOS="2688" HPOS="1228"/>
                  <String HEIGHT="60"
                          WIDTH="231"
                          VPOS="2688"
                          HPOS="1175"
                          CONTENT="tenditur:"/>
                  <SP HEIGHT="60" WIDTH="18" VPOS="2688" HPOS="1406"/>
                  <String HEIGHT="60"
                          WIDTH="267"
                          VPOS="2688"
                          HPOS="1353"
                          CONTENT="compassione"/>
                  <SP HEIGHT="60" WIDTH="18" VPOS="2688" HPOS="1620"/>
                  <String HEIGHT="60"
                          WIDTH="249"
                          VPOS="2688"
                          HPOS="1566"
                          CONTENT="roboratur."/>
                  <SP HEIGHT="60" WIDTH="18" VPOS="2688" HPOS="1815"/>
                  <String HEIGHT="60" WIDTH="89" VPOS="2688" HPOS="1762" CONTENT="&amp;"/>
                  <SP HEIGHT="60" WIDTH="18" VPOS="2688" HPOS="1851"/>
                  <String HEIGHT="60"
                          WIDTH="124"
                          VPOS="2688"
                          HPOS="1797"
                          CONTENT="hoc"/>
                  <SP HEIGHT="60" WIDTH="18" VPOS="2688" HPOS="1922"/>
                  <String HEIGHT="60"
                          WIDTH="124"
                          VPOS="2688"
                          HPOS="1869"
                          CONTENT="quo"/>
                  <SP HEIGHT="60" WIDTH="18" VPOS="2688" HPOS="1993"/>
                  <String HEIGHT="60"
                          WIDTH="107"
                          VPOS="2688"
                          HPOS="1940"
                          CONTENT="ad"/>
                  <SP HEIGHT="60" WIDTH="18" VPOS="2688" HPOS="2046"/>
                  <String HEIGHT="60"
                          WIDTH="231"
                          VPOS="2688"
                          HPOS="1993"
                          CONTENT="augmentum"/>
                  <SP HEIGHT="60" WIDTH="18" VPOS="2688" HPOS="2224"/>
                  <String HEIGHT="60"
                          WIDTH="160"
                          VPOS="2688"
                          HPOS="2153"
                          CONTENT="charita"/>
               </TextLine>
               <TextLine ID="r1l47"
                         BASELINE="2804"
                         HEIGHT="65"
                         WIDTH="1776"
                         VPOS="2739"
                         HPOS="540">
                  <String HEIGHT="65"
                          WIDTH="137"
                          VPOS="2739"
                          HPOS="520"
                          CONTENT="tis"/>
                  <SP HEIGHT="65" WIDTH="20" VPOS="2739" HPOS="657"/>
                  <String HEIGHT="65" WIDTH="117" VPOS="2739" HPOS="599" CONTENT="ad"/>
                  <SP HEIGHT="65" WIDTH="20" VPOS="2739" HPOS="716"/>
                  <String HEIGHT="65"
                          WIDTH="273"
                          VPOS="2739"
                          HPOS="657"
                          CONTENT="tolerandum"/>
                  <SP HEIGHT="65" WIDTH="20" VPOS="2739" HPOS="930"/>
                  <String HEIGHT="65"
                          WIDTH="234"
                          VPOS="2739"
                          HPOS="872"
                          CONTENT="aduersa."/>
                  <SP HEIGHT="65" WIDTH="20" VPOS="2739" HPOS="1106"/>
                  <String HEIGHT="65"
                          WIDTH="117"
                          VPOS="2739"
                          HPOS="1047"
                          CONTENT="Et"/>
                  <SP HEIGHT="65" WIDTH="20" VPOS="2739" HPOS="1165"/>
                  <String HEIGHT="65"
                          WIDTH="234"
                          VPOS="2739"
                          HPOS="1106"
                          CONTENT="sequitur"/>
                  <SP HEIGHT="65" WIDTH="20" VPOS="2739" HPOS="1340"/>
                  <String HEIGHT="65"
                          WIDTH="234"
                          VPOS="2739"
                          HPOS="1282"
                          CONTENT="continuo"/>
                  <SP HEIGHT="65" WIDTH="20" VPOS="2739" HPOS="1516"/>
                  <String HEIGHT="65"
                          WIDTH="117"
                          VPOS="2739"
                          HPOS="1457"
                          CONTENT="de"/>
                  <SP HEIGHT="65" WIDTH="20" VPOS="2739" HPOS="1574"/>
                  <String HEIGHT="65"
                          WIDTH="156"
                          VPOS="2739"
                          HPOS="1516"
                          CONTENT="eius"/>
                  <SP HEIGHT="65" WIDTH="20" VPOS="2739" HPOS="1672"/>
                  <String HEIGHT="65"
                          WIDTH="234"
                          VPOS="2739"
                          HPOS="1613"
                          CONTENT="augmento"/>
                  <SP HEIGHT="65" WIDTH="20" VPOS="2739" HPOS="1848"/>
                  <String HEIGHT="65"
                          WIDTH="117"
                          VPOS="2739"
                          HPOS="1789"
                          CONTENT="ad"/>
                  <SP HEIGHT="65" WIDTH="20" VPOS="2739" HPOS="1906"/>
                  <String HEIGHT="65"
                          WIDTH="254"
                          VPOS="2739"
                          HPOS="1848"
                          CONTENT="operandum"/>
                  <SP HEIGHT="65" WIDTH="20" VPOS="2739" HPOS="2101"/>
                  <String HEIGHT="65"
                          WIDTH="254"
                          VPOS="2739"
                          HPOS="2043"
                          CONTENT="perfecta."/>
                  <SP HEIGHT="65" WIDTH="20" VPOS="2739" HPOS="2296"/>
                  <String HEIGHT="65"
                          WIDTH="98"
                          VPOS="2739"
                          HPOS="2218"
                          CONTENT="Cum"/>
               </TextLine>
               <TextLine ID="r1l48"
                         BASELINE="2868"
                         HEIGHT="78"
                         WIDTH="1775"
                         VPOS="2790"
                         HPOS="544">
                  <String HEIGHT="78"
                          WIDTH="122"
                          VPOS="2790"
                          HPOS="527"
                          CONTENT="que"/>
                  <SP HEIGHT="78" WIDTH="17" VPOS="2790" HPOS="648"/>
                  <String HEIGHT="78" WIDTH="104" VPOS="2790" HPOS="596" CONTENT="in"/>
                  <SP HEIGHT="78" WIDTH="17" VPOS="2790" HPOS="701"/>
                  <String HEIGHT="78"
                          WIDTH="174"
                          VPOS="2790"
                          HPOS="648"
                          CONTENT="amorem"/>
                  <SP HEIGHT="78" WIDTH="17" VPOS="2790" HPOS="822"/>
                  <String HEIGHT="78" WIDTH="104" VPOS="2790" HPOS="770" CONTENT="se"/>
                  <SP HEIGHT="78" WIDTH="17" VPOS="2790" HPOS="875"/>
                  <String HEIGHT="78"
                          WIDTH="191"
                          VPOS="2790"
                          HPOS="822"
                          CONTENT="proximi"/>
                  <SP HEIGHT="78" WIDTH="17" VPOS="2790" HPOS="1014"/>
                  <String HEIGHT="78"
                          WIDTH="209"
                          VPOS="2790"
                          HPOS="962"
                          CONTENT="dilatat:"/>
                  <SP HEIGHT="78" WIDTH="17" VPOS="2790" HPOS="1170"/>
                  <String HEIGHT="78"
                          WIDTH="157"
                          VPOS="2790"
                          HPOS="1118"
                          CONTENT="quasi"/>
                  <SP HEIGHT="78" WIDTH="17" VPOS="2790" HPOS="1275"/>
                  <String HEIGHT="78"
                          WIDTH="104"
                          VPOS="2790"
                          HPOS="1223"
                          CONTENT="ex"/>
                  <SP HEIGHT="78" WIDTH="17" VPOS="2790" HPOS="1327"/>
                  <String HEIGHT="78"
                          WIDTH="261"
                          VPOS="2790"
                          HPOS="1275"
                          CONTENT="meditatione"/>
                  <SP HEIGHT="78" WIDTH="17" VPOS="2790" HPOS="1536"/>
                  <String HEIGHT="78"
                          WIDTH="209"
                          VPOS="2790"
                          HPOS="1484"
                          CONTENT="colligit"/>
                  <SP HEIGHT="78" WIDTH="17" VPOS="2790" HPOS="1693"/>
                  <String HEIGHT="78"
                          WIDTH="174"
                          VPOS="2790"
                          HPOS="1640"
                          CONTENT="quanta"/>
                  <SP HEIGHT="78" WIDTH="17" VPOS="2790" HPOS="1814"/>
                  <String HEIGHT="78"
                          WIDTH="261"
                          VPOS="2790"
                          HPOS="1762"
                          CONTENT="fortitudine"/>
                  <SP HEIGHT="78" WIDTH="17" VPOS="2790" HPOS="2023"/>
                  <String HEIGHT="78"
                          WIDTH="104"
                          VPOS="2790"
                          HPOS="1971"
                          CONTENT="in"/>
                  <SP HEIGHT="78" WIDTH="17" VPOS="2790" HPOS="2075"/>
                  <String HEIGHT="78"
                          WIDTH="209"
                          VPOS="2790"
                          HPOS="2023"
                          CONTENT="auctorem"/>
                  <SP HEIGHT="78" WIDTH="17" VPOS="2790" HPOS="2232"/>
                  <String HEIGHT="78"
                          WIDTH="157"
                          VPOS="2790"
                          HPOS="2162"
                          CONTENT="surgat."/>
               </TextLine>
               <TextLine ID="r1l49"
                         BASELINE="2917"
                         HEIGHT="70"
                         WIDTH="1772"
                         VPOS="2847"
                         HPOS="543">
                  <String HEIGHT="70"
                          WIDTH="219"
                          VPOS="2847"
                          HPOS="525"
                          CONTENT="Charitas"/>
                  <SP HEIGHT="70" WIDTH="18" VPOS="2847" HPOS="744"/>
                  <String HEIGHT="70"
                          WIDTH="183"
                          VPOS="2847"
                          HPOS="689"
                          CONTENT="namque"/>
                  <SP HEIGHT="70" WIDTH="18" VPOS="2847" HPOS="872"/>
                  <String HEIGHT="70"
                          WIDTH="146"
                          VPOS="2847"
                          HPOS="817"
                          CONTENT="quae"/>
                  <SP HEIGHT="70" WIDTH="18" VPOS="2847" HPOS="963"/>
                  <String HEIGHT="70"
                          WIDTH="128"
                          VPOS="2847"
                          HPOS="908"
                          CONTENT="nos"/>
                  <SP HEIGHT="70" WIDTH="18" VPOS="2847" HPOS="1036"/>
                  <String HEIGHT="70" WIDTH="110" VPOS="2847" HPOS="981" CONTENT="ad"/>
                  <SP HEIGHT="70" WIDTH="18" VPOS="2847" HPOS="1091"/>
                  <String HEIGHT="70"
                          WIDTH="128"
                          VPOS="2847"
                          HPOS="1036"
                          CONTENT="vim"/>
                  <SP HEIGHT="70" WIDTH="18" VPOS="2847" HPOS="1164"/>
                  <String HEIGHT="70"
                          WIDTH="237"
                          VPOS="2847"
                          HPOS="1109"
                          CONTENT="passionis"/>
                  <SP HEIGHT="70" WIDTH="18" VPOS="2847" HPOS="1347"/>
                  <String HEIGHT="70"
                          WIDTH="237"
                          VPOS="2847"
                          HPOS="1292"
                          CONTENT="humiliat,"/>
                  <SP HEIGHT="70" WIDTH="18" VPOS="2847" HPOS="1529"/>
                  <String HEIGHT="70"
                          WIDTH="183"
                          VPOS="2847"
                          HPOS="1475"
                          CONTENT="altius"/>
                  <SP HEIGHT="70" WIDTH="18" VPOS="2847" HPOS="1657"/>
                  <String HEIGHT="70"
                          WIDTH="110"
                          VPOS="2847"
                          HPOS="1603"
                          CONTENT="in"/>
                  <SP HEIGHT="70" WIDTH="18" VPOS="2847" HPOS="1712"/>
                  <String HEIGHT="70"
                          WIDTH="183"
                          VPOS="2847"
                          HPOS="1657"
                          CONTENT="culmen"/>
                  <SP HEIGHT="70" WIDTH="18" VPOS="2847" HPOS="1840"/>
                  <String HEIGHT="70"
                          WIDTH="347"
                          VPOS="2847"
                          HPOS="1785"
                          CONTENT="contemplationis"/>
                  <SP HEIGHT="70" WIDTH="18" VPOS="2847" HPOS="2132"/>
                  <String HEIGHT="70"
                          WIDTH="183"
                          VPOS="2847"
                          HPOS="2078"
                          CONTENT="leuat:"/>
                  <SP HEIGHT="70" WIDTH="18" VPOS="2847" HPOS="2260"/>
                  <String HEIGHT="70" WIDTH="91" VPOS="2847" HPOS="2205" CONTENT="&amp;"/>
                  <SP HEIGHT="70" WIDTH="18" VPOS="2847" HPOS="2297"/>
                  <String HEIGHT="70"
                          WIDTH="91"
                          VPOS="2847"
                          HPOS="2224"
                          CONTENT="mul"/>
               </TextLine>
               <TextLine ID="r1l50"
                         BASELINE="2957"
                         HEIGHT="66"
                         WIDTH="1785"
                         VPOS="2891"
                         HPOS="533">
                  <String HEIGHT="66"
                          WIDTH="232"
                          VPOS="2891"
                          HPOS="515"
                          CONTENT="tiplicata"/>
                  <SP HEIGHT="66" WIDTH="18" VPOS="2891" HPOS="747"/>
                  <String HEIGHT="66"
                          WIDTH="250"
                          VPOS="2891"
                          HPOS="694"
                          CONTENT="melioribus"/>
                  <SP HEIGHT="66" WIDTH="18" VPOS="2891" HPOS="944"/>
                  <String HEIGHT="66"
                          WIDTH="250"
                          VPOS="2891"
                          HPOS="890"
                          CONTENT="desideriis"/>
                  <SP HEIGHT="66" WIDTH="18" VPOS="2891" HPOS="1140"/>
                  <String HEIGHT="66"
                          WIDTH="214"
                          VPOS="2891"
                          HPOS="1086"
                          CONTENT="aestuat:"/>
                  <SP HEIGHT="66" WIDTH="18" VPOS="2891" HPOS="1301"/>
                  <String HEIGHT="66"
                          WIDTH="125"
                          VPOS="2891"
                          HPOS="1247"
                          CONTENT="iam"/>
                  <SP HEIGHT="66" WIDTH="18" VPOS="2891" HPOS="1372"/>
                  <String HEIGHT="66"
                          WIDTH="232"
                          VPOS="2891"
                          HPOS="1318"
                          CONTENT="peruenire"/>
                  <SP HEIGHT="66" WIDTH="18" VPOS="2891" HPOS="1550"/>
                  <String HEIGHT="66"
                          WIDTH="107"
                          VPOS="2891"
                          HPOS="1497"
                          CONTENT="ad"/>
                  <SP HEIGHT="66" WIDTH="18" VPOS="2891" HPOS="1604"/>
                  <String HEIGHT="66"
                          WIDTH="161"
                          VPOS="2891"
                          HPOS="1550"
                          CONTENT="vitam"/>
                  <SP HEIGHT="66" WIDTH="18" VPOS="2891" HPOS="1711"/>
                  <String HEIGHT="66"
                          WIDTH="161"
                          VPOS="2891"
                          HPOS="1658"
                          CONTENT="etiam"/>
                  <SP HEIGHT="66" WIDTH="18" VPOS="2891" HPOS="1818"/>
                  <String HEIGHT="66"
                          WIDTH="125"
                          VPOS="2891"
                          HPOS="1765"
                          CONTENT="per"/>
                  <SP HEIGHT="66" WIDTH="18" VPOS="2891" HPOS="1890"/>
                  <String HEIGHT="66"
                          WIDTH="232"
                          VPOS="2891"
                          HPOS="1836"
                          CONTENT="cruciatus"/>
                  <SP HEIGHT="66" WIDTH="18" VPOS="2891" HPOS="2068"/>
                  <String HEIGHT="66"
                          WIDTH="214"
                          VPOS="2891"
                          HPOS="2015"
                          CONTENT="anhelat,"/>
                  <SP HEIGHT="66" WIDTH="18" VPOS="2891" HPOS="2229"/>
                  <String HEIGHT="66" WIDTH="89" VPOS="2891" HPOS="2175" CONTENT="&amp;"/>
                  <SP HEIGHT="66" WIDTH="18" VPOS="2891" HPOS="2264"/>
                  <String HEIGHT="66"
                          WIDTH="125"
                          VPOS="2891"
                          HPOS="2193"
                          CONTENT="desi"
                          SUBS_TYPE="HypPart1"
                          SUBS_CONTENT="desideria"/>
                  <HYP CONTENT="-"/>
               </TextLine>
               <TextLine ID="r1l51"
                         BASELINE="3013"
                         HEIGHT="61"
                         WIDTH="1765"
                         VPOS="2952"
                         HPOS="540">
                  <String HEIGHT="61"
                          WIDTH="164"
                          VPOS="2952"
                          HPOS="522"
                          CONTENT="deria"
                          SUBS_TYPE="HypPart2"
                          SUBS_CONTENT="desideria"/>
                  <SP HEIGHT="61" WIDTH="18" VPOS="2952" HPOS="686"/>
                  <String HEIGHT="61"
                          WIDTH="127"
                          VPOS="2952"
                          HPOS="631"
                          CONTENT="sua"/>
                  <SP HEIGHT="61" WIDTH="18" VPOS="2952" HPOS="758"/>
                  <String HEIGHT="61"
                          WIDTH="127"
                          VPOS="2952"
                          HPOS="704"
                          CONTENT="vix"/>
                  <SP HEIGHT="61" WIDTH="18" VPOS="2952" HPOS="831"/>
                  <String HEIGHT="61"
                          WIDTH="200"
                          VPOS="2952"
                          HPOS="777"
                          CONTENT="capiens"/>
                  <SP HEIGHT="61" WIDTH="18" VPOS="2952" HPOS="977"/>
                  <String HEIGHT="61"
                          WIDTH="164"
                          VPOS="2952"
                          HPOS="922"
                          CONTENT="ipsas"/>
                  <SP HEIGHT="61" WIDTH="18" VPOS="2952" HPOS="1086"/>
                  <String HEIGHT="61"
                          WIDTH="146"
                          VPOS="2952"
                          HPOS="1031"
                          CONTENT="quas"/>
                  <SP HEIGHT="61" WIDTH="18" VPOS="2952" HPOS="1177"/>
                  <String HEIGHT="61"
                          WIDTH="164"
                          VPOS="2952"
                          HPOS="1122"
                          CONTENT="dudum"/>
                  <SP HEIGHT="61" WIDTH="18" VPOS="2952" HPOS="1286"/>
                  <String HEIGHT="61"
                          WIDTH="218"
                          VPOS="2952"
                          HPOS="1231"
                          CONTENT="timuerat"/>
                  <SP HEIGHT="61" WIDTH="18" VPOS="2952" HPOS="1450"/>
                  <String HEIGHT="61"
                          WIDTH="182"
                          VPOS="2952"
                          HPOS="1395"
                          CONTENT="poenas"/>
                  <SP HEIGHT="61" WIDTH="18" VPOS="2952" HPOS="1577"/>
                  <String HEIGHT="61"
                          WIDTH="164"
                          VPOS="2952"
                          HPOS="1523"
                          CONTENT="amat,"/>
                  <SP HEIGHT="61" WIDTH="18" VPOS="2952" HPOS="1686"/>
                  <String HEIGHT="61"
                          WIDTH="218"
                          VPOS="2952"
                          HPOS="1632"
                          CONTENT="transire"/>
                  <SP HEIGHT="61" WIDTH="18" VPOS="2952" HPOS="1850"/>
                  <String HEIGHT="61"
                          WIDTH="127"
                          VPOS="2952"
                          HPOS="1796"
                          CONTENT="per"/>
                  <SP HEIGHT="61" WIDTH="18" VPOS="2952" HPOS="1923"/>
                  <String HEIGHT="61"
                          WIDTH="182"
                          VPOS="2952"
                          HPOS="1868"
                          CONTENT="mortem"/>
                  <SP HEIGHT="61" WIDTH="18" VPOS="2952" HPOS="2050"/>
                  <String HEIGHT="61"
                          WIDTH="200"
                          VPOS="2952"
                          HPOS="1996"
                          CONTENT="appetit"/>
                  <SP HEIGHT="61" WIDTH="18" VPOS="2952" HPOS="2196"/>
                  <String HEIGHT="61"
                          WIDTH="109"
                          VPOS="2952"
                          HPOS="2141"
                          CONTENT="vt"/>
                  <SP HEIGHT="61" WIDTH="18" VPOS="2952" HPOS="2250"/>
                  <String HEIGHT="61"
                          WIDTH="127"
                          VPOS="2952"
                          HPOS="2178"
                          CONTENT="obti"
                          SUBS_TYPE="HypPart1"
                          SUBS_CONTENT="obtinere"/>
                  <HYP CONTENT="-"/>
               </TextLine>
               <TextLine ID="r1l52"
                         BASELINE="3064"
                         HEIGHT="61"
                         WIDTH="1776"
                         VPOS="3003"
                         HPOS="531">
                  <String HEIGHT="61"
                          WIDTH="144"
                          VPOS="3003"
                          HPOS="513"
                          CONTENT="nere"
                          SUBS_TYPE="HypPart2"
                          SUBS_CONTENT="obtinere"/>
                  <SP HEIGHT="61" WIDTH="18" VPOS="3003" HPOS="657"/>
                  <String HEIGHT="61"
                          WIDTH="161"
                          VPOS="3003"
                          HPOS="603"
                          CONTENT="vitam"/>
                  <SP HEIGHT="61" WIDTH="18" VPOS="3003" HPOS="764"/>
                  <String HEIGHT="61"
                          WIDTH="197"
                          VPOS="3003"
                          HPOS="710"
                          CONTENT="plenius"/>
                  <SP HEIGHT="61" WIDTH="18" VPOS="3003" HPOS="908"/>
                  <String HEIGHT="61"
                          WIDTH="197"
                          VPOS="3003"
                          HPOS="854"
                          CONTENT="possit."/>
                  <SP HEIGHT="61" WIDTH="18" VPOS="3003" HPOS="1051"/>
                  <String HEIGHT="61"
                          WIDTH="215"
                          VPOS="3003"
                          HPOS="997"
                          CONTENT="Funditus"/>
                  <SP HEIGHT="61" WIDTH="18" VPOS="3003" HPOS="1213"/>
                  <String HEIGHT="61"
                          WIDTH="108"
                          VPOS="3003"
                          HPOS="1159"
                          CONTENT="in"/>
                  <SP HEIGHT="61" WIDTH="18" VPOS="3003" HPOS="1267"/>
                  <String HEIGHT="61"
                          WIDTH="197"
                          VPOS="3003"
                          HPOS="1213"
                          CONTENT="infimis"/>
                  <SP HEIGHT="61" WIDTH="18" VPOS="3003" HPOS="1410"/>
                  <String HEIGHT="61"
                          WIDTH="215"
                          VPOS="3003"
                          HPOS="1356"
                          CONTENT="extingui"/>
                  <SP HEIGHT="61" WIDTH="18" VPOS="3003" HPOS="1571"/>
                  <String HEIGHT="61"
                          WIDTH="251"
                          VPOS="3003"
                          HPOS="1518"
                          CONTENT="desiderat:"/>
                  <SP HEIGHT="61" WIDTH="18" VPOS="3003" HPOS="1769"/>
                  <String HEIGHT="61"
                          WIDTH="126"
                          VPOS="3003"
                          HPOS="1715"
                          CONTENT="quo"/>
                  <SP HEIGHT="61" WIDTH="18" VPOS="3003" HPOS="1841"/>
                  <String HEIGHT="61"
                          WIDTH="179"
                          VPOS="3003"
                          HPOS="1787"
                          CONTENT="verius"/>
                  <SP HEIGHT="61" WIDTH="18" VPOS="3003" HPOS="1966"/>
                  <String HEIGHT="61"
                          WIDTH="161"
                          VPOS="3003"
                          HPOS="1912"
                          CONTENT="summa"/>
                  <SP HEIGHT="61" WIDTH="18" VPOS="3003" HPOS="2074"/>
                  <String HEIGHT="61"
                          WIDTH="269"
                          VPOS="3003"
                          HPOS="2020"
                          CONTENT="conscendat."/>
                  <SP HEIGHT="61" WIDTH="18" VPOS="3003" HPOS="2289"/>
                  <String HEIGHT="61"
                          WIDTH="90"
                          VPOS="3003"
                          HPOS="2217"
                          CONTENT="Ec"
                          SUBS_TYPE="HypPart1"
                          SUBS_CONTENT="Ecce"/>
                  <HYP CONTENT="-"/>
               </TextLine>
               <TextLine ID="r1l53"
                         BASELINE="3119"
                         HEIGHT="67"
                         WIDTH="1763"
                         VPOS="3052"
                         HPOS="539">
                  <String HEIGHT="67"
                          WIDTH="105"
                          VPOS="3052"
                          HPOS="522"
                          CONTENT="ce"
                          SUBS_TYPE="HypPart2"
                          SUBS_CONTENT="Ecce"/>
                  <SP HEIGHT="67" WIDTH="17" VPOS="3052" HPOS="626"/>
                  <String HEIGHT="67"
                          WIDTH="140"
                          VPOS="3052"
                          HPOS="574"
                          CONTENT="quia"/>
                  <SP HEIGHT="67" WIDTH="17" VPOS="3052" HPOS="714"/>
                  <String HEIGHT="67" WIDTH="105" VPOS="3052" HPOS="661" CONTENT="in"/>
                  <SP HEIGHT="67" WIDTH="17" VPOS="3052" HPOS="766"/>
                  <String HEIGHT="67"
                          WIDTH="140"
                          VPOS="3052"
                          HPOS="714"
                          CONTENT="tali"/>
                  <SP HEIGHT="67" WIDTH="17" VPOS="3052" HPOS="853"/>
                  <String HEIGHT="67"
                          WIDTH="279"
                          VPOS="3052"
                          HPOS="801"
                          CONTENT="fortificatur"/>
                  <SP HEIGHT="67" WIDTH="17" VPOS="3052" HPOS="1080"/>
                  <String HEIGHT="67"
                          WIDTH="175"
                          VPOS="3052"
                          HPOS="1028"
                          CONTENT="virtus"/>
                  <SP HEIGHT="67" WIDTH="17" VPOS="3052" HPOS="1202"/>
                  <String HEIGHT="67"
                          WIDTH="175"
                          VPOS="3052"
                          HPOS="1150"
                          CONTENT="contra"/>
                  <SP HEIGHT="67" WIDTH="17" VPOS="3052" HPOS="1324"/>
                  <String HEIGHT="67"
                          WIDTH="209"
                          VPOS="3052"
                          HPOS="1272"
                          CONTENT="aduersa,"/>
                  <SP HEIGHT="67" WIDTH="17" VPOS="3052" HPOS="1482"/>
                  <String HEIGHT="67"
                          WIDTH="244"
                          VPOS="3052"
                          HPOS="1429"
                          CONTENT="extenditur"/>
                  <SP HEIGHT="67" WIDTH="17" VPOS="3052" HPOS="1674"/>
                  <String HEIGHT="67"
                          WIDTH="244"
                          VPOS="3052"
                          HPOS="1621"
                          CONTENT="desiderium"/>
                  <SP HEIGHT="67" WIDTH="17" VPOS="3052" HPOS="1866"/>
                  <String HEIGHT="67"
                          WIDTH="105"
                          VPOS="3052"
                          HPOS="1813"
                          CONTENT="ad"/>
                  <SP HEIGHT="67" WIDTH="17" VPOS="3052" HPOS="1918"/>
                  <String HEIGHT="67"
                          WIDTH="227"
                          VPOS="3052"
                          HPOS="1866"
                          CONTENT="perfecta,"/>
                  <SP HEIGHT="67" WIDTH="17" VPOS="3052" HPOS="2093"/>
                  <String HEIGHT="67"
                          WIDTH="192"
                          VPOS="3052"
                          HPOS="2040"
                          CONTENT="plenius"/>
                  <SP HEIGHT="67" WIDTH="17" VPOS="3052" HPOS="2232"/>
                  <String HEIGHT="67"
                          WIDTH="157"
                          VPOS="3052"
                          HPOS="2180"
                          CONTENT="optan"/>
                  <SP HEIGHT="67" WIDTH="17" VPOS="3052" HPOS="2337"/>
                  <String HEIGHT="67" WIDTH="35" VPOS="3052" HPOS="2267" CONTENT=""/>
               </TextLine>
               <TextLine ID="r1l54"
                         BASELINE="3185"
                         HEIGHT="74"
                         WIDTH="1772"
                         VPOS="3111"
                         HPOS="534">
                  <String HEIGHT="74"
                          WIDTH="120"
                          VPOS="3111"
                          HPOS="517"
                          CONTENT="tur"/>
                  <SP HEIGHT="74" WIDTH="17" VPOS="3111" HPOS="637"/>
                  <String HEIGHT="74"
                          WIDTH="172"
                          VPOS="3111"
                          HPOS="586"
                          CONTENT="summa:"/>
                  <SP HEIGHT="74" WIDTH="17" VPOS="3111" HPOS="758"/>
                  <String HEIGHT="74" WIDTH="103" VPOS="3111" HPOS="706" CONTENT="vt"/>
                  <SP HEIGHT="74" WIDTH="17" VPOS="3111" HPOS="809"/>
                  <String HEIGHT="74"
                          WIDTH="120"
                          VPOS="3111"
                          HPOS="758"
                          CONTENT="non"/>
                  <SP HEIGHT="74" WIDTH="17" VPOS="3111" HPOS="878"/>
                  <String HEIGHT="74"
                          WIDTH="155"
                          VPOS="3111"
                          HPOS="826"
                          CONTENT="solum"/>
                  <SP HEIGHT="74" WIDTH="17" VPOS="3111" HPOS="981"/>
                  <String HEIGHT="74"
                          WIDTH="120"
                          VPOS="3111"
                          HPOS="930"
                          CONTENT="sit"/>
                  <SP HEIGHT="74" WIDTH="17" VPOS="3111" HPOS="1050"/>
                  <String HEIGHT="74"
                          WIDTH="172"
                          VPOS="3111"
                          HPOS="999"
                          CONTENT="melior"/>
                  <SP HEIGHT="74" WIDTH="17" VPOS="3111" HPOS="1171"/>
                  <String HEIGHT="74"
                          WIDTH="155"
                          VPOS="3111"
                          HPOS="1119"
                          CONTENT="aliis"/>
                  <SP HEIGHT="74" WIDTH="17" VPOS="3111" HPOS="1274"/>
                  <String HEIGHT="74"
                          WIDTH="120"
                          VPOS="3111"
                          HPOS="1222"
                          CONTENT="sua"/>
                  <SP HEIGHT="74" WIDTH="17" VPOS="3111" HPOS="1343"/>
                  <String HEIGHT="74"
                          WIDTH="172"
                          VPOS="3111"
                          HPOS="1291"
                          CONTENT="actio,"/>
                  <SP HEIGHT="74" WIDTH="17" VPOS="3111" HPOS="1463"/>
                  <String HEIGHT="74"
                          WIDTH="138"
                          VPOS="3111"
                          HPOS="1411"
                          CONTENT="quam"/>
                  <SP HEIGHT="74" WIDTH="17" VPOS="3111" HPOS="1549"/>
                  <String HEIGHT="74"
                          WIDTH="120"
                          VPOS="3111"
                          HPOS="1497"
                          CONTENT="sua"/>
                  <SP HEIGHT="74" WIDTH="17" VPOS="3111" HPOS="1618"/>
                  <String HEIGHT="74"
                          WIDTH="189"
                          VPOS="3111"
                          HPOS="1566"
                          CONTENT="fuisset"/>
                  <SP HEIGHT="74" WIDTH="17" VPOS="3111" HPOS="1755"/>
                  <String HEIGHT="74"
                          WIDTH="292"
                          VPOS="3111"
                          HPOS="1704"
                          CONTENT="contemplatio:"/>
                  <SP HEIGHT="74" WIDTH="17" VPOS="3111" HPOS="1996"/>
                  <String HEIGHT="74"
                          WIDTH="120"
                          VPOS="3111"
                          HPOS="1945"
                          CONTENT="sed"/>
                  <SP HEIGHT="74" WIDTH="17" VPOS="3111" HPOS="2065"/>
                  <String HEIGHT="74"
                          WIDTH="155"
                          VPOS="3111"
                          HPOS="2014"
                          CONTENT="etiam"/>
                  <SP HEIGHT="74" WIDTH="17" VPOS="3111" HPOS="2168"/>
                  <String HEIGHT="74"
                          WIDTH="138"
                          VPOS="3111"
                          HPOS="2117"
                          CONTENT="sibi"/>
                  <SP HEIGHT="74" WIDTH="17" VPOS="3111" HPOS="2254"/>
                  <String HEIGHT="74" WIDTH="86" VPOS="3111" HPOS="2203" CONTENT="&amp;"/>
                  <SP HEIGHT="74" WIDTH="17" VPOS="3111" HPOS="2289"/>
                  <String HEIGHT="74"
                          WIDTH="86"
                          VPOS="3111"
                          HPOS="2220"
                          CONTENT="ma"
                          SUBS_TYPE="HypPart1"
                          SUBS_CONTENT="maioris"/>
                  <HYP CONTENT="-"/>
               </TextLine>
               <TextLine ID="r1l55"
                         BASELINE="3235"
                         HEIGHT="75"
                         WIDTH="1761"
                         VPOS="3160"
                         HPOS="539">
                  <String HEIGHT="75"
                          WIDTH="160"
                          VPOS="3160"
                          HPOS="521"
                          CONTENT="ioris"
                          SUBS_TYPE="HypPart2"
                          SUBS_CONTENT="maioris"/>
                  <SP HEIGHT="75" WIDTH="18" VPOS="3160" HPOS="681"/>
                  <String HEIGHT="75"
                          WIDTH="196"
                          VPOS="3160"
                          HPOS="628"
                          CONTENT="meriti."/>
                  <SP HEIGHT="75" WIDTH="18" VPOS="3160" HPOS="824"/>
                  <String HEIGHT="75"
                          WIDTH="160"
                          VPOS="3160"
                          HPOS="770"
                          CONTENT="Licet"/>
                  <SP HEIGHT="75" WIDTH="18" VPOS="3160" HPOS="930"/>
                  <String HEIGHT="75"
                          WIDTH="142"
                          VPOS="3160"
                          HPOS="877"
                          CONTENT="enim"/>
                  <SP HEIGHT="75" WIDTH="18" VPOS="3160" HPOS="1019"/>
                  <String HEIGHT="75"
                          WIDTH="125"
                          VPOS="3160"
                          HPOS="966"
                          CONTENT="non"/>
                  <SP HEIGHT="75" WIDTH="18" VPOS="3160" HPOS="1090"/>
                  <String HEIGHT="75"
                          WIDTH="231"
                          VPOS="3160"
                          HPOS="1037"
                          CONTENT="sequatur:"/>
                  <SP HEIGHT="75" WIDTH="18" VPOS="3160" HPOS="1268"/>
                  <String HEIGHT="75"
                          WIDTH="142"
                          VPOS="3160"
                          HPOS="1215"
                          CONTENT="opus"/>
                  <SP HEIGHT="75" WIDTH="18" VPOS="3160" HPOS="1357"/>
                  <String HEIGHT="75"
                          WIDTH="125"
                          VPOS="3160"
                          HPOS="1304"
                          CONTENT="est"/>
                  <SP HEIGHT="75" WIDTH="18" VPOS="3160" HPOS="1428"/>
                  <String HEIGHT="75"
                          WIDTH="213"
                          VPOS="3160"
                          HPOS="1375"
                          CONTENT="vtilius:"/>
                  <SP HEIGHT="75" WIDTH="18" VPOS="3160" HPOS="1588"/>
                  <String HEIGHT="75"
                          WIDTH="142"
                          VPOS="3160"
                          HPOS="1535"
                          CONTENT="ergo"/>
                  <SP HEIGHT="75" WIDTH="18" VPOS="3160" HPOS="1677"/>
                  <String HEIGHT="75"
                          WIDTH="125"
                          VPOS="3160"
                          HPOS="1624"
                          CONTENT="est"/>
                  <SP HEIGHT="75" WIDTH="18" VPOS="3160" HPOS="1749"/>
                  <String HEIGHT="75"
                          WIDTH="196"
                          VPOS="3160"
                          HPOS="1695"
                          CONTENT="maioris"/>
                  <SP HEIGHT="75" WIDTH="18" VPOS="3160" HPOS="1891"/>
                  <String HEIGHT="75"
                          WIDTH="196"
                          VPOS="3160"
                          HPOS="1838"
                          CONTENT="meriti:"/>
                  <SP HEIGHT="75" WIDTH="18" VPOS="3160" HPOS="2033"/>
                  <String HEIGHT="75"
                          WIDTH="178"
                          VPOS="3160"
                          HPOS="1980"
                          CONTENT="quando"/>
                  <SP HEIGHT="75" WIDTH="18" VPOS="3160" HPOS="2158"/>
                  <String HEIGHT="75"
                          WIDTH="231"
                          VPOS="3160"
                          HPOS="2104"
                          CONTENT="solummodo"/>
                  <SP HEIGHT="75" WIDTH="18" VPOS="3160" HPOS="2336"/>
                  <String HEIGHT="75" WIDTH="36" VPOS="3160" HPOS="2264" CONTENT=""/>
               </TextLine>
            </TextBlock>
         </PrintSpace>
      </Page>
   </Layout>
</alto>
