<?xml version="1.0" encoding="UTF-8"?>
<alto xmlns:xsi="http://www.w3.org/2001/XMLSchema-instance"
      xmlns="http://www.loc.gov/standards/alto/ns-v2#"
      xmlns:page="http://schema.primaresearch.org/PAGE/gts/pagecontent/2013-07-15"
      xsi:schemaLocation="http://www.loc.gov/standards/alto/ns-v2# http://www.loc.gov/standards/alto/alto.xsd">
   <Description>
      <MeasurementUnit>pixel</MeasurementUnit>
      <OCRProcessing ID="IdOcr">
         <ocrProcessingStep>
            <processingDateTime>2020-04-22T20:12:06.571-04:00</processingDateTime>
            <processingSoftware>
               <softwareCreator>READ COOP</softwareCreator>
               <softwareName>Transkribus</softwareName>
            </processingSoftware>
         </ocrProcessingStep>
      </OCRProcessing>
   </Description>
   <Layout>
      <Page ID="Page1" PHYSICAL_IMG_NR="1" HEIGHT="3708" WIDTH="2490">
         <TopMargin HEIGHT="0" WIDTH="2490" VPOS="0" HPOS="0"/>
         <LeftMargin HEIGHT="3708" WIDTH="0" VPOS="0" HPOS="0"/>
         <RightMargin HEIGHT="3708" WIDTH="0" VPOS="0" HPOS="2490"/>
         <BottomMargin HEIGHT="0" WIDTH="2490" VPOS="3708" HPOS="0"/>
         <PrintSpace HEIGHT="3708" WIDTH="2490" VPOS="0" HPOS="0">
            <TextBlock ID="TextRegion_1586054230525_2825"
                       HEIGHT="2967"
                       WIDTH="1760"
                       VPOS="249"
                       HPOS="565">
               <Shape>
                  <Polygon POINTS="565,249 2325,249 2325,3216 565,3216"/>
               </Shape>
               <TextLine ID="r2l2"
                         BASELINE="319"
                         HEIGHT="99"
                         WIDTH="1735"
                         VPOS="220"
                         HPOS="576">
                  <String HEIGHT="99"
                          WIDTH="260"
                          VPOS="220"
                          HPOS="559"
                          CONTENT="Vigilantium"/>
                  <SP HEIGHT="99" WIDTH="17" VPOS="220" HPOS="819"/>
                  <String HEIGHT="99" WIDTH="121" VPOS="220" HPOS="767" CONTENT="qui"/>
                  <SP HEIGHT="99" WIDTH="17" VPOS="220" HPOS="888"/>
                  <String HEIGHT="99"
                          WIDTH="243"
                          VPOS="220"
                          HPOS="836"
                          CONTENT="contrarium"/>
                  <SP HEIGHT="99" WIDTH="17" VPOS="220" HPOS="1079"/>
                  <String HEIGHT="99"
                          WIDTH="243"
                          VPOS="220"
                          HPOS="1027"
                          CONTENT="asserebat,"/>
                  <SP HEIGHT="99" WIDTH="17" VPOS="220" HPOS="1270"/>
                  <String HEIGHT="99"
                          WIDTH="156"
                          VPOS="220"
                          HPOS="1218"
                          CONTENT="dicit"/>
                  <SP HEIGHT="99" WIDTH="17" VPOS="220" HPOS="1374"/>
                  <String HEIGHT="99"
                          WIDTH="139"
                          VPOS="220"
                          HPOS="1322"
                          CONTENT="sic."/>
                  <SP HEIGHT="99" WIDTH="17" VPOS="220" HPOS="1461"/>
                  <String HEIGHT="99"
                          WIDTH="208"
                          VPOS="220"
                          HPOS="1409"
                          CONTENT="Monachus"/>
                  <SP HEIGHT="99" WIDTH="17" VPOS="220" HPOS="1617"/>
                  <String HEIGHT="99"
                          WIDTH="121"
                          VPOS="220"
                          HPOS="1565"
                          CONTENT="non"/>
                  <SP HEIGHT="99" WIDTH="17" VPOS="220" HPOS="1686"/>
                  <String HEIGHT="99"
                          WIDTH="208"
                          VPOS="220"
                          HPOS="1634"
                          CONTENT="doctoris"/>
                  <SP HEIGHT="99" WIDTH="17" VPOS="220" HPOS="1843"/>
                  <String HEIGHT="99"
                          WIDTH="121"
                          VPOS="220"
                          HPOS="1791"
                          CONTENT="sed"/>
                  <SP HEIGHT="99" WIDTH="17" VPOS="220" HPOS="1912"/>
                  <String HEIGHT="99"
                          WIDTH="243"
                          VPOS="220"
                          HPOS="1860"
                          CONTENT="plangentis"/>
                  <SP HEIGHT="99" WIDTH="17" VPOS="220" HPOS="2103"/>
                  <String HEIGHT="99"
                          WIDTH="156"
                          VPOS="220"
                          HPOS="2051"
                          CONTENT="habet"/>
                  <SP HEIGHT="99" WIDTH="17" VPOS="220" HPOS="2207"/>
                  <String HEIGHT="99"
                          WIDTH="174"
                          VPOS="220"
                          HPOS="2138"
                          CONTENT="officium"/>
               </TextLine>
               <TextLine ID="r2l3"
                         BASELINE="379"
                         HEIGHT="61"
                         WIDTH="1741"
                         VPOS="318"
                         HPOS="570">
                  <String HEIGHT="61" WIDTH="119" VPOS="318" HPOS="553" CONTENT="qui"/>
                  <SP HEIGHT="61" WIDTH="17" VPOS="318" HPOS="672"/>
                  <String HEIGHT="61" WIDTH="119" VPOS="318" HPOS="621" CONTENT="vel"/>
                  <SP HEIGHT="61" WIDTH="17" VPOS="318" HPOS="741"/>
                  <String HEIGHT="61" WIDTH="102" VPOS="318" HPOS="689" CONTENT="se"/>
                  <SP HEIGHT="61" WIDTH="17" VPOS="318" HPOS="792"/>
                  <String HEIGHT="61" WIDTH="119" VPOS="318" HPOS="741" CONTENT="vel"/>
                  <SP HEIGHT="61" WIDTH="17" VPOS="318" HPOS="860"/>
                  <String HEIGHT="61"
                          WIDTH="171"
                          VPOS="318"
                          HPOS="809"
                          CONTENT="mundum"/>
                  <SP HEIGHT="61" WIDTH="17" VPOS="318" HPOS="980"/>
                  <String HEIGHT="61"
                          WIDTH="188"
                          VPOS="318"
                          HPOS="928"
                          CONTENT="lugeat:"/>
                  <SP HEIGHT="61" WIDTH="17" VPOS="318" HPOS="1116"/>
                  <String HEIGHT="61" WIDTH="85" VPOS="318" HPOS="1065" CONTENT="&amp;"/>
                  <SP HEIGHT="61" WIDTH="17" VPOS="318" HPOS="1150"/>
                  <String HEIGHT="61"
                          WIDTH="171"
                          VPOS="318"
                          HPOS="1099"
                          CONTENT="domini"/>
                  <SP HEIGHT="61" WIDTH="17" VPOS="318" HPOS="1270"/>
                  <String HEIGHT="61"
                          WIDTH="188"
                          VPOS="318"
                          HPOS="1219"
                          CONTENT="pauidus"/>
                  <SP HEIGHT="61" WIDTH="17" VPOS="318" HPOS="1406"/>
                  <String HEIGHT="61"
                          WIDTH="273"
                          VPOS="318"
                          HPOS="1355"
                          CONTENT="praestoletur"/>
                  <SP HEIGHT="61" WIDTH="17" VPOS="318" HPOS="1628"/>
                  <String HEIGHT="61"
                          WIDTH="222"
                          VPOS="318"
                          HPOS="1577"
                          CONTENT="aduentum:"/>
                  <SP HEIGHT="61" WIDTH="17" VPOS="318" HPOS="1799"/>
                  <String HEIGHT="61"
                          WIDTH="119"
                          VPOS="318"
                          HPOS="1748"
                          CONTENT="qui"/>
                  <SP HEIGHT="61" WIDTH="17" VPOS="318" HPOS="1867"/>
                  <String HEIGHT="61"
                          WIDTH="171"
                          VPOS="318"
                          HPOS="1816"
                          CONTENT="sciens"/>
                  <SP HEIGHT="61" WIDTH="17" VPOS="318" HPOS="1987"/>
                  <String HEIGHT="61"
                          WIDTH="307"
                          VPOS="318"
                          HPOS="1935"
                          CONTENT="imbecillitatem"/>
                  <SP HEIGHT="61" WIDTH="17" VPOS="318" HPOS="2243"/>
                  <String HEIGHT="61"
                          WIDTH="137"
                          VPOS="318"
                          HPOS="2192"
                          CONTENT="suam"/>
                  <SP HEIGHT="61" WIDTH="17" VPOS="318" HPOS="2328"/>
                  <String HEIGHT="61" WIDTH="51" VPOS="318" HPOS="2260" CONTENT="&amp;"/>
               </TextLine>
               <TextLine ID="r2l4"
                         BASELINE="437"
                         HEIGHT="62"
                         WIDTH="1746"
                         VPOS="375"
                         HPOS="562">
                  <String HEIGHT="62" WIDTH="122" VPOS="375" HPOS="545" CONTENT="vas"/>
                  <SP HEIGHT="62" WIDTH="17" VPOS="375" HPOS="667"/>
                  <String HEIGHT="62"
                          WIDTH="192"
                          VPOS="375"
                          HPOS="614"
                          CONTENT="fragile"/>
                  <SP HEIGHT="62" WIDTH="17" VPOS="375" HPOS="806"/>
                  <String HEIGHT="62"
                          WIDTH="140"
                          VPOS="375"
                          HPOS="754"
                          CONTENT="quid"/>
                  <SP HEIGHT="62" WIDTH="17" VPOS="375" HPOS="894"/>
                  <String HEIGHT="62"
                          WIDTH="192"
                          VPOS="375"
                          HPOS="841"
                          CONTENT="portat,"/>
                  <SP HEIGHT="62" WIDTH="17" VPOS="375" HPOS="1033"/>
                  <String HEIGHT="62"
                          WIDTH="157"
                          VPOS="375"
                          HPOS="981"
                          CONTENT="timet"/>
                  <SP HEIGHT="62" WIDTH="17" VPOS="375" HPOS="1138"/>
                  <String HEIGHT="62"
                          WIDTH="227"
                          VPOS="375"
                          HPOS="1086"
                          CONTENT="offendere"/>
                  <SP HEIGHT="62" WIDTH="17" VPOS="375" HPOS="1313"/>
                  <String HEIGHT="62" WIDTH="105" VPOS="375" HPOS="1260" CONTENT="ne"/>
                  <SP HEIGHT="62" WIDTH="17" VPOS="375" HPOS="1365"/>
                  <String HEIGHT="62"
                          WIDTH="210"
                          VPOS="375"
                          HPOS="1313"
                          CONTENT="impingat"/>
                  <SP HEIGHT="62" WIDTH="17" VPOS="375" HPOS="1522"/>
                  <String HEIGHT="62" WIDTH="87" VPOS="375" HPOS="1470" CONTENT="&amp;"/>
                  <SP HEIGHT="62" WIDTH="17" VPOS="375" HPOS="1557"/>
                  <String HEIGHT="62"
                          WIDTH="192"
                          VPOS="375"
                          HPOS="1505"
                          CONTENT="corruat"/>
                  <SP HEIGHT="62" WIDTH="17" VPOS="375" HPOS="1697"/>
                  <String HEIGHT="62"
                          WIDTH="157"
                          VPOS="375"
                          HPOS="1645"
                          CONTENT="atque"/>
                  <SP HEIGHT="62" WIDTH="17" VPOS="375" HPOS="1802"/>
                  <String HEIGHT="62"
                          WIDTH="210"
                          VPOS="375"
                          HPOS="1749"
                          CONTENT="frangat:"/>
                  <SP HEIGHT="62" WIDTH="17" VPOS="375" HPOS="1959"/>
                  <String HEIGHT="62" WIDTH="87" VPOS="375" HPOS="1906" CONTENT="&amp;"/>
                  <SP HEIGHT="62" WIDTH="17" VPOS="375" HPOS="1994"/>
                  <String HEIGHT="62"
                          WIDTH="210"
                          VPOS="375"
                          HPOS="1941"
                          CONTENT="intantum"/>
                  <SP HEIGHT="62" WIDTH="17" VPOS="375" HPOS="2151"/>
                  <String HEIGHT="62"
                          WIDTH="244"
                          VPOS="375"
                          HPOS="2098"
                          CONTENT="castigator"/>
                  <SP HEIGHT="62" WIDTH="17" VPOS="375" HPOS="2343"/>
                  <String HEIGHT="62" WIDTH="35" VPOS="375" HPOS="2273" CONTENT=""/>
               </TextLine>
               <TextLine ID="r2l5"
                         BASELINE="493"
                         HEIGHT="69"
                         WIDTH="1754"
                         VPOS="424"
                         HPOS="562">
                  <String HEIGHT="69" WIDTH="124" VPOS="424" HPOS="544" CONTENT="sui"/>
                  <SP HEIGHT="69" WIDTH="18" VPOS="424" HPOS="668"/>
                  <String HEIGHT="69" WIDTH="124" VPOS="424" HPOS="615" CONTENT="est"/>
                  <SP HEIGHT="69" WIDTH="18" VPOS="424" HPOS="739"/>
                  <String HEIGHT="69" WIDTH="106" VPOS="424" HPOS="686" CONTENT="vt"/>
                  <SP HEIGHT="69" WIDTH="18" VPOS="424" HPOS="792"/>
                  <String HEIGHT="69"
                          WIDTH="159"
                          VPOS="424"
                          HPOS="739"
                          CONTENT="etiam"/>
                  <SP HEIGHT="69" WIDTH="18" VPOS="424" HPOS="899"/>
                  <String HEIGHT="69"
                          WIDTH="142"
                          VPOS="424"
                          HPOS="845"
                          CONTENT="quae"/>
                  <SP HEIGHT="69" WIDTH="18" VPOS="424" HPOS="987"/>
                  <String HEIGHT="69"
                          WIDTH="142"
                          VPOS="424"
                          HPOS="934"
                          CONTENT="tuta"/>
                  <SP HEIGHT="69" WIDTH="18" VPOS="424" HPOS="1076"/>
                  <String HEIGHT="69"
                          WIDTH="142"
                          VPOS="424"
                          HPOS="1023"
                          CONTENT="sunt"/>
                  <SP HEIGHT="69" WIDTH="18" VPOS="424" HPOS="1164"/>
                  <String HEIGHT="69"
                          WIDTH="283"
                          VPOS="424"
                          HPOS="1111"
                          CONTENT="pertimescat."/>
                  <SP HEIGHT="69" WIDTH="18" VPOS="424" HPOS="1395"/>
                  <String HEIGHT="69"
                          WIDTH="124"
                          VPOS="424"
                          HPOS="1342"
                          CONTENT="Cur"/>
                  <SP HEIGHT="69" WIDTH="18" VPOS="424" HPOS="1466"/>
                  <String HEIGHT="69"
                          WIDTH="213"
                          VPOS="424"
                          HPOS="1412"
                          CONTENT="(inquit)"/>
                  <SP HEIGHT="69" WIDTH="18" VPOS="424" HPOS="1625"/>
                  <String HEIGHT="69"
                          WIDTH="177"
                          VPOS="424"
                          HPOS="1572"
                          CONTENT="pergis"/>
                  <SP HEIGHT="69" WIDTH="18" VPOS="424" HPOS="1749"/>
                  <String HEIGHT="69" WIDTH="106" VPOS="424" HPOS="1696" CONTENT="ad"/>
                  <SP HEIGHT="69" WIDTH="18" VPOS="424" HPOS="1802"/>
                  <String HEIGHT="69"
                          WIDTH="195"
                          VPOS="424"
                          HPOS="1749"
                          CONTENT="eremum:"/>
                  <SP HEIGHT="69" WIDTH="18" VPOS="424" HPOS="1944"/>
                  <String HEIGHT="69" WIDTH="106" VPOS="424" HPOS="1891" CONTENT="vt"/>
                  <SP HEIGHT="69" WIDTH="18" VPOS="424" HPOS="1997"/>
                  <String HEIGHT="69"
                          WIDTH="124"
                          VPOS="424"
                          HPOS="1944"
                          CONTENT="tua"/>
                  <SP HEIGHT="69" WIDTH="18" VPOS="424" HPOS="2068"/>
                  <String HEIGHT="69"
                          WIDTH="159"
                          VPOS="424"
                          HPOS="2015"
                          CONTENT="bella"/>
                  <SP HEIGHT="69" WIDTH="18" VPOS="424" HPOS="2174"/>
                  <String HEIGHT="69"
                          WIDTH="124"
                          VPOS="424"
                          HPOS="2121"
                          CONTENT="non"/>
                  <SP HEIGHT="69" WIDTH="18" VPOS="424" HPOS="2245"/>
                  <String HEIGHT="69"
                          WIDTH="142"
                          VPOS="424"
                          HPOS="2174"
                          CONTENT="patiar"/>
               </TextLine>
               <TextLine ID="r2l6"
                         BASELINE="544"
                         HEIGHT="62"
                         WIDTH="1761"
                         VPOS="482"
                         HPOS="560">
                  <String HEIGHT="62" WIDTH="111" VPOS="482" HPOS="541" CONTENT="ne"/>
                  <SP HEIGHT="62" WIDTH="19" VPOS="482" HPOS="653"/>
                  <String HEIGHT="62" WIDTH="111" VPOS="482" HPOS="597" CONTENT="me"/>
                  <SP HEIGHT="62" WIDTH="19" VPOS="482" HPOS="708"/>
                  <String HEIGHT="62"
                          WIDTH="185"
                          VPOS="482"
                          HPOS="653"
                          CONTENT="rapiat"/>
                  <SP HEIGHT="62" WIDTH="19" VPOS="482" HPOS="838"/>
                  <String HEIGHT="62"
                          WIDTH="185"
                          VPOS="482"
                          HPOS="782"
                          CONTENT="oculus"/>
                  <SP HEIGHT="62" WIDTH="19" VPOS="482" HPOS="968"/>
                  <String HEIGHT="62"
                          WIDTH="278"
                          VPOS="482"
                          HPOS="912"
                          CONTENT="meretricis:"/>
                  <SP HEIGHT="62" WIDTH="19" VPOS="482" HPOS="1190"/>
                  <String HEIGHT="62" WIDTH="111" VPOS="482" HPOS="1135" CONTENT="ne"/>
                  <SP HEIGHT="62" WIDTH="19" VPOS="482" HPOS="1246"/>
                  <String HEIGHT="62"
                          WIDTH="167"
                          VPOS="482"
                          HPOS="1190"
                          CONTENT="forma"/>
                  <SP HEIGHT="62" WIDTH="19" VPOS="482" HPOS="1357"/>
                  <String HEIGHT="62"
                          WIDTH="278"
                          VPOS="482"
                          HPOS="1301"
                          CONTENT="pulcherrima"/>
                  <SP HEIGHT="62" WIDTH="19" VPOS="482" HPOS="1580"/>
                  <String HEIGHT="62" WIDTH="111" VPOS="482" HPOS="1524" CONTENT="ad"/>
                  <SP HEIGHT="62" WIDTH="19" VPOS="482" HPOS="1635"/>
                  <String HEIGHT="62"
                          WIDTH="241"
                          VPOS="482"
                          HPOS="1580"
                          CONTENT="illicitos"/>
                  <SP HEIGHT="62" WIDTH="19" VPOS="482" HPOS="1821"/>
                  <String HEIGHT="62"
                          WIDTH="167"
                          VPOS="482"
                          HPOS="1765"
                          CONTENT="ducat"/>
                  <SP HEIGHT="62" WIDTH="19" VPOS="482" HPOS="1932"/>
                  <String HEIGHT="62"
                          WIDTH="241"
                          VPOS="482"
                          HPOS="1876"
                          CONTENT="aspectus."/>
                  <SP HEIGHT="62" WIDTH="19" VPOS="482" HPOS="2117"/>
                  <String HEIGHT="62"
                          WIDTH="297"
                          VPOS="482"
                          HPOS="2061"
                          CONTENT="Respondebis:"/>
                  <SP HEIGHT="62" WIDTH="19" VPOS="482" HPOS="2358"/>
                  <String HEIGHT="62" WIDTH="37" VPOS="482" HPOS="2284" CONTENT=""/>
               </TextLine>
               <TextLine ID="r2l7"
                         BASELINE="594"
                         HEIGHT="66"
                         WIDTH="1752"
                         VPOS="528"
                         HPOS="568">
                  <String HEIGHT="66" WIDTH="121" VPOS="528" HPOS="551" CONTENT="hoc"/>
                  <SP HEIGHT="66" WIDTH="17" VPOS="528" HPOS="672"/>
                  <String HEIGHT="66" WIDTH="121" VPOS="528" HPOS="620" CONTENT="non"/>
                  <SP HEIGHT="66" WIDTH="17" VPOS="528" HPOS="741"/>
                  <String HEIGHT="66" WIDTH="121" VPOS="528" HPOS="689" CONTENT="est"/>
                  <SP HEIGHT="66" WIDTH="17" VPOS="528" HPOS="811"/>
                  <String HEIGHT="66"
                          WIDTH="191"
                          VPOS="528"
                          HPOS="759"
                          CONTENT="pugnare"/>
                  <SP HEIGHT="66" WIDTH="17" VPOS="528" HPOS="950"/>
                  <String HEIGHT="66" WIDTH="121" VPOS="528" HPOS="898" CONTENT="sed"/>
                  <SP HEIGHT="66" WIDTH="17" VPOS="528" HPOS="1019"/>
                  <String HEIGHT="66"
                          WIDTH="191"
                          VPOS="528"
                          HPOS="967"
                          CONTENT="fugere:"/>
                  <SP HEIGHT="66" WIDTH="17" VPOS="528" HPOS="1158"/>
                  <String HEIGHT="66"
                          WIDTH="121"
                          VPOS="528"
                          HPOS="1106"
                          CONTENT="sta"/>
                  <SP HEIGHT="66" WIDTH="17" VPOS="528" HPOS="1227"/>
                  <String HEIGHT="66" WIDTH="104" VPOS="528" HPOS="1175" CONTENT="in"/>
                  <SP HEIGHT="66" WIDTH="17" VPOS="528" HPOS="1279"/>
                  <String HEIGHT="66"
                          WIDTH="139"
                          VPOS="528"
                          HPOS="1227"
                          CONTENT="acie"/>
                  <SP HEIGHT="66" WIDTH="17" VPOS="528" HPOS="1366"/>
                  <String HEIGHT="66"
                          WIDTH="191"
                          VPOS="528"
                          HPOS="1314"
                          CONTENT="armatus"/>
                  <SP HEIGHT="66" WIDTH="17" VPOS="528" HPOS="1505"/>
                  <String HEIGHT="66" WIDTH="104" VPOS="528" HPOS="1453" CONTENT="vt"/>
                  <SP HEIGHT="66" WIDTH="17" VPOS="528" HPOS="1557"/>
                  <String HEIGHT="66"
                          WIDTH="208"
                          VPOS="528"
                          HPOS="1505"
                          CONTENT="postquam"/>
                  <SP HEIGHT="66" WIDTH="17" VPOS="528" HPOS="1713"/>
                  <String HEIGHT="66"
                          WIDTH="191"
                          VPOS="528"
                          HPOS="1661"
                          CONTENT="viceris"/>
                  <SP HEIGHT="66" WIDTH="17" VPOS="528" HPOS="1852"/>
                  <String HEIGHT="66"
                          WIDTH="243"
                          VPOS="528"
                          HPOS="1800"
                          CONTENT="coroneris."/>
                  <SP HEIGHT="66" WIDTH="17" VPOS="528" HPOS="2042"/>
                  <String HEIGHT="66"
                          WIDTH="173"
                          VPOS="528"
                          HPOS="1990"
                          CONTENT="Fateor"/>
                  <SP HEIGHT="66" WIDTH="17" VPOS="528" HPOS="2164"/>
                  <String HEIGHT="66"
                          WIDTH="226"
                          VPOS="528"
                          HPOS="2094"
                          CONTENT="imbecillita"/>
               </TextLine>
               <TextLine ID="r2l8"
                         BASELINE="646"
                         HEIGHT="59"
                         WIDTH="1743"
                         VPOS="587"
                         HPOS="573">
                  <String HEIGHT="59" WIDTH="125" VPOS="587" HPOS="555" CONTENT="tem"/>
                  <SP HEIGHT="59" WIDTH="18" VPOS="587" HPOS="680"/>
                  <String HEIGHT="59"
                          WIDTH="160"
                          VPOS="587"
                          HPOS="626"
                          CONTENT="meam,"/>
                  <SP HEIGHT="59" WIDTH="18" VPOS="587" HPOS="786"/>
                  <String HEIGHT="59"
                          WIDTH="142"
                          VPOS="587"
                          HPOS="733"
                          CONTENT="nolo"/>
                  <SP HEIGHT="59" WIDTH="18" VPOS="587" HPOS="875"/>
                  <String HEIGHT="59"
                          WIDTH="196"
                          VPOS="587"
                          HPOS="822"
                          CONTENT="pugnare"/>
                  <SP HEIGHT="59" WIDTH="18" VPOS="587" HPOS="1018"/>
                  <String HEIGHT="59" WIDTH="125" VPOS="587" HPOS="964" CONTENT="spe"/>
                  <SP HEIGHT="59" WIDTH="18" VPOS="587" HPOS="1089"/>
                  <String HEIGHT="59"
                          WIDTH="249"
                          VPOS="587"
                          HPOS="1035"
                          CONTENT="victoriae,"/>
                  <SP HEIGHT="59" WIDTH="18" VPOS="587" HPOS="1284"/>
                  <String HEIGHT="59" WIDTH="107" VPOS="587" HPOS="1231" CONTENT="ne"/>
                  <SP HEIGHT="59" WIDTH="18" VPOS="587" HPOS="1338"/>
                  <String HEIGHT="59"
                          WIDTH="178"
                          VPOS="587"
                          HPOS="1284"
                          CONTENT="perdam"/>
                  <SP HEIGHT="59" WIDTH="18" VPOS="587" HPOS="1462"/>
                  <String HEIGHT="59"
                          WIDTH="231"
                          VPOS="587"
                          HPOS="1409"
                          CONTENT="aliquando"/>
                  <SP HEIGHT="59" WIDTH="18" VPOS="587" HPOS="1640"/>
                  <String HEIGHT="59"
                          WIDTH="249"
                          VPOS="587"
                          HPOS="1587"
                          CONTENT="victoriam:"/>
                  <SP HEIGHT="59" WIDTH="18" VPOS="587" HPOS="1836"/>
                  <String HEIGHT="59" WIDTH="107" VPOS="587" HPOS="1782" CONTENT="si"/>
                  <SP HEIGHT="59" WIDTH="18" VPOS="587" HPOS="1889"/>
                  <String HEIGHT="59"
                          WIDTH="196"
                          VPOS="587"
                          HPOS="1836"
                          CONTENT="fugero,"/>
                  <SP HEIGHT="59" WIDTH="18" VPOS="587" HPOS="2031"/>
                  <String HEIGHT="59"
                          WIDTH="196"
                          VPOS="587"
                          HPOS="1978"
                          CONTENT="gladium"/>
                  <SP HEIGHT="59" WIDTH="18" VPOS="587" HPOS="2174"/>
                  <String HEIGHT="59"
                          WIDTH="196"
                          VPOS="587"
                          HPOS="2120"
                          CONTENT="deuito:"/>
                  <SP HEIGHT="59" WIDTH="18" VPOS="587" HPOS="2316"/>
                  <String HEIGHT="59" WIDTH="71" VPOS="587" HPOS="2245" CONTENT="si"/>
               </TextLine>
               <TextLine ID="r2l9"
                         BASELINE="707"
                         HEIGHT="66"
                         WIDTH="1750"
                         VPOS="641"
                         HPOS="563">
                  <String HEIGHT="66"
                          WIDTH="194"
                          VPOS="641"
                          HPOS="545"
                          CONTENT="stetero"/>
                  <SP HEIGHT="66" WIDTH="18" VPOS="641" HPOS="740"/>
                  <String HEIGHT="66"
                          WIDTH="230"
                          VPOS="641"
                          HPOS="687"
                          CONTENT="vincendum"/>
                  <SP HEIGHT="66" WIDTH="18" VPOS="641" HPOS="917"/>
                  <String HEIGHT="66"
                          WIDTH="141"
                          VPOS="641"
                          HPOS="864"
                          CONTENT="mihi"/>
                  <SP HEIGHT="66" WIDTH="18" VPOS="641" HPOS="1005"/>
                  <String HEIGHT="66" WIDTH="124" VPOS="641" HPOS="952" CONTENT="est"/>
                  <SP HEIGHT="66" WIDTH="18" VPOS="641" HPOS="1076"/>
                  <String HEIGHT="66"
                          WIDTH="124"
                          VPOS="641"
                          HPOS="1023"
                          CONTENT="aut"/>
                  <SP HEIGHT="66" WIDTH="18" VPOS="641" HPOS="1146"/>
                  <String HEIGHT="66"
                          WIDTH="230"
                          VPOS="641"
                          HPOS="1093"
                          CONTENT="cadendum."/>
                  <SP HEIGHT="66" WIDTH="18" VPOS="641" HPOS="1323"/>
                  <String HEIGHT="66"
                          WIDTH="141"
                          VPOS="641"
                          HPOS="1270"
                          CONTENT="Quid"/>
                  <SP HEIGHT="66" WIDTH="18" VPOS="641" HPOS="1411"/>
                  <String HEIGHT="66"
                          WIDTH="159"
                          VPOS="641"
                          HPOS="1358"
                          CONTENT="autem"/>
                  <SP HEIGHT="66" WIDTH="18" VPOS="641" HPOS="1518"/>
                  <String HEIGHT="66"
                          WIDTH="194"
                          VPOS="641"
                          HPOS="1465"
                          CONTENT="necesse"/>
                  <SP HEIGHT="66" WIDTH="18" VPOS="641" HPOS="1659"/>
                  <String HEIGHT="66"
                          WIDTH="124"
                          VPOS="641"
                          HPOS="1606"
                          CONTENT="est"/>
                  <SP HEIGHT="66" WIDTH="18" VPOS="641" HPOS="1730"/>
                  <String HEIGHT="66"
                          WIDTH="159"
                          VPOS="641"
                          HPOS="1677"
                          CONTENT="certa"/>
                  <SP HEIGHT="66" WIDTH="18" VPOS="641" HPOS="1836"/>
                  <String HEIGHT="66"
                          WIDTH="230"
                          VPOS="641"
                          HPOS="1783"
                          CONTENT="dimittere"/>
                  <SP HEIGHT="66" WIDTH="18" VPOS="641" HPOS="2012"/>
                  <String HEIGHT="66" WIDTH="88" VPOS="641" HPOS="1959" CONTENT="&amp;"/>
                  <SP HEIGHT="66" WIDTH="18" VPOS="641" HPOS="2048"/>
                  <String HEIGHT="66"
                          WIDTH="194"
                          VPOS="641"
                          HPOS="1995"
                          CONTENT="incerta"/>
                  <SP HEIGHT="66" WIDTH="18" VPOS="641" HPOS="2189"/>
                  <String HEIGHT="66"
                          WIDTH="212"
                          VPOS="641"
                          HPOS="2136"
                          CONTENT="sectari:"/>
                  <SP HEIGHT="66" WIDTH="18" VPOS="641" HPOS="2348"/>
                  <String HEIGHT="66" WIDTH="35" VPOS="641" HPOS="2278" CONTENT=""/>
               </TextLine>
               <TextLine ID="line_1586054256005_2842"
                         BASELINE="765"
                         HEIGHT="68"
                         WIDTH="1763"
                         VPOS="697"
                         HPOS="563">
                  <String HEIGHT="68" WIDTH="131" VPOS="697" HPOS="544" CONTENT="aut"/>
                  <SP HEIGHT="68" WIDTH="19" VPOS="697" HPOS="676"/>
                  <String HEIGHT="68"
                          WIDTH="169"
                          VPOS="697"
                          HPOS="619"
                          CONTENT="scuto"/>
                  <SP HEIGHT="68" WIDTH="19" VPOS="697" HPOS="788"/>
                  <String HEIGHT="68" WIDTH="131" VPOS="697" HPOS="732" CONTENT="aut"/>
                  <SP HEIGHT="68" WIDTH="19" VPOS="697" HPOS="863"/>
                  <String HEIGHT="68"
                          WIDTH="206"
                          VPOS="697"
                          HPOS="807"
                          CONTENT="pedibus"/>
                  <SP HEIGHT="68" WIDTH="19" VPOS="697" HPOS="1013"/>
                  <String HEIGHT="68"
                          WIDTH="150"
                          VPOS="697"
                          HPOS="957"
                          CONTENT="mors"/>
                  <SP HEIGHT="68" WIDTH="19" VPOS="697" HPOS="1107"/>
                  <String HEIGHT="68"
                          WIDTH="206"
                          VPOS="697"
                          HPOS="1051"
                          CONTENT="vitanda"/>
                  <SP HEIGHT="68" WIDTH="19" VPOS="697" HPOS="1257"/>
                  <String HEIGHT="68"
                          WIDTH="150"
                          VPOS="697"
                          HPOS="1201"
                          CONTENT="est."/>
                  <SP HEIGHT="68" WIDTH="19" VPOS="697" HPOS="1351"/>
                  <String HEIGHT="68" WIDTH="113" VPOS="697" HPOS="1294" CONTENT="Tu"/>
                  <SP HEIGHT="68" WIDTH="19" VPOS="697" HPOS="1407"/>
                  <String HEIGHT="68"
                          WIDTH="131"
                          VPOS="697"
                          HPOS="1351"
                          CONTENT="qui"/>
                  <SP HEIGHT="68" WIDTH="19" VPOS="697" HPOS="1482"/>
                  <String HEIGHT="68"
                          WIDTH="206"
                          VPOS="697"
                          HPOS="1426"
                          CONTENT="pugnas,"/>
                  <SP HEIGHT="68" WIDTH="19" VPOS="697" HPOS="1632"/>
                  <String HEIGHT="68" WIDTH="94" VPOS="697" HPOS="1576" CONTENT="&amp;"/>
                  <SP HEIGHT="68" WIDTH="19" VPOS="697" HPOS="1670"/>
                  <String HEIGHT="68"
                          WIDTH="225"
                          VPOS="697"
                          HPOS="1613"
                          CONTENT="superare"/>
                  <SP HEIGHT="68" WIDTH="19" VPOS="697" HPOS="1838"/>
                  <String HEIGHT="68"
                          WIDTH="169"
                          VPOS="697"
                          HPOS="1782"
                          CONTENT="potes"/>
                  <SP HEIGHT="68" WIDTH="19" VPOS="697" HPOS="1951"/>
                  <String HEIGHT="68" WIDTH="94" VPOS="697" HPOS="1895" CONTENT="&amp;"/>
                  <SP HEIGHT="68" WIDTH="19" VPOS="697" HPOS="1988"/>
                  <String HEIGHT="68"
                          WIDTH="225"
                          VPOS="697"
                          HPOS="1932"
                          CONTENT="vincere:"/>
                  <SP HEIGHT="68" WIDTH="19" VPOS="697" HPOS="2157"/>
                  <String HEIGHT="68"
                          WIDTH="131"
                          VPOS="697"
                          HPOS="2101"
                          CONTENT="ego"/>
                  <SP HEIGHT="68" WIDTH="19" VPOS="697" HPOS="2232"/>
                  <String HEIGHT="68"
                          WIDTH="131"
                          VPOS="697"
                          HPOS="2176"
                          CONTENT="cum"/>
                  <SP HEIGHT="68" WIDTH="19" VPOS="697" HPOS="2307"/>
                  <String HEIGHT="68"
                          WIDTH="94"
                          VPOS="697"
                          HPOS="2232"
                          CONTENT="fu"
                          SUBS_TYPE="HypPart1"
                          SUBS_CONTENT="fugero"/>
                  <HYP CONTENT="-"/>
               </TextLine>
               <TextLine ID="r2l10"
                         BASELINE="823"
                         HEIGHT="72"
                         WIDTH="1752"
                         VPOS="751"
                         HPOS="569">
                  <String HEIGHT="72"
                          WIDTH="140"
                          VPOS="751"
                          HPOS="551"
                          CONTENT="gero"
                          SUBS_TYPE="HypPart2"
                          SUBS_CONTENT="fugero"/>
                  <SP HEIGHT="72" WIDTH="18" VPOS="751" HPOS="692"/>
                  <String HEIGHT="72" WIDTH="123" VPOS="751" HPOS="639" CONTENT="non"/>
                  <SP HEIGHT="72" WIDTH="18" VPOS="751" HPOS="762"/>
                  <String HEIGHT="72"
                          WIDTH="175"
                          VPOS="751"
                          HPOS="709"
                          CONTENT="vinco:"/>
                  <SP HEIGHT="72" WIDTH="18" VPOS="751" HPOS="884"/>
                  <String HEIGHT="72" WIDTH="123" VPOS="751" HPOS="832" CONTENT="sed"/>
                  <SP HEIGHT="72" WIDTH="18" VPOS="751" HPOS="954"/>
                  <String HEIGHT="72"
                          WIDTH="140"
                          VPOS="751"
                          HPOS="902"
                          CONTENT="ideo"/>
                  <SP HEIGHT="72" WIDTH="18" VPOS="751" HPOS="1042"/>
                  <String HEIGHT="72"
                          WIDTH="158"
                          VPOS="751"
                          HPOS="989"
                          CONTENT="fugio"/>
                  <SP HEIGHT="72" WIDTH="18" VPOS="751" HPOS="1147"/>
                  <String HEIGHT="72" WIDTH="105" VPOS="751" HPOS="1095" CONTENT="ne"/>
                  <SP HEIGHT="72" WIDTH="18" VPOS="751" HPOS="1200"/>
                  <String HEIGHT="72"
                          WIDTH="193"
                          VPOS="751"
                          HPOS="1147"
                          CONTENT="vincar."/>
                  <SP HEIGHT="72" WIDTH="18" VPOS="751" HPOS="1340"/>
                  <String HEIGHT="72" WIDTH="105" VPOS="751" HPOS="1287" CONTENT="Et"/>
                  <SP HEIGHT="72" WIDTH="18" VPOS="751" HPOS="1392"/>
                  <String HEIGHT="72"
                          WIDTH="123"
                          VPOS="751"
                          HPOS="1340"
                          CONTENT="sic"/>
                  <SP HEIGHT="72" WIDTH="18" VPOS="751" HPOS="1463"/>
                  <String HEIGHT="72"
                          WIDTH="123"
                          VPOS="751"
                          HPOS="1410"
                          CONTENT="cum"/>
                  <SP HEIGHT="72" WIDTH="18" VPOS="751" HPOS="1533"/>
                  <String HEIGHT="72"
                          WIDTH="210"
                          VPOS="751"
                          HPOS="1480"
                          CONTENT="sacerdos"/>
                  <SP HEIGHT="72" WIDTH="18" VPOS="751" HPOS="1690"/>
                  <String HEIGHT="72"
                          WIDTH="193"
                          VPOS="751"
                          HPOS="1638"
                          CONTENT="dimissa"/>
                  <SP HEIGHT="72" WIDTH="18" VPOS="751" HPOS="1830"/>
                  <String HEIGHT="72"
                          WIDTH="140"
                          VPOS="751"
                          HPOS="1778"
                          CONTENT="cura"/>
                  <SP HEIGHT="72" WIDTH="18" VPOS="751" HPOS="1918"/>
                  <String HEIGHT="72"
                          WIDTH="175"
                          VPOS="751"
                          HPOS="1865"
                          CONTENT="intrat"/>
                  <SP HEIGHT="72" WIDTH="18" VPOS="751" HPOS="2041"/>
                  <String HEIGHT="72"
                          WIDTH="263"
                          VPOS="751"
                          HPOS="1988"
                          CONTENT="religionem,"/>
                  <SP HEIGHT="72" WIDTH="18" VPOS="751" HPOS="2251"/>
                  <String HEIGHT="72"
                          WIDTH="140"
                          VPOS="751"
                          HPOS="2181"
                          CONTENT="potius"/>
               </TextLine>
               <TextLine ID="line_1586054271420_2851"
                         BASELINE="869"
                         HEIGHT="61"
                         WIDTH="1752"
                         VPOS="808"
                         HPOS="562">
                  <String HEIGHT="61"
                          WIDTH="191"
                          VPOS="808"
                          HPOS="545"
                          CONTENT="tanquam"/>
                  <SP HEIGHT="61" WIDTH="17" VPOS="808" HPOS="735"/>
                  <String HEIGHT="61"
                          WIDTH="208"
                          VPOS="808"
                          HPOS="683"
                          CONTENT="infirmus"/>
                  <SP HEIGHT="61" WIDTH="17" VPOS="808" HPOS="892"/>
                  <String HEIGHT="61" WIDTH="121" VPOS="808" HPOS="840" CONTENT="non"/>
                  <SP HEIGHT="61" WIDTH="17" VPOS="808" HPOS="961"/>
                  <String HEIGHT="61"
                          WIDTH="173"
                          VPOS="808"
                          HPOS="909"
                          CONTENT="potens"/>
                  <SP HEIGHT="61" WIDTH="17" VPOS="808" HPOS="1082"/>
                  <String HEIGHT="61"
                          WIDTH="226"
                          VPOS="808"
                          HPOS="1030"
                          CONTENT="sustinere"/>
                  <SP HEIGHT="61" WIDTH="17" VPOS="808" HPOS="1256"/>
                  <String HEIGHT="61"
                          WIDTH="173"
                          VPOS="808"
                          HPOS="1204"
                          CONTENT="arduum"/>
                  <SP HEIGHT="61" WIDTH="17" VPOS="808" HPOS="1377"/>
                  <String HEIGHT="61"
                          WIDTH="173"
                          VPOS="808"
                          HPOS="1325"
                          CONTENT="pondus"/>
                  <SP HEIGHT="61" WIDTH="17" VPOS="808" HPOS="1499"/>
                  <String HEIGHT="61"
                          WIDTH="226"
                          VPOS="808"
                          HPOS="1447"
                          CONTENT="descendit"/>
                  <SP HEIGHT="61" WIDTH="17" VPOS="808" HPOS="1672"/>
                  <String HEIGHT="61"
                          WIDTH="139"
                          VPOS="808"
                          HPOS="1620"
                          CONTENT="quam"/>
                  <SP HEIGHT="61" WIDTH="17" VPOS="808" HPOS="1759"/>
                  <String HEIGHT="61"
                          WIDTH="226"
                          VPOS="808"
                          HPOS="1707"
                          CONTENT="ascendat:"/>
                  <SP HEIGHT="61" WIDTH="17" VPOS="808" HPOS="1932"/>
                  <String HEIGHT="61" WIDTH="87" VPOS="808" HPOS="1880" CONTENT="&amp;"/>
                  <SP HEIGHT="61" WIDTH="17" VPOS="808" HPOS="1967"/>
                  <String HEIGHT="61"
                          WIDTH="121"
                          VPOS="808"
                          HPOS="1915"
                          CONTENT="cum"/>
                  <SP HEIGHT="61" WIDTH="17" VPOS="808" HPOS="2036"/>
                  <String HEIGHT="61"
                          WIDTH="191"
                          VPOS="808"
                          HPOS="1984"
                          CONTENT="econtra"/>
                  <SP HEIGHT="61" WIDTH="17" VPOS="808" HPOS="2175"/>
                  <String HEIGHT="61"
                          WIDTH="208"
                          VPOS="808"
                          HPOS="2106"
                          CONTENT="religiosus"/>
               </TextLine>
               <TextLine ID="line_1586054236854_2833"
                         BASELINE="912"
                         HEIGHT="49"
                         WIDTH="1773"
                         VPOS="863"
                         HPOS="557">
                  <String HEIGHT="49" WIDTH="112" VPOS="863" HPOS="538" CONTENT="ad"/>
                  <SP HEIGHT="49" WIDTH="19" VPOS="863" HPOS="650"/>
                  <String HEIGHT="49"
                          WIDTH="168"
                          VPOS="863"
                          HPOS="594"
                          CONTENT="curam"/>
                  <SP HEIGHT="49" WIDTH="19" VPOS="863" HPOS="762"/>
                  <String HEIGHT="49"
                          WIDTH="243"
                          VPOS="863"
                          HPOS="706"
                          CONTENT="assumitur"/>
                  <SP HEIGHT="49" WIDTH="19" VPOS="863" HPOS="949"/>
                  <String HEIGHT="49"
                          WIDTH="187"
                          VPOS="863"
                          HPOS="893"
                          CONTENT="potius"/>
                  <SP HEIGHT="49" WIDTH="19" VPOS="863" HPOS="1080"/>
                  <String HEIGHT="49"
                          WIDTH="224"
                          VPOS="863"
                          HPOS="1024"
                          CONTENT="ascendit"/>
                  <SP HEIGHT="49" WIDTH="19" VPOS="863" HPOS="1248"/>
                  <String HEIGHT="49"
                          WIDTH="149"
                          VPOS="863"
                          HPOS="1192"
                          CONTENT="quam"/>
                  <SP HEIGHT="49" WIDTH="19" VPOS="863" HPOS="1341"/>
                  <String HEIGHT="49"
                          WIDTH="261"
                          VPOS="863"
                          HPOS="1285"
                          CONTENT="descendit."/>
                  <SP HEIGHT="49" WIDTH="19" VPOS="863" HPOS="1546"/>
                  <String HEIGHT="49"
                          WIDTH="149"
                          VPOS="863"
                          HPOS="1490"
                          CONTENT="Quod"/>
                  <SP HEIGHT="49" WIDTH="19" VPOS="863" HPOS="1639"/>
                  <String HEIGHT="49"
                          WIDTH="149"
                          VPOS="863"
                          HPOS="1583"
                          CONTENT="tunc"/>
                  <SP HEIGHT="49" WIDTH="19" VPOS="863" HPOS="1733"/>
                  <String HEIGHT="49"
                          WIDTH="224"
                          VPOS="863"
                          HPOS="1677"
                          CONTENT="arguitur"/>
                  <SP HEIGHT="49" WIDTH="19" VPOS="863" HPOS="1901"/>
                  <String HEIGHT="49"
                          WIDTH="205"
                          VPOS="863"
                          HPOS="1845"
                          CONTENT="secundo"/>
                  <SP HEIGHT="49" WIDTH="19" VPOS="863" HPOS="2050"/>
                  <String HEIGHT="49"
                          WIDTH="187"
                          VPOS="863"
                          HPOS="1994"
                          CONTENT="contra"/>
                  <SP HEIGHT="49" WIDTH="19" VPOS="863" HPOS="2181"/>
                  <String HEIGHT="49"
                          WIDTH="131"
                          VPOS="863"
                          HPOS="2125"
                          CONTENT="hoc"/>
                  <SP HEIGHT="49" WIDTH="19" VPOS="863" HPOS="2255"/>
                  <String HEIGHT="49" WIDTH="112" VPOS="863" HPOS="2199" CONTENT="ex"/>
                  <SP HEIGHT="49" WIDTH="19" VPOS="863" HPOS="2311"/>
                  <String HEIGHT="49"
                          WIDTH="93"
                          VPOS="863"
                          HPOS="2237"
                          CONTENT="eo"
                          SUBS_TYPE="HypPart1"
                          SUBS_CONTENT="eodem"/>
                  <HYP CONTENT="-"/>
               </TextLine>
               <TextLine ID="r2l12"
                         BASELINE="987"
                         HEIGHT="66"
                         WIDTH="1765"
                         VPOS="921"
                         HPOS="560">
                  <String HEIGHT="66"
                          WIDTH="112"
                          VPOS="921"
                          HPOS="544"
                          CONTENT="dem"
                          SUBS_TYPE="HypPart2"
                          SUBS_CONTENT="eodem"/>
                  <SP HEIGHT="66" WIDTH="16" VPOS="921" HPOS="656"/>
                  <String HEIGHT="66"
                          WIDTH="144"
                          VPOS="921"
                          HPOS="608"
                          CONTENT="medio"/>
                  <SP HEIGHT="66" WIDTH="16" VPOS="921" HPOS="753"/>
                  <String HEIGHT="66" WIDTH="112" VPOS="921" HPOS="704" CONTENT="quo"/>
                  <SP HEIGHT="66" WIDTH="16" VPOS="921" HPOS="817"/>
                  <String HEIGHT="66"
                          WIDTH="160"
                          VPOS="921"
                          HPOS="769"
                          CONTENT="prius:"/>
                  <SP HEIGHT="66" WIDTH="16" VPOS="921" HPOS="929"/>
                  <String HEIGHT="66"
                          WIDTH="128"
                          VPOS="921"
                          HPOS="881"
                          CONTENT="quod"/>
                  <SP HEIGHT="66" WIDTH="16" VPOS="921" HPOS="1009"/>
                  <String HEIGHT="66"
                          WIDTH="225"
                          VPOS="921"
                          HPOS="961"
                          CONTENT="indulgetur"/>
                  <SP HEIGHT="66" WIDTH="16" VPOS="921" HPOS="1186"/>
                  <String HEIGHT="66"
                          WIDTH="241"
                          VPOS="921"
                          HPOS="1138"
                          CONTENT="regulariter"/>
                  <SP HEIGHT="66" WIDTH="16" VPOS="921" HPOS="1378"/>
                  <String HEIGHT="66"
                          WIDTH="177"
                          VPOS="921"
                          HPOS="1330"
                          CONTENT="curatos"/>
                  <SP HEIGHT="66" WIDTH="16" VPOS="921" HPOS="1507"/>
                  <String HEIGHT="66"
                          WIDTH="193"
                          VPOS="921"
                          HPOS="1459"
                          CONTENT="transire"/>
                  <SP HEIGHT="66" WIDTH="16" VPOS="921" HPOS="1651"/>
                  <String HEIGHT="66" WIDTH="96" VPOS="921" HPOS="1603" CONTENT="ad"/>
                  <SP HEIGHT="66" WIDTH="16" VPOS="921" HPOS="1699"/>
                  <String HEIGHT="66"
                          WIDTH="225"
                          VPOS="921"
                          HPOS="1651"
                          CONTENT="religionem"/>
                  <SP HEIGHT="66" WIDTH="16" VPOS="921" HPOS="1876"/>
                  <String HEIGHT="66"
                          WIDTH="112"
                          VPOS="921"
                          HPOS="1828"
                          CONTENT="non"/>
                  <SP HEIGHT="66" WIDTH="16" VPOS="921" HPOS="1940"/>
                  <String HEIGHT="66"
                          WIDTH="209"
                          VPOS="921"
                          HPOS="1892"
                          CONTENT="econuerso"/>
                  <SP HEIGHT="66" WIDTH="16" VPOS="921" HPOS="2100"/>
                  <String HEIGHT="66"
                          WIDTH="112"
                          VPOS="921"
                          HPOS="2052"
                          CONTENT="&amp;c."/>
                  <SP HEIGHT="66" WIDTH="16" VPOS="921" HPOS="2165"/>
                  <String HEIGHT="66"
                          WIDTH="128"
                          VPOS="921"
                          HPOS="2116"
                          CONTENT="Dico"/>
                  <SP HEIGHT="66" WIDTH="16" VPOS="921" HPOS="2245"/>
                  <String HEIGHT="66"
                          WIDTH="128"
                          VPOS="921"
                          HPOS="2197"
                          CONTENT="quod"/>
                  <SP HEIGHT="66" WIDTH="16" VPOS="921" HPOS="2325"/>
                  <String HEIGHT="66" WIDTH="64" VPOS="921" HPOS="2261" CONTENT="re"/>
               </TextLine>
               <TextLine ID="r2l13"
                         BASELINE="1040"
                         HEIGHT="73"
                         WIDTH="1758"
                         VPOS="967"
                         HPOS="565">
                  <String HEIGHT="73"
                          WIDTH="142"
                          VPOS="967"
                          HPOS="547"
                          CONTENT="uera"/>
                  <SP HEIGHT="73" WIDTH="18" VPOS="967" HPOS="689"/>
                  <String HEIGHT="73"
                          WIDTH="213"
                          VPOS="967"
                          HPOS="636"
                          CONTENT="facilius"/>
                  <SP HEIGHT="73" WIDTH="18" VPOS="967" HPOS="849"/>
                  <String HEIGHT="73"
                          WIDTH="249"
                          VPOS="967"
                          HPOS="796"
                          CONTENT="indulgetur"/>
                  <SP HEIGHT="73" WIDTH="18" VPOS="967" HPOS="1044"/>
                  <String HEIGHT="73"
                          WIDTH="231"
                          VPOS="967"
                          HPOS="991"
                          CONTENT="transitus"/>
                  <SP HEIGHT="73" WIDTH="18" VPOS="967" HPOS="1222"/>
                  <String HEIGHT="73" WIDTH="107" VPOS="967" HPOS="1169" CONTENT="ad"/>
                  <SP HEIGHT="73" WIDTH="18" VPOS="967" HPOS="1275"/>
                  <String HEIGHT="73"
                          WIDTH="249"
                          VPOS="967"
                          HPOS="1222"
                          CONTENT="superiorem"/>
                  <SP HEIGHT="73" WIDTH="18" VPOS="967" HPOS="1471"/>
                  <String HEIGHT="73"
                          WIDTH="178"
                          VPOS="967"
                          HPOS="1417"
                          CONTENT="statum"/>
                  <SP HEIGHT="73" WIDTH="18" VPOS="967" HPOS="1595"/>
                  <String HEIGHT="73" WIDTH="107" VPOS="967" HPOS="1542" CONTENT="ab"/>
                  <SP HEIGHT="73" WIDTH="18" VPOS="967" HPOS="1648"/>
                  <String HEIGHT="73"
                          WIDTH="231"
                          VPOS="967"
                          HPOS="1595"
                          CONTENT="inferiori"/>
                  <SP HEIGHT="73" WIDTH="18" VPOS="967" HPOS="1826"/>
                  <String HEIGHT="73"
                          WIDTH="284"
                          VPOS="967"
                          HPOS="1773"
                          CONTENT="dispositione"/>
                  <SP HEIGHT="73" WIDTH="18" VPOS="967" HPOS="2057"/>
                  <String HEIGHT="73"
                          WIDTH="195"
                          VPOS="967"
                          HPOS="2003"
                          CONTENT="propter"/>
                  <SP HEIGHT="73" WIDTH="18" VPOS="967" HPOS="2199"/>
                  <String HEIGHT="73"
                          WIDTH="142"
                          VPOS="967"
                          HPOS="2145"
                          CONTENT="quam"/>
                  <SP HEIGHT="73" WIDTH="18" VPOS="967" HPOS="2287"/>
                  <String HEIGHT="73"
                          WIDTH="107"
                          VPOS="967"
                          HPOS="2216"
                          CONTENT="meri"/>
               </TextLine>
               <TextLine ID="r2l14"
                         BASELINE="1096"
                         HEIGHT="67"
                         WIDTH="1768"
                         VPOS="1029"
                         HPOS="561">
                  <String HEIGHT="67" WIDTH="103" VPOS="1029" HPOS="544" CONTENT="to"/>
                  <SP HEIGHT="67" WIDTH="17" VPOS="1029" HPOS="647"/>
                  <String HEIGHT="67"
                          WIDTH="257"
                          VPOS="1029"
                          HPOS="595"
                          CONTENT="transeundum"/>
                  <SP HEIGHT="67" WIDTH="17" VPOS="1029" HPOS="853"/>
                  <String HEIGHT="67"
                          WIDTH="120"
                          VPOS="1029"
                          HPOS="801"
                          CONTENT="est"/>
                  <SP HEIGHT="67" WIDTH="17" VPOS="1029" HPOS="921"/>
                  <String HEIGHT="67" WIDTH="86" VPOS="1029" HPOS="870" CONTENT="a"/>
                  <SP HEIGHT="67" WIDTH="17" VPOS="1029" HPOS="956"/>
                  <String HEIGHT="67"
                          WIDTH="223"
                          VPOS="1029"
                          HPOS="904"
                          CONTENT="religione"/>
                  <SP HEIGHT="67" WIDTH="17" VPOS="1029" HPOS="1127"/>
                  <String HEIGHT="67"
                          WIDTH="103"
                          VPOS="1029"
                          HPOS="1076"
                          CONTENT="ad"/>
                  <SP HEIGHT="67" WIDTH="17" VPOS="1029" HPOS="1179"/>
                  <String HEIGHT="67"
                          WIDTH="275"
                          VPOS="1029"
                          HPOS="1127"
                          CONTENT="praesulatum,"/>
                  <SP HEIGHT="67" WIDTH="17" VPOS="1029" HPOS="1402"/>
                  <String HEIGHT="67"
                          WIDTH="154"
                          VPOS="1029"
                          HPOS="1351"
                          CONTENT="eadem"/>
                  <SP HEIGHT="67" WIDTH="17" VPOS="1029" HPOS="1505"/>
                  <String HEIGHT="67"
                          WIDTH="275"
                          VPOS="1029"
                          HPOS="1454"
                          CONTENT="dispositione"/>
                  <SP HEIGHT="67" WIDTH="17" VPOS="1029" HPOS="1728"/>
                  <String HEIGHT="67"
                          WIDTH="223"
                          VPOS="1029"
                          HPOS="1677"
                          CONTENT="existente"/>
                  <SP HEIGHT="67" WIDTH="17" VPOS="1029" HPOS="1900"/>
                  <String HEIGHT="67"
                          WIDTH="223"
                          VPOS="1029"
                          HPOS="1848"
                          CONTENT="vtrobique"/>
                  <SP HEIGHT="67" WIDTH="17" VPOS="1029" HPOS="2072"/>
                  <String HEIGHT="67"
                          WIDTH="103"
                          VPOS="1029"
                          HPOS="2020"
                          CONTENT="ex"/>
                  <SP HEIGHT="67" WIDTH="17" VPOS="1029" HPOS="2123"/>
                  <String HEIGHT="67"
                          WIDTH="154"
                          VPOS="1029"
                          HPOS="2072"
                          CONTENT="parte"/>
                  <SP HEIGHT="67" WIDTH="17" VPOS="1029" HPOS="2226"/>
                  <String HEIGHT="67"
                          WIDTH="172"
                          VPOS="1029"
                          HPOS="2157"
                          CONTENT="transeun"/>
               </TextLine>
               <TextLine ID="r2l15"
                         BASELINE="1135"
                         HEIGHT="52"
                         WIDTH="1761"
                         VPOS="1083"
                         HPOS="565">
                  <String HEIGHT="52"
                          WIDTH="154"
                          VPOS="1083"
                          HPOS="548"
                          CONTENT="tium,"/>
                  <SP HEIGHT="52" WIDTH="17" VPOS="1083" HPOS="702"/>
                  <String HEIGHT="52"
                          WIDTH="222"
                          VPOS="1083"
                          HPOS="650"
                          CONTENT="cuiusmodi"/>
                  <SP HEIGHT="52" WIDTH="17" VPOS="1083" HPOS="873"/>
                  <String HEIGHT="52"
                          WIDTH="120"
                          VPOS="1083"
                          HPOS="821"
                          CONTENT="est"/>
                  <SP HEIGHT="52" WIDTH="17" VPOS="1083" HPOS="941"/>
                  <String HEIGHT="52"
                          WIDTH="222"
                          VPOS="1083"
                          HPOS="890"
                          CONTENT="perfectio"/>
                  <SP HEIGHT="52" WIDTH="17" VPOS="1083" HPOS="1112"/>
                  <String HEIGHT="52"
                          WIDTH="274"
                          VPOS="1083"
                          HPOS="1061"
                          CONTENT="transeuntis."/>
                  <SP HEIGHT="52" WIDTH="17" VPOS="1083" HPOS="1334"/>
                  <String HEIGHT="52"
                          WIDTH="103"
                          VPOS="1083"
                          HPOS="1283"
                          CONTENT="vt"/>
                  <SP HEIGHT="52" WIDTH="17" VPOS="1083" HPOS="1386"/>
                  <String HEIGHT="52"
                          WIDTH="137"
                          VPOS="1083"
                          HPOS="1334"
                          CONTENT="enim"/>
                  <SP HEIGHT="52" WIDTH="17" VPOS="1083" HPOS="1471"/>
                  <String HEIGHT="52"
                          WIDTH="154"
                          VPOS="1083"
                          HPOS="1420"
                          CONTENT="dicit"/>
                  <SP HEIGHT="52" WIDTH="17" VPOS="1083" HPOS="1574"/>
                  <String HEIGHT="52"
                          WIDTH="154"
                          VPOS="1083"
                          HPOS="1522"
                          CONTENT="dicta"/>
                  <SP HEIGHT="52" WIDTH="17" VPOS="1083" HPOS="1676"/>
                  <String HEIGHT="52"
                          WIDTH="188"
                          VPOS="1083"
                          HPOS="1625"
                          CONTENT="litera,"/>
                  <SP HEIGHT="52" WIDTH="17" VPOS="1083" HPOS="1813"/>
                  <String HEIGHT="52"
                          WIDTH="154"
                          VPOS="1083"
                          HPOS="1762"
                          CONTENT="causa"/>
                  <SP HEIGHT="52" WIDTH="17" VPOS="1083" HPOS="1916"/>
                  <String HEIGHT="52"
                          WIDTH="256"
                          VPOS="1083"
                          HPOS="1864"
                          CONTENT="permittendi"/>
                  <SP HEIGHT="52" WIDTH="17" VPOS="1083" HPOS="2121"/>
                  <String HEIGHT="52"
                          WIDTH="205"
                          VPOS="1083"
                          HPOS="2070"
                          CONTENT="monachum"/>
                  <SP HEIGHT="52" WIDTH="17" VPOS="1083" HPOS="2275"/>
                  <String HEIGHT="52"
                          WIDTH="120"
                          VPOS="1083"
                          HPOS="2206"
                          CONTENT="ascem"/>
               </TextLine>
               <TextLine ID="r2l16"
                         BASELINE="1201"
                         HEIGHT="66"
                         WIDTH="1761"
                         VPOS="1135"
                         HPOS="558">
                  <String HEIGHT="66"
                          WIDTH="141"
                          VPOS="1135"
                          HPOS="540"
                          CONTENT="dere"/>
                  <SP HEIGHT="66" WIDTH="18" VPOS="1135" HPOS="681"/>
                  <String HEIGHT="66" WIDTH="106" VPOS="1135" HPOS="628" CONTENT="ad"/>
                  <SP HEIGHT="66" WIDTH="18" VPOS="1135" HPOS="734"/>
                  <String HEIGHT="66"
                          WIDTH="264"
                          VPOS="1135"
                          HPOS="681"
                          CONTENT="praesulatum"/>
                  <SP HEIGHT="66" WIDTH="18" VPOS="1135" HPOS="945"/>
                  <String HEIGHT="66"
                          WIDTH="123"
                          VPOS="1135"
                          HPOS="893"
                          CONTENT="est"/>
                  <SP HEIGHT="66" WIDTH="18" VPOS="1135" HPOS="1016"/>
                  <String HEIGHT="66" WIDTH="106" VPOS="1135" HPOS="963" CONTENT="vt"/>
                  <SP HEIGHT="66" WIDTH="18" VPOS="1135" HPOS="1069"/>
                  <String HEIGHT="66"
                          WIDTH="123"
                          VPOS="1135"
                          HPOS="1016"
                          CONTENT="cum"/>
                  <SP HEIGHT="66" WIDTH="18" VPOS="1135" HPOS="1139"/>
                  <String HEIGHT="66"
                          WIDTH="229"
                          VPOS="1135"
                          HPOS="1086"
                          CONTENT="vtilitate"/>
                  <SP HEIGHT="66" WIDTH="18" VPOS="1135" HPOS="1315"/>
                  <String HEIGHT="66"
                          WIDTH="229"
                          VPOS="1135"
                          HPOS="1262"
                          CONTENT="prouideat"/>
                  <SP HEIGHT="66" WIDTH="18" VPOS="1135" HPOS="1491"/>
                  <String HEIGHT="66"
                          WIDTH="317"
                          VPOS="1135"
                          HPOS="1439"
                          CONTENT="necessitatibus"/>
                  <SP HEIGHT="66" WIDTH="18" VPOS="1135" HPOS="1755"/>
                  <String HEIGHT="66"
                          WIDTH="194"
                          VPOS="1135"
                          HPOS="1703"
                          CONTENT="populi:"/>
                  <SP HEIGHT="66" WIDTH="18" VPOS="1135" HPOS="1896"/>
                  <String HEIGHT="66" WIDTH="88" VPOS="1135" HPOS="1844" CONTENT="&amp;"/>
                  <SP HEIGHT="66" WIDTH="18" VPOS="1135" HPOS="1932"/>
                  <String HEIGHT="66"
                          WIDTH="141"
                          VPOS="1135"
                          HPOS="1879"
                          CONTENT="ideo"/>
                  <SP HEIGHT="66" WIDTH="18" VPOS="1135" HPOS="2020"/>
                  <String HEIGHT="66"
                          WIDTH="247"
                          VPOS="1135"
                          HPOS="1967"
                          CONTENT="dispositio"/>
                  <SP HEIGHT="66" WIDTH="18" VPOS="1135" HPOS="2213"/>
                  <String HEIGHT="66"
                          WIDTH="106"
                          VPOS="1135"
                          HPOS="2161"
                          CONTENT="ex"/>
                  <SP HEIGHT="66" WIDTH="18" VPOS="1135" HPOS="2266"/>
                  <String HEIGHT="66"
                          WIDTH="123"
                          VPOS="1135"
                          HPOS="2196"
                          CONTENT="parte"/>
               </TextLine>
               <TextLine ID="r2l17"
                         BASELINE="1248"
                         HEIGHT="55"
                         WIDTH="1749"
                         VPOS="1193"
                         HPOS="568">
                  <String HEIGHT="55"
                          WIDTH="206"
                          VPOS="1193"
                          HPOS="551"
                          CONTENT="debentis"/>
                  <SP HEIGHT="55" WIDTH="17" VPOS="1193" HPOS="757"/>
                  <String HEIGHT="55"
                          WIDTH="206"
                          VPOS="1193"
                          HPOS="705"
                          CONTENT="transire"/>
                  <SP HEIGHT="55" WIDTH="17" VPOS="1193" HPOS="911"/>
                  <String HEIGHT="55" WIDTH="86" VPOS="1193" HPOS="860" CONTENT="a"/>
                  <SP HEIGHT="55" WIDTH="17" VPOS="1193" HPOS="945"/>
                  <String HEIGHT="55"
                          WIDTH="223"
                          VPOS="1193"
                          HPOS="894"
                          CONTENT="religione"/>
                  <SP HEIGHT="55" WIDTH="17" VPOS="1193" HPOS="1117"/>
                  <String HEIGHT="55"
                          WIDTH="103"
                          VPOS="1193"
                          HPOS="1065"
                          CONTENT="ad"/>
                  <SP HEIGHT="55" WIDTH="17" VPOS="1193" HPOS="1168"/>
                  <String HEIGHT="55"
                          WIDTH="257"
                          VPOS="1193"
                          HPOS="1117"
                          CONTENT="praesulatum"/>
                  <SP HEIGHT="55" WIDTH="17" VPOS="1193" HPOS="1374"/>
                  <String HEIGHT="55"
                          WIDTH="120"
                          VPOS="1193"
                          HPOS="1322"
                          CONTENT="est"/>
                  <SP HEIGHT="55" WIDTH="17" VPOS="1193" HPOS="1442"/>
                  <String HEIGHT="55"
                          WIDTH="240"
                          VPOS="1193"
                          HPOS="1391"
                          CONTENT="dispositio"/>
                  <SP HEIGHT="55" WIDTH="17" VPOS="1193" HPOS="1631"/>
                  <String HEIGHT="55"
                          WIDTH="120"
                          VPOS="1193"
                          HPOS="1580"
                          CONTENT="qua"/>
                  <SP HEIGHT="55" WIDTH="17" VPOS="1193" HPOS="1700"/>
                  <String HEIGHT="55"
                          WIDTH="120"
                          VPOS="1193"
                          HPOS="1648"
                          CONTENT="est"/>
                  <SP HEIGHT="55" WIDTH="17" VPOS="1193" HPOS="1768"/>
                  <String HEIGHT="55"
                          WIDTH="189"
                          VPOS="1193"
                          HPOS="1717"
                          CONTENT="idoneus"/>
                  <SP HEIGHT="55" WIDTH="17" VPOS="1193" HPOS="1905"/>
                  <String HEIGHT="55"
                          WIDTH="103"
                          VPOS="1193"
                          HPOS="1854"
                          CONTENT="ad"/>
                  <SP HEIGHT="55" WIDTH="17" VPOS="1193" HPOS="1957"/>
                  <String HEIGHT="55"
                          WIDTH="257"
                          VPOS="1193"
                          HPOS="1905"
                          CONTENT="prouidendum"/>
                  <SP HEIGHT="55" WIDTH="17" VPOS="1193" HPOS="2163"/>
                  <String HEIGHT="55"
                          WIDTH="223"
                          VPOS="1193"
                          HPOS="2094"
                          CONTENT="necessitati"/>
               </TextLine>
               <TextLine ID="r2l18"
                         BASELINE="1317"
                         HEIGHT="75"
                         WIDTH="1743"
                         VPOS="1242"
                         HPOS="568">
                  <String HEIGHT="75"
                          WIDTH="117"
                          VPOS="1242"
                          HPOS="551"
                          CONTENT="bus"/>
                  <SP HEIGHT="75" WIDTH="17" VPOS="1242" HPOS="669"/>
                  <String HEIGHT="75"
                          WIDTH="184"
                          VPOS="1242"
                          HPOS="618"
                          CONTENT="populi."/>
                  <SP HEIGHT="75" WIDTH="17" VPOS="1242" HPOS="803"/>
                  <String HEIGHT="75"
                          WIDTH="117"
                          VPOS="1242"
                          HPOS="752"
                          CONTENT="qua"/>
                  <SP HEIGHT="75" WIDTH="17" VPOS="1242" HPOS="870"/>
                  <String HEIGHT="75"
                          WIDTH="268"
                          VPOS="1242"
                          HPOS="819"
                          CONTENT="dispositione"/>
                  <SP HEIGHT="75" WIDTH="17" VPOS="1242" HPOS="1088"/>
                  <String HEIGHT="75"
                          WIDTH="218"
                          VPOS="1242"
                          HPOS="1037"
                          CONTENT="existente"/>
                  <SP HEIGHT="75" WIDTH="17" VPOS="1242" HPOS="1255"/>
                  <String HEIGHT="75"
                          WIDTH="101"
                          VPOS="1242"
                          HPOS="1205"
                          CONTENT="ex"/>
                  <SP HEIGHT="75" WIDTH="17" VPOS="1242" HPOS="1305"/>
                  <String HEIGHT="75"
                          WIDTH="151"
                          VPOS="1242"
                          HPOS="1255"
                          CONTENT="parte"/>
                  <SP HEIGHT="75" WIDTH="17" VPOS="1242" HPOS="1406"/>
                  <String HEIGHT="75"
                          WIDTH="201"
                          VPOS="1242"
                          HPOS="1356"
                          CONTENT="volentis"/>
                  <SP HEIGHT="75" WIDTH="17" VPOS="1242" HPOS="1557"/>
                  <String HEIGHT="75"
                          WIDTH="201"
                          VPOS="1242"
                          HPOS="1507"
                          CONTENT="transire"/>
                  <SP HEIGHT="75" WIDTH="17" VPOS="1242" HPOS="1708"/>
                  <String HEIGHT="75" WIDTH="84" VPOS="1242" HPOS="1657" CONTENT="a"/>
                  <SP HEIGHT="75" WIDTH="17" VPOS="1242" HPOS="1741"/>
                  <String HEIGHT="75"
                          WIDTH="235"
                          VPOS="1242"
                          HPOS="1691"
                          CONTENT="praesulatu"/>
                  <SP HEIGHT="75" WIDTH="17" VPOS="1242" HPOS="1926"/>
                  <String HEIGHT="75"
                          WIDTH="101"
                          VPOS="1242"
                          HPOS="1875"
                          CONTENT="ad"/>
                  <SP HEIGHT="75" WIDTH="17" VPOS="1242" HPOS="1976"/>
                  <String HEIGHT="75"
                          WIDTH="251"
                          VPOS="1242"
                          HPOS="1926"
                          CONTENT="religionem,"/>
                  <SP HEIGHT="75" WIDTH="17" VPOS="1242" HPOS="2177"/>
                  <String HEIGHT="75"
                          WIDTH="218"
                          VPOS="1242"
                          HPOS="2127"
                          CONTENT="nequaquam"/>
                  <SP HEIGHT="75" WIDTH="17" VPOS="1242" HPOS="2345"/>
                  <String HEIGHT="75" WIDTH="34" VPOS="1242" HPOS="2277" CONTENT=""/>
               </TextLine>
               <TextLine ID="r2l19"
                         BASELINE="1370"
                         HEIGHT="68"
                         WIDTH="1752"
                         VPOS="1302"
                         HPOS="564">
                  <String HEIGHT="68"
                          WIDTH="119"
                          VPOS="1302"
                          HPOS="547"
                          CONTENT="ita"/>
                  <SP HEIGHT="68" WIDTH="17" VPOS="1302" HPOS="666"/>
                  <String HEIGHT="68"
                          WIDTH="221"
                          VPOS="1302"
                          HPOS="615"
                          CONTENT="faciliter"/>
                  <SP HEIGHT="68" WIDTH="17" VPOS="1302" HPOS="836"/>
                  <String HEIGHT="68"
                          WIDTH="255"
                          VPOS="1302"
                          HPOS="785"
                          CONTENT="permittitur"/>
                  <SP HEIGHT="68" WIDTH="17" VPOS="1302" HPOS="1040"/>
                  <String HEIGHT="68"
                          WIDTH="221"
                          VPOS="1302"
                          HPOS="989"
                          CONTENT="transitus"/>
                  <SP HEIGHT="68" WIDTH="17" VPOS="1302" HPOS="1210"/>
                  <String HEIGHT="68"
                          WIDTH="119"
                          VPOS="1302"
                          HPOS="1159"
                          CONTENT="sic"/>
                  <SP HEIGHT="68" WIDTH="17" VPOS="1302" HPOS="1278"/>
                  <String HEIGHT="68"
                          WIDTH="221"
                          VPOS="1302"
                          HPOS="1227"
                          CONTENT="dispositi"/>
                  <SP HEIGHT="68" WIDTH="17" VPOS="1302" HPOS="1449"/>
                  <String HEIGHT="68"
                          WIDTH="102"
                          VPOS="1302"
                          HPOS="1397"
                          CONTENT="ad"/>
                  <SP HEIGHT="68" WIDTH="17" VPOS="1302" HPOS="1500"/>
                  <String HEIGHT="68"
                          WIDTH="238"
                          VPOS="1302"
                          HPOS="1449"
                          CONTENT="religionem"/>
                  <SP HEIGHT="68" WIDTH="17" VPOS="1302" HPOS="1687"/>
                  <String HEIGHT="68"
                          WIDTH="153"
                          VPOS="1302"
                          HPOS="1636"
                          CONTENT="sicut"/>
                  <SP HEIGHT="68" WIDTH="17" VPOS="1302" HPOS="1789"/>
                  <String HEIGHT="68"
                          WIDTH="102"
                          VPOS="1302"
                          HPOS="1738"
                          CONTENT="ad"/>
                  <SP HEIGHT="68" WIDTH="17" VPOS="1302" HPOS="1840"/>
                  <String HEIGHT="68"
                          WIDTH="255"
                          VPOS="1302"
                          HPOS="1789"
                          CONTENT="praesulatum"/>
                  <SP HEIGHT="68" WIDTH="17" VPOS="1302" HPOS="2044"/>
                  <String HEIGHT="68"
                          WIDTH="119"
                          VPOS="1302"
                          HPOS="1993"
                          CONTENT="Per"/>
                  <SP HEIGHT="68" WIDTH="17" VPOS="1302" HPOS="2112"/>
                  <String HEIGHT="68"
                          WIDTH="221"
                          VPOS="1302"
                          HPOS="2061"
                          CONTENT="transitum"/>
                  <SP HEIGHT="68" WIDTH="17" VPOS="1302" HPOS="2282"/>
                  <String HEIGHT="68"
                          WIDTH="102"
                          VPOS="1302"
                          HPOS="2214"
                          CONTENT="enim"/>
               </TextLine>
               <TextLine ID="r2l20"
                         BASELINE="1421"
                         HEIGHT="65"
                         WIDTH="1748"
                         VPOS="1356"
                         HPOS="566">
                  <String HEIGHT="65"
                          WIDTH="156"
                          VPOS="1356"
                          HPOS="549"
                          CONTENT="huius"/>
                  <SP HEIGHT="65" WIDTH="17" VPOS="1356" HPOS="704"/>
                  <String HEIGHT="65" WIDTH="104" VPOS="1356" HPOS="653" CONTENT="ad"/>
                  <SP HEIGHT="65" WIDTH="17" VPOS="1356" HPOS="756"/>
                  <String HEIGHT="65"
                          WIDTH="260"
                          VPOS="1356"
                          HPOS="704"
                          CONTENT="praesulatum"/>
                  <SP HEIGHT="65" WIDTH="17" VPOS="1356" HPOS="964"/>
                  <String HEIGHT="65"
                          WIDTH="277"
                          VPOS="1356"
                          HPOS="912"
                          CONTENT="promoueretur"/>
                  <SP HEIGHT="65" WIDTH="17" VPOS="1356" HPOS="1189"/>
                  <String HEIGHT="65"
                          WIDTH="208"
                          VPOS="1356"
                          HPOS="1137"
                          CONTENT="vtilitas"/>
                  <SP HEIGHT="65" WIDTH="17" VPOS="1356" HPOS="1345"/>
                  <String HEIGHT="65"
                          WIDTH="190"
                          VPOS="1356"
                          HPOS="1293"
                          CONTENT="populi:"/>
                  <SP HEIGHT="65" WIDTH="17" VPOS="1356" HPOS="1483"/>
                  <String HEIGHT="65"
                          WIDTH="121"
                          VPOS="1356"
                          HPOS="1431"
                          CONTENT="per"/>
                  <SP HEIGHT="65" WIDTH="17" VPOS="1356" HPOS="1552"/>
                  <String HEIGHT="65"
                          WIDTH="208"
                          VPOS="1356"
                          HPOS="1501"
                          CONTENT="alterius"/>
                  <SP HEIGHT="65" WIDTH="17" VPOS="1356" HPOS="1708"/>
                  <String HEIGHT="65"
                          WIDTH="156"
                          VPOS="1356"
                          HPOS="1656"
                          CONTENT="autem"/>
                  <SP HEIGHT="65" WIDTH="17" VPOS="1356" HPOS="1812"/>
                  <String HEIGHT="65"
                          WIDTH="225"
                          VPOS="1356"
                          HPOS="1760"
                          CONTENT="transitum"/>
                  <SP HEIGHT="65" WIDTH="17" VPOS="1356" HPOS="1985"/>
                  <String HEIGHT="65"
                          WIDTH="277"
                          VPOS="1356"
                          HPOS="1933"
                          CONTENT="impediretur."/>
                  <SP HEIGHT="65" WIDTH="17" VPOS="1356" HPOS="2210"/>
                  <String HEIGHT="65"
                          WIDTH="104"
                          VPOS="1356"
                          HPOS="2158"
                          CONTENT="Et"/>
                  <SP HEIGHT="65" WIDTH="17" VPOS="1356" HPOS="2262"/>
                  <String HEIGHT="65"
                          WIDTH="121"
                          VPOS="1356"
                          HPOS="2193"
                          CONTENT="sicut"/>
               </TextLine>
               <TextLine ID="r2l21"
                         BASELINE="1470"
                         HEIGHT="59"
                         WIDTH="1761"
                         VPOS="1411"
                         HPOS="565">
                  <String HEIGHT="59"
                          WIDTH="116"
                          VPOS="1411"
                          HPOS="548"
                          CONTENT="est"/>
                  <SP HEIGHT="59" WIDTH="17" VPOS="1411" HPOS="665"/>
                  <String HEIGHT="59" WIDTH="100" VPOS="1411" HPOS="615" CONTENT="de"/>
                  <SP HEIGHT="59" WIDTH="17" VPOS="1411" HPOS="715"/>
                  <String HEIGHT="59"
                          WIDTH="199"
                          VPOS="1411"
                          HPOS="665"
                          CONTENT="transitu"/>
                  <SP HEIGHT="59" WIDTH="17" VPOS="1411" HPOS="864"/>
                  <String HEIGHT="59"
                          WIDTH="233"
                          VPOS="1411"
                          HPOS="814"
                          CONTENT="religionis"/>
                  <SP HEIGHT="59" WIDTH="17" VPOS="1411" HPOS="1047"/>
                  <String HEIGHT="59" WIDTH="100" VPOS="1411" HPOS="997" CONTENT="ad"/>
                  <SP HEIGHT="59" WIDTH="17" VPOS="1411" HPOS="1097"/>
                  <String HEIGHT="59"
                          WIDTH="266"
                          VPOS="1411"
                          HPOS="1047"
                          CONTENT="praesulatum,"/>
                  <SP HEIGHT="59" WIDTH="17" VPOS="1411" HPOS="1313"/>
                  <String HEIGHT="59"
                          WIDTH="116"
                          VPOS="1411"
                          HPOS="1263"
                          CONTENT="sic"/>
                  <SP HEIGHT="59" WIDTH="17" VPOS="1411" HPOS="1379"/>
                  <String HEIGHT="59"
                          WIDTH="116"
                          VPOS="1411"
                          HPOS="1329"
                          CONTENT="est"/>
                  <SP HEIGHT="59" WIDTH="17" VPOS="1411" HPOS="1446"/>
                  <String HEIGHT="59"
                          WIDTH="100"
                          VPOS="1411"
                          HPOS="1396"
                          CONTENT="de"/>
                  <SP HEIGHT="59" WIDTH="17" VPOS="1411" HPOS="1495"/>
                  <String HEIGHT="59"
                          WIDTH="199"
                          VPOS="1411"
                          HPOS="1446"
                          CONTENT="transitu"/>
                  <SP HEIGHT="59" WIDTH="17" VPOS="1411" HPOS="1645"/>
                  <String HEIGHT="59"
                          WIDTH="100"
                          VPOS="1411"
                          HPOS="1595"
                          CONTENT="ab"/>
                  <SP HEIGHT="59" WIDTH="17" VPOS="1411" HPOS="1695"/>
                  <String HEIGHT="59"
                          WIDTH="150"
                          VPOS="1411"
                          HPOS="1645"
                          CONTENT="eadem"/>
                  <SP HEIGHT="59" WIDTH="17" VPOS="1411" HPOS="1794"/>
                  <String HEIGHT="59"
                          WIDTH="100"
                          VPOS="1411"
                          HPOS="1745"
                          CONTENT="ad"/>
                  <SP HEIGHT="59" WIDTH="17" VPOS="1411" HPOS="1844"/>
                  <String HEIGHT="59"
                          WIDTH="150"
                          VPOS="1411"
                          HPOS="1794"
                          CONTENT="curam"/>
                  <SP HEIGHT="59" WIDTH="17" VPOS="1411" HPOS="1944"/>
                  <String HEIGHT="59"
                          WIDTH="266"
                          VPOS="1411"
                          HPOS="1894"
                          CONTENT="parochialem:"/>
                  <SP HEIGHT="59" WIDTH="17" VPOS="1411" HPOS="2160"/>
                  <String HEIGHT="59"
                          WIDTH="133"
                          VPOS="1411"
                          HPOS="2110"
                          CONTENT="quia"/>
                  <SP HEIGHT="59" WIDTH="17" VPOS="1411" HPOS="2243"/>
                  <String HEIGHT="59"
                          WIDTH="100"
                          VPOS="1411"
                          HPOS="2193"
                          CONTENT="si"/>
                  <SP HEIGHT="59" WIDTH="17" VPOS="1411" HPOS="2293"/>
                  <String HEIGHT="59"
                          WIDTH="100"
                          VPOS="1411"
                          HPOS="2226"
                          CONTENT="sta"
                          SUBS_TYPE="HypPart1"
                          SUBS_CONTENT="status"/>
                  <HYP CONTENT="-"/>
               </TextLine>
               <TextLine ID="r2l22"
                         BASELINE="1531"
                         HEIGHT="68"
                         WIDTH="1761"
                         VPOS="1463"
                         HPOS="564">
                  <String HEIGHT="68"
                          WIDTH="114"
                          VPOS="1463"
                          HPOS="548"
                          CONTENT="tus"
                          SUBS_TYPE="HypPart2"
                          SUBS_CONTENT="status"/>
                  <SP HEIGHT="68" WIDTH="16" VPOS="1463" HPOS="662"/>
                  <String HEIGHT="68"
                          WIDTH="212"
                          VPOS="1463"
                          HPOS="613"
                          CONTENT="praesulum"/>
                  <SP HEIGHT="68" WIDTH="16" VPOS="1463" HPOS="825"/>
                  <String HEIGHT="68"
                          WIDTH="114"
                          VPOS="1463"
                          HPOS="776"
                          CONTENT="est"/>
                  <SP HEIGHT="68" WIDTH="16" VPOS="1463" HPOS="890"/>
                  <String HEIGHT="68"
                          WIDTH="196"
                          VPOS="1463"
                          HPOS="841"
                          CONTENT="superior"/>
                  <SP HEIGHT="68" WIDTH="16" VPOS="1463" HPOS="1037"/>
                  <String HEIGHT="68" WIDTH="82" VPOS="1463" HPOS="988" CONTENT="&amp;"/>
                  <SP HEIGHT="68" WIDTH="16" VPOS="1463" HPOS="1069"/>
                  <String HEIGHT="68"
                          WIDTH="228"
                          VPOS="1463"
                          HPOS="1021"
                          CONTENT="perfectior"/>
                  <SP HEIGHT="68" WIDTH="16" VPOS="1463" HPOS="1249"/>
                  <String HEIGHT="68"
                          WIDTH="130"
                          VPOS="1463"
                          HPOS="1200"
                          CONTENT="quam"/>
                  <SP HEIGHT="68" WIDTH="16" VPOS="1463" HPOS="1330"/>
                  <String HEIGHT="68"
                          WIDTH="163"
                          VPOS="1463"
                          HPOS="1281"
                          CONTENT="status"/>
                  <SP HEIGHT="68" WIDTH="16" VPOS="1463" HPOS="1445"/>
                  <String HEIGHT="68"
                          WIDTH="277"
                          VPOS="1463"
                          HPOS="1396"
                          CONTENT="religiosorum:"/>
                  <SP HEIGHT="68" WIDTH="16" VPOS="1463" HPOS="1673"/>
                  <String HEIGHT="68"
                          WIDTH="130"
                          VPOS="1463"
                          HPOS="1624"
                          CONTENT="quid"/>
                  <SP HEIGHT="68" WIDTH="16" VPOS="1463" HPOS="1754"/>
                  <String HEIGHT="68"
                          WIDTH="147"
                          VPOS="1463"
                          HPOS="1705"
                          CONTENT="etiam"/>
                  <SP HEIGHT="68" WIDTH="16" VPOS="1463" HPOS="1852"/>
                  <String HEIGHT="68"
                          WIDTH="130"
                          VPOS="1463"
                          HPOS="1803"
                          CONTENT="ipsi"/>
                  <SP HEIGHT="68" WIDTH="16" VPOS="1463" HPOS="1934"/>
                  <String HEIGHT="68"
                          WIDTH="212"
                          VPOS="1463"
                          HPOS="1885"
                          CONTENT="religiosi"/>
                  <SP HEIGHT="68" WIDTH="16" VPOS="1463" HPOS="2097"/>
                  <String HEIGHT="68"
                          WIDTH="228"
                          VPOS="1463"
                          HPOS="2048"
                          CONTENT="concedunt,"/>
                  <SP HEIGHT="68" WIDTH="16" VPOS="1463" HPOS="2276"/>
                  <String HEIGHT="68" WIDTH="82" VPOS="1463" HPOS="2227" CONTENT="&amp;"/>
                  <SP HEIGHT="68" WIDTH="16" VPOS="1463" HPOS="2309"/>
                  <String HEIGHT="68" WIDTH="98" VPOS="1463" HPOS="2260" CONTENT="in"/>
                  <SP HEIGHT="68" WIDTH="16" VPOS="1463" HPOS="2358"/>
                  <String HEIGHT="68" WIDTH="33" VPOS="1463" HPOS="2292" CONTENT=""/>
               </TextLine>
               <TextLine ID="r2l23"
                         BASELINE="1581"
                         HEIGHT="60"
                         WIDTH="1765"
                         VPOS="1521"
                         HPOS="556">
                  <String HEIGHT="60"
                          WIDTH="198"
                          VPOS="1521"
                          HPOS="540"
                          CONTENT="scriptis"/>
                  <SP HEIGHT="60" WIDTH="16" VPOS="1521" HPOS="737"/>
                  <String HEIGHT="60"
                          WIDTH="132"
                          VPOS="1521"
                          HPOS="688"
                          CONTENT="suis"/>
                  <SP HEIGHT="60" WIDTH="16" VPOS="1521" HPOS="820"/>
                  <String HEIGHT="60"
                          WIDTH="264"
                          VPOS="1521"
                          HPOS="770"
                          CONTENT="reliquerunt:"/>
                  <SP HEIGHT="60" WIDTH="16" VPOS="1521" HPOS="1034"/>
                  <String HEIGHT="60"
                          WIDTH="132"
                          VPOS="1521"
                          HPOS="985"
                          CONTENT="ergo"/>
                  <SP HEIGHT="60" WIDTH="16" VPOS="1521" HPOS="1117"/>
                  <String HEIGHT="60"
                          WIDTH="214"
                          VPOS="1521"
                          HPOS="1067"
                          CONTENT="similiter"/>
                  <SP HEIGHT="60" WIDTH="16" VPOS="1521" HPOS="1282"/>
                  <String HEIGHT="60" WIDTH="82" VPOS="1521" HPOS="1232" CONTENT="&amp;"/>
                  <SP HEIGHT="60" WIDTH="16" VPOS="1521" HPOS="1315"/>
                  <String HEIGHT="60"
                          WIDTH="165"
                          VPOS="1521"
                          HPOS="1265"
                          CONTENT="status"/>
                  <SP HEIGHT="60" WIDTH="16" VPOS="1521" HPOS="1430"/>
                  <String HEIGHT="60"
                          WIDTH="231"
                          VPOS="1521"
                          HPOS="1381"
                          CONTENT="sacerdotum"/>
                  <SP HEIGHT="60" WIDTH="16" VPOS="1521" HPOS="1612"/>
                  <String HEIGHT="60"
                          WIDTH="198"
                          VPOS="1521"
                          HPOS="1562"
                          CONTENT="superior"/>
                  <SP HEIGHT="60" WIDTH="16" VPOS="1521" HPOS="1760"/>
                  <String HEIGHT="60"
                          WIDTH="115"
                          VPOS="1521"
                          HPOS="1711"
                          CONTENT="est"/>
                  <SP HEIGHT="60" WIDTH="16" VPOS="1521" HPOS="1826"/>
                  <String HEIGHT="60" WIDTH="82" VPOS="1521" HPOS="1777" CONTENT="&amp;"/>
                  <SP HEIGHT="60" WIDTH="16" VPOS="1521" HPOS="1859"/>
                  <String HEIGHT="60"
                          WIDTH="247"
                          VPOS="1521"
                          HPOS="1810"
                          CONTENT="perfectior:"/>
                  <SP HEIGHT="60" WIDTH="16" VPOS="1521" HPOS="2057"/>
                  <String HEIGHT="60" WIDTH="99" VPOS="1521" HPOS="2008" CONTENT="eo"/>
                  <SP HEIGHT="60" WIDTH="16" VPOS="1521" HPOS="2107"/>
                  <String HEIGHT="60"
                          WIDTH="132"
                          VPOS="1521"
                          HPOS="2057"
                          CONTENT="quod"/>
                  <SP HEIGHT="60" WIDTH="16" VPOS="1521" HPOS="2189"/>
                  <String HEIGHT="60"
                          WIDTH="132"
                          VPOS="1521"
                          HPOS="2140"
                          CONTENT="sunt"/>
                  <SP HEIGHT="60" WIDTH="16" VPOS="1521" HPOS="2272"/>
                  <String HEIGHT="60"
                          WIDTH="115"
                          VPOS="1521"
                          HPOS="2206"
                          CONTENT="desta"/>
               </TextLine>
               <TextLine ID="r2l24"
                         BASELINE="1645"
                         HEIGHT="68"
                         WIDTH="1756"
                         VPOS="1577"
                         HPOS="564">
                  <String HEIGHT="68" WIDTH="96" VPOS="1577" HPOS="548" CONTENT="tu"/>
                  <SP HEIGHT="68" WIDTH="16" VPOS="1577" HPOS="644"/>
                  <String HEIGHT="68"
                          WIDTH="192"
                          VPOS="1577"
                          HPOS="596"
                          CONTENT="rectorum"/>
                  <SP HEIGHT="68" WIDTH="16" VPOS="1577" HPOS="787"/>
                  <String HEIGHT="68" WIDTH="80" VPOS="1577" HPOS="740" CONTENT="&amp;"/>
                  <SP HEIGHT="68" WIDTH="16" VPOS="1577" HPOS="819"/>
                  <String HEIGHT="68"
                          WIDTH="239"
                          VPOS="1577"
                          HPOS="772"
                          CONTENT="laborantium"/>
                  <SP HEIGHT="68" WIDTH="16" VPOS="1577" HPOS="1011"/>
                  <String HEIGHT="68" WIDTH="96" VPOS="1577" HPOS="963" CONTENT="in"/>
                  <SP HEIGHT="68" WIDTH="16" VPOS="1577" HPOS="1059"/>
                  <String HEIGHT="68"
                          WIDTH="128"
                          VPOS="1577"
                          HPOS="1011"
                          CONTENT="agro"/>
                  <SP HEIGHT="68" WIDTH="16" VPOS="1577" HPOS="1139"/>
                  <String HEIGHT="68"
                          WIDTH="223"
                          VPOS="1577"
                          HPOS="1091"
                          CONTENT="ecclesiae:"/>
                  <SP HEIGHT="68" WIDTH="16" VPOS="1577" HPOS="1314"/>
                  <String HEIGHT="68" WIDTH="80" VPOS="1577" HPOS="1266" CONTENT="&amp;"/>
                  <SP HEIGHT="68" WIDTH="16" VPOS="1577" HPOS="1346"/>
                  <String HEIGHT="68"
                          WIDTH="192"
                          VPOS="1577"
                          HPOS="1298"
                          CONTENT="praesunt"/>
                  <SP HEIGHT="68" WIDTH="16" VPOS="1577" HPOS="1490"/>
                  <String HEIGHT="68"
                          WIDTH="208"
                          VPOS="1577"
                          HPOS="1442"
                          CONTENT="ecclesiis"/>
                  <SP HEIGHT="68" WIDTH="16" VPOS="1577" HPOS="1650"/>
                  <String HEIGHT="68"
                          WIDTH="160"
                          VPOS="1577"
                          HPOS="1602"
                          CONTENT="quarum"/>
                  <SP HEIGHT="68" WIDTH="16" VPOS="1577" HPOS="1761"/>
                  <String HEIGHT="68"
                          WIDTH="144"
                          VPOS="1577"
                          HPOS="1713"
                          CONTENT="curae"/>
                  <SP HEIGHT="68" WIDTH="16" VPOS="1577" HPOS="1857"/>
                  <String HEIGHT="68"
                          WIDTH="128"
                          VPOS="1577"
                          HPOS="1809"
                          CONTENT="sunt"/>
                  <SP HEIGHT="68" WIDTH="16" VPOS="1577" HPOS="1937"/>
                  <String HEIGHT="68"
                          WIDTH="144"
                          VPOS="1577"
                          HPOS="1889"
                          CONTENT="ipsis"/>
                  <SP HEIGHT="68" WIDTH="16" VPOS="1577" HPOS="2033"/>
                  <String HEIGHT="68"
                          WIDTH="208"
                          VPOS="1577"
                          HPOS="1985"
                          CONTENT="commissae"/>
                  <SP HEIGHT="68" WIDTH="16" VPOS="1577" HPOS="2192"/>
                  <String HEIGHT="68" WIDTH="96" VPOS="1577" HPOS="2144" CONTENT="ad"/>
                  <SP HEIGHT="68" WIDTH="16" VPOS="1577" HPOS="2240"/>
                  <String HEIGHT="68"
                          WIDTH="144"
                          VPOS="1577"
                          HPOS="2176"
                          CONTENT="regimen"/>
               </TextLine>
               <TextLine ID="r2l25"
                         BASELINE="1694"
                         HEIGHT="64"
                         WIDTH="1763"
                         VPOS="1630"
                         HPOS="561">
                  <String HEIGHT="64"
                          WIDTH="229"
                          VPOS="1630"
                          HPOS="543"
                          CONTENT="animarum:"/>
                  <SP HEIGHT="64" WIDTH="18" VPOS="1630" HPOS="773"/>
                  <String HEIGHT="64"
                          WIDTH="123"
                          VPOS="1630"
                          HPOS="720"
                          CONTENT="non"/>
                  <SP HEIGHT="64" WIDTH="18" VPOS="1630" HPOS="843"/>
                  <String HEIGHT="64"
                          WIDTH="159"
                          VPOS="1630"
                          HPOS="790"
                          CONTENT="autem"/>
                  <SP HEIGHT="64" WIDTH="18" VPOS="1630" HPOS="949"/>
                  <String HEIGHT="64"
                          WIDTH="141"
                          VPOS="1630"
                          HPOS="896"
                          CONTENT="sunt"/>
                  <SP HEIGHT="64" WIDTH="18" VPOS="1630" HPOS="1037"/>
                  <String HEIGHT="64" WIDTH="106" VPOS="1630" HPOS="984" CONTENT="de"/>
                  <SP HEIGHT="64" WIDTH="18" VPOS="1630" HPOS="1090"/>
                  <String HEIGHT="64"
                          WIDTH="159"
                          VPOS="1630"
                          HPOS="1037"
                          CONTENT="statu"/>
                  <SP HEIGHT="64" WIDTH="18" VPOS="1630" HPOS="1196"/>
                  <String HEIGHT="64"
                          WIDTH="159"
                          VPOS="1630"
                          HPOS="1143"
                          CONTENT="eorum"/>
                  <SP HEIGHT="64" WIDTH="18" VPOS="1630" HPOS="1301"/>
                  <String HEIGHT="64"
                          WIDTH="123"
                          VPOS="1630"
                          HPOS="1249"
                          CONTENT="qui"/>
                  <SP HEIGHT="64" WIDTH="18" VPOS="1630" HPOS="1372"/>
                  <String HEIGHT="64"
                          WIDTH="141"
                          VPOS="1630"
                          HPOS="1319"
                          CONTENT="sunt"/>
                  <SP HEIGHT="64" WIDTH="18" VPOS="1630" HPOS="1460"/>
                  <String HEIGHT="64"
                          WIDTH="106"
                          VPOS="1630"
                          HPOS="1407"
                          CONTENT="in"/>
                  <SP HEIGHT="64" WIDTH="18" VPOS="1630" HPOS="1513"/>
                  <String HEIGHT="64"
                          WIDTH="141"
                          VPOS="1630"
                          HPOS="1460"
                          CONTENT="mola"/>
                  <SP HEIGHT="64" WIDTH="18" VPOS="1630" HPOS="1601"/>
                  <String HEIGHT="64"
                          WIDTH="123"
                          VPOS="1630"
                          HPOS="1548"
                          CONTENT="aut"/>
                  <SP HEIGHT="64" WIDTH="18" VPOS="1630" HPOS="1672"/>
                  <String HEIGHT="64"
                          WIDTH="106"
                          VPOS="1630"
                          HPOS="1619"
                          CONTENT="in"/>
                  <SP HEIGHT="64" WIDTH="18" VPOS="1630" HPOS="1725"/>
                  <String HEIGHT="64"
                          WIDTH="176"
                          VPOS="1630"
                          HPOS="1672"
                          CONTENT="lecto."/>
                  <SP HEIGHT="64" WIDTH="18" VPOS="1630" HPOS="1848"/>
                  <String HEIGHT="64"
                          WIDTH="106"
                          VPOS="1630"
                          HPOS="1795"
                          CONTENT="Et"/>
                  <SP HEIGHT="64" WIDTH="18" VPOS="1630" HPOS="1901"/>
                  <String HEIGHT="64"
                          WIDTH="141"
                          VPOS="1630"
                          HPOS="1848"
                          CONTENT="illi"/>
                  <SP HEIGHT="64" WIDTH="18" VPOS="1630" HPOS="1989"/>
                  <String HEIGHT="64"
                          WIDTH="141"
                          VPOS="1630"
                          HPOS="1936"
                          CONTENT="tres"/>
                  <SP HEIGHT="64" WIDTH="18" VPOS="1630" HPOS="2077"/>
                  <String HEIGHT="64"
                          WIDTH="176"
                          VPOS="1630"
                          HPOS="2024"
                          CONTENT="status"/>
                  <SP HEIGHT="64" WIDTH="18" VPOS="1630" HPOS="2201"/>
                  <String HEIGHT="64"
                          WIDTH="194"
                          VPOS="1630"
                          HPOS="2130"
                          CONTENT="comprehen"/>
               </TextLine>
               <TextLine ID="r2l26"
                         BASELINE="1756"
                         HEIGHT="66"
                         WIDTH="1758"
                         VPOS="1690"
                         HPOS="562">
                  <String HEIGHT="66"
                          WIDTH="142"
                          VPOS="1690"
                          HPOS="544"
                          CONTENT="dunt"/>
                  <SP HEIGHT="66" WIDTH="18" VPOS="1690" HPOS="686"/>
                  <String HEIGHT="66"
                          WIDTH="160"
                          VPOS="1690"
                          HPOS="633"
                          CONTENT="omnes"/>
                  <SP HEIGHT="66" WIDTH="18" VPOS="1690" HPOS="793"/>
                  <String HEIGHT="66"
                          WIDTH="124"
                          VPOS="1690"
                          HPOS="740"
                          CONTENT="qui"/>
                  <SP HEIGHT="66" WIDTH="18" VPOS="1690" HPOS="864"/>
                  <String HEIGHT="66"
                          WIDTH="142"
                          VPOS="1690"
                          HPOS="811"
                          CONTENT="sunt"/>
                  <SP HEIGHT="66" WIDTH="18" VPOS="1690" HPOS="953"/>
                  <String HEIGHT="66" WIDTH="107" VPOS="1690" HPOS="899" CONTENT="in"/>
                  <SP HEIGHT="66" WIDTH="18" VPOS="1690" HPOS="1006"/>
                  <String HEIGHT="66"
                          WIDTH="231"
                          VPOS="1690"
                          HPOS="953"
                          CONTENT="ecclesia:"/>
                  <SP HEIGHT="66" WIDTH="18" VPOS="1690" HPOS="1184"/>
                  <String HEIGHT="66"
                          WIDTH="124"
                          VPOS="1690"
                          HPOS="1130"
                          CONTENT="nec"/>
                  <SP HEIGHT="66" WIDTH="18" VPOS="1690" HPOS="1255"/>
                  <String HEIGHT="66"
                          WIDTH="195"
                          VPOS="1690"
                          HPOS="1201"
                          CONTENT="differt"/>
                  <SP HEIGHT="66" WIDTH="18" VPOS="1690" HPOS="1397"/>
                  <String HEIGHT="66"
                          WIDTH="178"
                          VPOS="1690"
                          HPOS="1343"
                          CONTENT="status"/>
                  <SP HEIGHT="66" WIDTH="18" VPOS="1690" HPOS="1521"/>
                  <String HEIGHT="66"
                          WIDTH="160"
                          VPOS="1690"
                          HPOS="1468"
                          CONTENT="eorum"/>
                  <SP HEIGHT="66" WIDTH="18" VPOS="1690" HPOS="1627"/>
                  <String HEIGHT="66" WIDTH="89" VPOS="1690" HPOS="1574" CONTENT="a"/>
                  <SP HEIGHT="66" WIDTH="18" VPOS="1690" HPOS="1663"/>
                  <String HEIGHT="66"
                          WIDTH="160"
                          VPOS="1690"
                          HPOS="1610"
                          CONTENT="statu"/>
                  <SP HEIGHT="66" WIDTH="18" VPOS="1690" HPOS="1770"/>
                  <String HEIGHT="66"
                          WIDTH="249"
                          VPOS="1690"
                          HPOS="1716"
                          CONTENT="praesulum,"/>
                  <SP HEIGHT="66" WIDTH="18" VPOS="1690" HPOS="1965"/>
                  <String HEIGHT="66"
                          WIDTH="142"
                          VPOS="1690"
                          HPOS="1912"
                          CONTENT="nisi"/>
                  <SP HEIGHT="66" WIDTH="18" VPOS="1690" HPOS="2054"/>
                  <String HEIGHT="66"
                          WIDTH="160"
                          VPOS="1690"
                          HPOS="2000"
                          CONTENT="sicut"/>
                  <SP HEIGHT="66" WIDTH="18" VPOS="1690" HPOS="2160"/>
                  <String HEIGHT="66"
                          WIDTH="178"
                          VPOS="1690"
                          HPOS="2107"
                          CONTENT="gradus"/>
                  <SP HEIGHT="66" WIDTH="18" VPOS="1690" HPOS="2284"/>
                  <String HEIGHT="66"
                          WIDTH="107"
                          VPOS="1690"
                          HPOS="2213"
                          CONTENT="infe"/>
               </TextLine>
               <TextLine ID="r2l27"
                         BASELINE="1806"
                         HEIGHT="61"
                         WIDTH="1765"
                         VPOS="1745"
                         HPOS="553">
                  <String HEIGHT="61"
                          WIDTH="143"
                          VPOS="1745"
                          HPOS="535"
                          CONTENT="rior"/>
                  <SP HEIGHT="61" WIDTH="18" VPOS="1745" HPOS="678"/>
                  <String HEIGHT="61"
                          WIDTH="125"
                          VPOS="1745"
                          HPOS="624"
                          CONTENT="cui"/>
                  <SP HEIGHT="61" WIDTH="18" VPOS="1745" HPOS="749"/>
                  <String HEIGHT="61"
                          WIDTH="214"
                          VPOS="1745"
                          HPOS="696"
                          CONTENT="commissa"/>
                  <SP HEIGHT="61" WIDTH="18" VPOS="1745" HPOS="910"/>
                  <String HEIGHT="61"
                          WIDTH="125"
                          VPOS="1745"
                          HPOS="856"
                          CONTENT="est"/>
                  <SP HEIGHT="61" WIDTH="18" VPOS="1745" HPOS="981"/>
                  <String HEIGHT="61"
                          WIDTH="303"
                          VPOS="1745"
                          HPOS="927"
                          CONTENT="administratio"/>
                  <SP HEIGHT="61" WIDTH="18" VPOS="1745" HPOS="1230"/>
                  <String HEIGHT="61"
                          WIDTH="285"
                          VPOS="1745"
                          HPOS="1177"
                          CONTENT="particularis"/>
                  <SP HEIGHT="61" WIDTH="18" VPOS="1745" HPOS="1462"/>
                  <String HEIGHT="61" WIDTH="89" VPOS="1745" HPOS="1409" CONTENT="&amp;"/>
                  <SP HEIGHT="61" WIDTH="18" VPOS="1745" HPOS="1498"/>
                  <String HEIGHT="61"
                          WIDTH="160"
                          VPOS="1745"
                          HPOS="1444"
                          CONTENT="circa"/>
                  <SP HEIGHT="61" WIDTH="18" VPOS="1745" HPOS="1605"/>
                  <String HEIGHT="61"
                          WIDTH="196"
                          VPOS="1745"
                          HPOS="1551"
                          CONTENT="minora,"/>
                  <SP HEIGHT="61" WIDTH="18" VPOS="1745" HPOS="1747"/>
                  <String HEIGHT="61" WIDTH="89" VPOS="1745" HPOS="1694" CONTENT="&amp;"/>
                  <SP HEIGHT="61" WIDTH="18" VPOS="1745" HPOS="1783"/>
                  <String HEIGHT="61"
                          WIDTH="178"
                          VPOS="1745"
                          HPOS="1730"
                          CONTENT="gradus"/>
                  <SP HEIGHT="61" WIDTH="18" VPOS="1745" HPOS="1908"/>
                  <String HEIGHT="61"
                          WIDTH="214"
                          VPOS="1745"
                          HPOS="1854"
                          CONTENT="superior"/>
                  <SP HEIGHT="61" WIDTH="18" VPOS="1745" HPOS="2068"/>
                  <String HEIGHT="61"
                          WIDTH="125"
                          VPOS="1745"
                          HPOS="2015"
                          CONTENT="cui"/>
                  <SP HEIGHT="61" WIDTH="18" VPOS="1745" HPOS="2140"/>
                  <String HEIGHT="61"
                          WIDTH="214"
                          VPOS="1745"
                          HPOS="2086"
                          CONTENT="commissa"/>
                  <SP HEIGHT="61" WIDTH="18" VPOS="1745" HPOS="2300"/>
                  <String HEIGHT="61"
                          WIDTH="89"
                          VPOS="1745"
                          HPOS="2229"
                          CONTENT="est"/>
               </TextLine>
               <TextLine ID="r2l28"
                         BASELINE="1866"
                         HEIGHT="70"
                         WIDTH="1761"
                         VPOS="1796"
                         HPOS="562">
                  <String HEIGHT="70"
                          WIDTH="272"
                          VPOS="1796"
                          HPOS="546"
                          CONTENT="administratio"/>
                  <SP HEIGHT="70" WIDTH="16" VPOS="1796" HPOS="818"/>
                  <String HEIGHT="70"
                          WIDTH="240"
                          VPOS="1796"
                          HPOS="770"
                          CONTENT="vniuersalis"/>
                  <SP HEIGHT="70" WIDTH="16" VPOS="1796" HPOS="1010"/>
                  <String HEIGHT="70"
                          WIDTH="176"
                          VPOS="1796"
                          HPOS="962"
                          CONTENT="omnino,"/>
                  <SP HEIGHT="70" WIDTH="16" VPOS="1796" HPOS="1138"/>
                  <String HEIGHT="70"
                          WIDTH="112"
                          VPOS="1796"
                          HPOS="1090"
                          CONTENT="vel"/>
                  <SP HEIGHT="70" WIDTH="16" VPOS="1796" HPOS="1202"/>
                  <String HEIGHT="70"
                          WIDTH="272"
                          VPOS="1796"
                          HPOS="1154"
                          CONTENT="vniuersalior,"/>
                  <SP HEIGHT="70" WIDTH="16" VPOS="1796" HPOS="1426"/>
                  <String HEIGHT="70" WIDTH="80" VPOS="1796" HPOS="1378" CONTENT="&amp;"/>
                  <SP HEIGHT="70" WIDTH="16" VPOS="1796" HPOS="1459"/>
                  <String HEIGHT="70"
                          WIDTH="144"
                          VPOS="1796"
                          HPOS="1410"
                          CONTENT="circa"/>
                  <SP HEIGHT="70" WIDTH="16" VPOS="1796" HPOS="1555"/>
                  <String HEIGHT="70"
                          WIDTH="176"
                          VPOS="1796"
                          HPOS="1507"
                          CONTENT="maiora."/>
                  <SP HEIGHT="70" WIDTH="16" VPOS="1796" HPOS="1683"/>
                  <String HEIGHT="70" WIDTH="96" VPOS="1796" HPOS="1635" CONTENT="In"/>
                  <SP HEIGHT="70" WIDTH="16" VPOS="1796" HPOS="1731"/>
                  <String HEIGHT="70"
                          WIDTH="192"
                          VPOS="1796"
                          HPOS="1683"
                          CONTENT="caeteris"/>
                  <SP HEIGHT="70" WIDTH="16" VPOS="1796" HPOS="1875"/>
                  <String HEIGHT="70"
                          WIDTH="128"
                          VPOS="1796"
                          HPOS="1827"
                          CONTENT="enim"/>
                  <SP HEIGHT="70" WIDTH="16" VPOS="1796" HPOS="1955"/>
                  <String HEIGHT="70"
                          WIDTH="144"
                          VPOS="1796"
                          HPOS="1907"
                          CONTENT="sicut"/>
                  <SP HEIGHT="70" WIDTH="16" VPOS="1796" HPOS="2051"/>
                  <String HEIGHT="70"
                          WIDTH="176"
                          VPOS="1796"
                          HPOS="2003"
                          CONTENT="dominus"/>
                  <SP HEIGHT="70" WIDTH="16" VPOS="1796" HPOS="2179"/>
                  <String HEIGHT="70"
                          WIDTH="128"
                          VPOS="1796"
                          HPOS="2131"
                          CONTENT="para"/>
                  <SP HEIGHT="70" WIDTH="16" VPOS="1796" HPOS="2259"/>
                  <String HEIGHT="70"
                          WIDTH="112"
                          VPOS="1796"
                          HPOS="2211"
                          CONTENT="est"/>
                  <SP HEIGHT="70" WIDTH="16" VPOS="1796" HPOS="2323"/>
                  <String HEIGHT="70" WIDTH="64" VPOS="1796" HPOS="2259" CONTENT="re"/>
               </TextLine>
               <TextLine ID="r2l29"
                         BASELINE="1914"
                         HEIGHT="65"
                         WIDTH="1754"
                         VPOS="1849"
                         HPOS="562">
                  <String HEIGHT="65"
                          WIDTH="126"
                          VPOS="1849"
                          HPOS="546"
                          CONTENT="ctor"/>
                  <SP HEIGHT="65" WIDTH="16" VPOS="1849" HPOS="673"/>
                  <String HEIGHT="65"
                          WIDTH="237"
                          VPOS="1849"
                          HPOS="625"
                          CONTENT="vniuersalis"/>
                  <SP HEIGHT="65" WIDTH="16" VPOS="1849" HPOS="862"/>
                  <String HEIGHT="65"
                          WIDTH="221"
                          VPOS="1849"
                          HPOS="815"
                          CONTENT="ecclesiae:"/>
                  <SP HEIGHT="65" WIDTH="16" VPOS="1849" HPOS="1036"/>
                  <String HEIGHT="65" WIDTH="79" VPOS="1849" HPOS="989" CONTENT="&amp;"/>
                  <SP HEIGHT="65" WIDTH="16" VPOS="1849" HPOS="1068"/>
                  <String HEIGHT="65"
                          WIDTH="190"
                          VPOS="1849"
                          HPOS="1020"
                          CONTENT="quilibet"/>
                  <SP HEIGHT="65" WIDTH="16" VPOS="1849" HPOS="1210"/>
                  <String HEIGHT="65"
                          WIDTH="174"
                          VPOS="1849"
                          HPOS="1162"
                          CONTENT="praesul"/>
                  <SP HEIGHT="65" WIDTH="16" VPOS="1849" HPOS="1336"/>
                  <String HEIGHT="65"
                          WIDTH="126"
                          VPOS="1849"
                          HPOS="1289"
                          CONTENT="suae"/>
                  <SP HEIGHT="65" WIDTH="16" VPOS="1849" HPOS="1415"/>
                  <String HEIGHT="65"
                          WIDTH="221"
                          VPOS="1849"
                          HPOS="1368"
                          CONTENT="dioecesis,"/>
                  <SP HEIGHT="65" WIDTH="16" VPOS="1849" HPOS="1589"/>
                  <String HEIGHT="65"
                          WIDTH="111"
                          VPOS="1849"
                          HPOS="1542"
                          CONTENT="sic"/>
                  <SP HEIGHT="65" WIDTH="16" VPOS="1849" HPOS="1652"/>
                  <String HEIGHT="65"
                          WIDTH="190"
                          VPOS="1849"
                          HPOS="1605"
                          CONTENT="sacerdos"/>
                  <SP HEIGHT="65" WIDTH="16" VPOS="1849" HPOS="1795"/>
                  <String HEIGHT="65"
                          WIDTH="174"
                          VPOS="1849"
                          HPOS="1747"
                          CONTENT="curatus"/>
                  <SP HEIGHT="65" WIDTH="16" VPOS="1849" HPOS="1921"/>
                  <String HEIGHT="65"
                          WIDTH="111"
                          VPOS="1849"
                          HPOS="1874"
                          CONTENT="est"/>
                  <SP HEIGHT="65" WIDTH="16" VPOS="1849" HPOS="1984"/>
                  <String HEIGHT="65"
                          WIDTH="158"
                          VPOS="1849"
                          HPOS="1937"
                          CONTENT="rector"/>
                  <SP HEIGHT="65" WIDTH="16" VPOS="1849" HPOS="2095"/>
                  <String HEIGHT="65"
                          WIDTH="126"
                          VPOS="1849"
                          HPOS="2047"
                          CONTENT="suae"/>
                  <SP HEIGHT="65" WIDTH="16" VPOS="1849" HPOS="2174"/>
                  <String HEIGHT="65"
                          WIDTH="221"
                          VPOS="1849"
                          HPOS="2126"
                          CONTENT="parochiae:"/>
                  <SP HEIGHT="65" WIDTH="16" VPOS="1849" HPOS="2348"/>
                  <String HEIGHT="65" WIDTH="32" VPOS="1849" HPOS="2284" CONTENT=""/>
               </TextLine>
               <TextLine ID="r2l30"
                         BASELINE="1962"
                         HEIGHT="58"
                         WIDTH="1754"
                         VPOS="1904"
                         HPOS="565">
                  <String HEIGHT="58" WIDTH="110" VPOS="1904" HPOS="547" CONTENT="vt"/>
                  <SP HEIGHT="58" WIDTH="18" VPOS="1904" HPOS="656"/>
                  <String HEIGHT="58"
                          WIDTH="128"
                          VPOS="1904"
                          HPOS="602"
                          CONTENT="sit"/>
                  <SP HEIGHT="58" WIDTH="18" VPOS="1904" HPOS="729"/>
                  <String HEIGHT="58" WIDTH="110" VPOS="1904" HPOS="675" CONTENT="in"/>
                  <SP HEIGHT="58" WIDTH="18" VPOS="1904" HPOS="784"/>
                  <String HEIGHT="58"
                          WIDTH="128"
                          VPOS="1904"
                          HPOS="729"
                          CONTENT="his"/>
                  <SP HEIGHT="58" WIDTH="18" VPOS="1904" HPOS="857"/>
                  <String HEIGHT="58"
                          WIDTH="183"
                          VPOS="1904"
                          HPOS="803"
                          CONTENT="tribus"/>
                  <SP HEIGHT="58" WIDTH="18" VPOS="1904" HPOS="985"/>
                  <String HEIGHT="58"
                          WIDTH="146"
                          VPOS="1904"
                          HPOS="930"
                          CONTENT="idem"/>
                  <SP HEIGHT="58" WIDTH="18" VPOS="1904" HPOS="1077"/>
                  <String HEIGHT="58"
                          WIDTH="183"
                          VPOS="1904"
                          HPOS="1022"
                          CONTENT="status"/>
                  <SP HEIGHT="58" WIDTH="18" VPOS="1904" HPOS="1204"/>
                  <String HEIGHT="58"
                          WIDTH="292"
                          VPOS="1904"
                          HPOS="1150"
                          CONTENT="persectionis"/>
                  <SP HEIGHT="58" WIDTH="18" VPOS="1904" HPOS="1442"/>
                  <String HEIGHT="58"
                          WIDTH="238"
                          VPOS="1904"
                          HPOS="1387"
                          CONTENT="differens"/>
                  <SP HEIGHT="58" WIDTH="18" VPOS="1904" HPOS="1625"/>
                  <String HEIGHT="58"
                          WIDTH="164"
                          VPOS="1904"
                          HPOS="1570"
                          CONTENT="solum"/>
                  <SP HEIGHT="58" WIDTH="18" VPOS="1904" HPOS="1734"/>
                  <String HEIGHT="58"
                          WIDTH="164"
                          VPOS="1904"
                          HPOS="1680"
                          CONTENT="penes"/>
                  <SP HEIGHT="58" WIDTH="18" VPOS="1904" HPOS="1844"/>
                  <String HEIGHT="58"
                          WIDTH="201"
                          VPOS="1904"
                          HPOS="1789"
                          CONTENT="gradus."/>
                  <SP HEIGHT="58" WIDTH="18" VPOS="1904" HPOS="1990"/>
                  <String HEIGHT="58"
                          WIDTH="146"
                          VPOS="1904"
                          HPOS="1935"
                          CONTENT="Vnde"/>
                  <SP HEIGHT="58" WIDTH="18" VPOS="1904" HPOS="2081"/>
                  <String HEIGHT="58"
                          WIDTH="128"
                          VPOS="1904"
                          HPOS="2027"
                          CONTENT="non"/>
                  <SP HEIGHT="58" WIDTH="18" VPOS="1904" HPOS="2155"/>
                  <String HEIGHT="58"
                          WIDTH="146"
                          VPOS="1904"
                          HPOS="2100"
                          CONTENT="bene"/>
                  <SP HEIGHT="58" WIDTH="18" VPOS="1904" HPOS="2246"/>
                  <String HEIGHT="58"
                          WIDTH="146"
                          VPOS="1904"
                          HPOS="2173"
                          CONTENT="dicunt"/>
               </TextLine>
               <TextLine ID="r2l31"
                         BASELINE="2025"
                         HEIGHT="67"
                         WIDTH="1765"
                         VPOS="1958"
                         HPOS="562">
                  <String HEIGHT="67"
                          WIDTH="202"
                          VPOS="1958"
                          HPOS="545"
                          CONTENT="dicentes"/>
                  <SP HEIGHT="67" WIDTH="17" VPOS="1958" HPOS="747"/>
                  <String HEIGHT="67"
                          WIDTH="134"
                          VPOS="1958"
                          HPOS="696"
                          CONTENT="quod"/>
                  <SP HEIGHT="67" WIDTH="17" VPOS="1958" HPOS="831"/>
                  <String HEIGHT="67"
                          WIDTH="134"
                          VPOS="1958"
                          HPOS="781"
                          CONTENT="sunt"/>
                  <SP HEIGHT="67" WIDTH="17" VPOS="1958" HPOS="915"/>
                  <String HEIGHT="67"
                          WIDTH="151"
                          VPOS="1958"
                          HPOS="865"
                          CONTENT="sicut"/>
                  <SP HEIGHT="67" WIDTH="17" VPOS="1958" HPOS="1016"/>
                  <String HEIGHT="67"
                          WIDTH="235"
                          VPOS="1958"
                          HPOS="965"
                          CONTENT="praepositi"/>
                  <SP HEIGHT="67" WIDTH="17" VPOS="1958" HPOS="1201"/>
                  <String HEIGHT="67"
                          WIDTH="118"
                          VPOS="1958"
                          HPOS="1150"
                          CONTENT="vel"/>
                  <SP HEIGHT="67" WIDTH="17" VPOS="1958" HPOS="1268"/>
                  <String HEIGHT="67"
                          WIDTH="168"
                          VPOS="1958"
                          HPOS="1218"
                          CONTENT="baliui"/>
                  <SP HEIGHT="67" WIDTH="17" VPOS="1958" HPOS="1386"/>
                  <String HEIGHT="67"
                          WIDTH="134"
                          VPOS="1958"
                          HPOS="1335"
                          CONTENT="siue"/>
                  <SP HEIGHT="67" WIDTH="17" VPOS="1958" HPOS="1470"/>
                  <String HEIGHT="67"
                          WIDTH="252"
                          VPOS="1958"
                          HPOS="1419"
                          CONTENT="coadiutores"/>
                  <SP HEIGHT="67" WIDTH="17" VPOS="1958" HPOS="1671"/>
                  <String HEIGHT="67" WIDTH="84" VPOS="1958" HPOS="1621" CONTENT="&amp;"/>
                  <SP HEIGHT="67" WIDTH="17" VPOS="1958" HPOS="1705"/>
                  <String HEIGHT="67"
                          WIDTH="286"
                          VPOS="1958"
                          HPOS="1655"
                          CONTENT="optitulatores"/>
                  <SP HEIGHT="67" WIDTH="17" VPOS="1958" HPOS="1940"/>
                  <String HEIGHT="67"
                          WIDTH="269"
                          VPOS="1958"
                          HPOS="1890"
                          CONTENT="episcoporum:"/>
                  <SP HEIGHT="67" WIDTH="17" VPOS="1958" HPOS="2159"/>
                  <String HEIGHT="67"
                          WIDTH="118"
                          VPOS="1958"
                          HPOS="2108"
                          CONTENT="sed"/>
                  <SP HEIGHT="67" WIDTH="17" VPOS="1958" HPOS="2226"/>
                  <String HEIGHT="67"
                          WIDTH="134"
                          VPOS="1958"
                          HPOS="2176"
                          CONTENT="sunt"/>
                  <SP HEIGHT="67" WIDTH="17" VPOS="1958" HPOS="2310"/>
                  <String HEIGHT="67"
                          WIDTH="84"
                          VPOS="1958"
                          HPOS="2243"
                          CONTENT="ve"
                          SUBS_TYPE="HypPart1"
                          SUBS_CONTENT="veri"/>
                  <HYP CONTENT="-"/>
               </TextLine>
               <TextLine ID="r2l32"
                         BASELINE="2081"
                         HEIGHT="66"
                         WIDTH="1763"
                         VPOS="2015"
                         HPOS="558">
                  <String HEIGHT="66"
                          WIDTH="99"
                          VPOS="2015"
                          HPOS="542"
                          CONTENT="ri"
                          SUBS_TYPE="HypPart2"
                          SUBS_CONTENT="veri"/>
                  <SP HEIGHT="66" WIDTH="16" VPOS="2015" HPOS="640"/>
                  <String HEIGHT="66" WIDTH="82" VPOS="2015" HPOS="591" CONTENT="&amp;"/>
                  <SP HEIGHT="66" WIDTH="16" VPOS="2015" HPOS="673"/>
                  <String HEIGHT="66"
                          WIDTH="214"
                          VPOS="2015"
                          HPOS="624"
                          CONTENT="ordinarii"/>
                  <SP HEIGHT="66" WIDTH="16" VPOS="2015" HPOS="838"/>
                  <String HEIGHT="66"
                          WIDTH="198"
                          VPOS="2015"
                          HPOS="789"
                          CONTENT="rectores"/>
                  <SP HEIGHT="66" WIDTH="16" VPOS="2015" HPOS="986"/>
                  <String HEIGHT="66"
                          WIDTH="214"
                          VPOS="2015"
                          HPOS="937"
                          CONTENT="instituti"/>
                  <SP HEIGHT="66" WIDTH="16" VPOS="2015" HPOS="1151"/>
                  <String HEIGHT="66" WIDTH="99" VPOS="2015" HPOS="1102" CONTENT="in"/>
                  <SP HEIGHT="66" WIDTH="16" VPOS="2015" HPOS="1201"/>
                  <String HEIGHT="66"
                          WIDTH="132"
                          VPOS="2015"
                          HPOS="1151"
                          CONTENT="suis"/>
                  <SP HEIGHT="66" WIDTH="16" VPOS="2015" HPOS="1283"/>
                  <String HEIGHT="66"
                          WIDTH="330"
                          VPOS="2015"
                          HPOS="1234"
                          CONTENT="praedecessoribus"/>
                  <SP HEIGHT="66" WIDTH="16" VPOS="2015" HPOS="1563"/>
                  <String HEIGHT="66"
                          WIDTH="198"
                          VPOS="2015"
                          HPOS="1514"
                          CONTENT="scilicet"/>
                  <SP HEIGHT="66" WIDTH="16" VPOS="2015" HPOS="1711"/>
                  <String HEIGHT="66"
                          WIDTH="247"
                          VPOS="2015"
                          HPOS="1662"
                          CONTENT="discipulis:"/>
                  <SP HEIGHT="66" WIDTH="16" VPOS="2015" HPOS="1909"/>
                  <String HEIGHT="66"
                          WIDTH="115"
                          VPOS="2015"
                          HPOS="1860"
                          CONTENT="non"/>
                  <SP HEIGHT="66" WIDTH="16" VPOS="2015" HPOS="1975"/>
                  <String HEIGHT="66" WIDTH="82" VPOS="2015" HPOS="1926" CONTENT="a"/>
                  <SP HEIGHT="66" WIDTH="16" VPOS="2015" HPOS="2008"/>
                  <String HEIGHT="66"
                          WIDTH="330"
                          VPOS="2015"
                          HPOS="1959"
                          CONTENT="praedecessoribus"/>
                  <SP HEIGHT="66" WIDTH="16" VPOS="2015" HPOS="2288"/>
                  <String HEIGHT="66"
                          WIDTH="99"
                          VPOS="2015"
                          HPOS="2222"
                          CONTENT="prae"/>
               </TextLine>
               <TextLine ID="r2l33"
                         BASELINE="2129"
                         HEIGHT="62"
                         WIDTH="1763"
                         VPOS="2067"
                         HPOS="569">
                  <String HEIGHT="62"
                          WIDTH="151"
                          VPOS="2067"
                          HPOS="552"
                          CONTENT="sulum"/>
                  <SP HEIGHT="62" WIDTH="17" VPOS="2067" HPOS="703"/>
                  <String HEIGHT="62"
                          WIDTH="201"
                          VPOS="2067"
                          HPOS="653"
                          CONTENT="scilicet"/>
                  <SP HEIGHT="62" WIDTH="17" VPOS="2067" HPOS="854"/>
                  <String HEIGHT="62" WIDTH="101" VPOS="2067" HPOS="804" CONTENT="ab"/>
                  <SP HEIGHT="62" WIDTH="17" VPOS="2067" HPOS="905"/>
                  <String HEIGHT="62"
                          WIDTH="235"
                          VPOS="2067"
                          HPOS="854"
                          CONTENT="apostolis:"/>
                  <SP HEIGHT="62" WIDTH="17" VPOS="2067" HPOS="1090"/>
                  <String HEIGHT="62"
                          WIDTH="118"
                          VPOS="2067"
                          HPOS="1039"
                          CONTENT="sed"/>
                  <SP HEIGHT="62" WIDTH="17" VPOS="2067" HPOS="1157"/>
                  <String HEIGHT="62"
                          WIDTH="151"
                          VPOS="2067"
                          HPOS="1106"
                          CONTENT="erant"/>
                  <SP HEIGHT="62" WIDTH="17" VPOS="2067" HPOS="1257"/>
                  <String HEIGHT="62"
                          WIDTH="134"
                          VPOS="2067"
                          HPOS="1207"
                          CONTENT="ambo"/>
                  <SP HEIGHT="62" WIDTH="17" VPOS="2067" HPOS="1341"/>
                  <String HEIGHT="62"
                          WIDTH="185"
                          VPOS="2067"
                          HPOS="1291"
                          CONTENT="ordines"/>
                  <SP HEIGHT="62" WIDTH="17" VPOS="2067" HPOS="1476"/>
                  <String HEIGHT="62"
                          WIDTH="218"
                          VPOS="2067"
                          HPOS="1425"
                          CONTENT="immediate"/>
                  <SP HEIGHT="62" WIDTH="17" VPOS="2067" HPOS="1644"/>
                  <String HEIGHT="62"
                          WIDTH="218"
                          VPOS="2067"
                          HPOS="1593"
                          CONTENT="instituti"/>
                  <SP HEIGHT="62" WIDTH="17" VPOS="2067" HPOS="1811"/>
                  <String HEIGHT="62" WIDTH="84" VPOS="2067" HPOS="1761" CONTENT="a"/>
                  <SP HEIGHT="62" WIDTH="17" VPOS="2067" HPOS="1845"/>
                  <String HEIGHT="62"
                          WIDTH="134"
                          VPOS="2067"
                          HPOS="1795"
                          CONTENT="deo:"/>
                  <SP HEIGHT="62" WIDTH="17" VPOS="2067" HPOS="1929"/>
                  <String HEIGHT="62"
                          WIDTH="101"
                          VPOS="2067"
                          HPOS="1879"
                          CONTENT="vt"/>
                  <SP HEIGHT="62" WIDTH="17" VPOS="2067" HPOS="1979"/>
                  <String HEIGHT="62"
                          WIDTH="151"
                          VPOS="2067"
                          HPOS="1929"
                          CONTENT="infra"/>
                  <SP HEIGHT="62" WIDTH="17" VPOS="2067" HPOS="2080"/>
                  <String HEIGHT="62"
                          WIDTH="235"
                          VPOS="2067"
                          HPOS="2030"
                          CONTENT="quaestione"/>
                  <SP HEIGHT="62" WIDTH="17" VPOS="2067" HPOS="2265"/>
                  <String HEIGHT="62"
                          WIDTH="134"
                          VPOS="2067"
                          HPOS="2198"
                          CONTENT="vltima"/>
               </TextLine>
               <TextLine ID="r2l34"
                         BASELINE="2182"
                         HEIGHT="66"
                         WIDTH="1770"
                         VPOS="2116"
                         HPOS="561">
                  <String HEIGHT="66"
                          WIDTH="276"
                          VPOS="2116"
                          HPOS="545"
                          CONTENT="declarabitur."/>
                  <SP HEIGHT="66" WIDTH="16" VPOS="2116" HPOS="821"/>
                  <String HEIGHT="66" WIDTH="97" VPOS="2116" HPOS="772" CONTENT="Et"/>
                  <SP HEIGHT="66" WIDTH="16" VPOS="2116" HPOS="870"/>
                  <String HEIGHT="66"
                          WIDTH="130"
                          VPOS="2116"
                          HPOS="821"
                          CONTENT="ideo"/>
                  <SP HEIGHT="66" WIDTH="16" VPOS="2116" HPOS="951"/>
                  <String HEIGHT="66"
                          WIDTH="146"
                          VPOS="2116"
                          HPOS="902"
                          CONTENT="sicut"/>
                  <SP HEIGHT="66" WIDTH="16" VPOS="2116" HPOS="1048"/>
                  <String HEIGHT="66"
                          WIDTH="162"
                          VPOS="2116"
                          HPOS="999"
                          CONTENT="status"/>
                  <SP HEIGHT="66" WIDTH="16" VPOS="2116" HPOS="1162"/>
                  <String HEIGHT="66"
                          WIDTH="227"
                          VPOS="2116"
                          HPOS="1113"
                          CONTENT="praesulum,"/>
                  <SP HEIGHT="66" WIDTH="16" VPOS="2116" HPOS="1340"/>
                  <String HEIGHT="66"
                          WIDTH="130"
                          VPOS="2116"
                          HPOS="1292"
                          CONTENT="quia"/>
                  <SP HEIGHT="66" WIDTH="16" VPOS="2116" HPOS="1422"/>
                  <String HEIGHT="66"
                          WIDTH="227"
                          VPOS="2116"
                          HPOS="1373"
                          CONTENT="perfectior"/>
                  <SP HEIGHT="66" WIDTH="16" VPOS="2116" HPOS="1600"/>
                  <String HEIGHT="66"
                          WIDTH="114"
                          VPOS="2116"
                          HPOS="1552"
                          CONTENT="est"/>
                  <SP HEIGHT="66" WIDTH="16" VPOS="2116" HPOS="1665"/>
                  <String HEIGHT="66"
                          WIDTH="130"
                          VPOS="2116"
                          HPOS="1617"
                          CONTENT="quam"/>
                  <SP HEIGHT="66" WIDTH="16" VPOS="2116" HPOS="1746"/>
                  <String HEIGHT="66"
                          WIDTH="162"
                          VPOS="2116"
                          HPOS="1698"
                          CONTENT="status"/>
                  <SP HEIGHT="66" WIDTH="16" VPOS="2116" HPOS="1860"/>
                  <String HEIGHT="66"
                          WIDTH="260"
                          VPOS="2116"
                          HPOS="1811"
                          CONTENT="quorumcunque"/>
                  <SP HEIGHT="66" WIDTH="16" VPOS="2116" HPOS="2071"/>
                  <String HEIGHT="66"
                          WIDTH="276"
                          VPOS="2116"
                          HPOS="2022"
                          CONTENT="religiosorum,"/>
                  <SP HEIGHT="66" WIDTH="16" VPOS="2116" HPOS="2299"/>
                  <String HEIGHT="66"
                          WIDTH="97"
                          VPOS="2116"
                          HPOS="2234"
                          CONTENT="pro"
                          SUBS_TYPE="HypPart1"
                          SUBS_CONTENT="propter"/>
                  <HYP CONTENT="-"/>
               </TextLine>
               <TextLine ID="r2l35"
                         BASELINE="2240"
                         HEIGHT="64"
                         WIDTH="1758"
                         VPOS="2176"
                         HPOS="567">
                  <String HEIGHT="64"
                          WIDTH="142"
                          VPOS="2176"
                          HPOS="549"
                          CONTENT="pter"
                          SUBS_TYPE="HypPart2"
                          SUBS_CONTENT="propter"/>
                  <SP HEIGHT="64" WIDTH="18" VPOS="2176" HPOS="691"/>
                  <String HEIGHT="64"
                          WIDTH="178"
                          VPOS="2176"
                          HPOS="638"
                          CONTENT="maiora"/>
                  <SP HEIGHT="64" WIDTH="18" VPOS="2176" HPOS="816"/>
                  <String HEIGHT="64"
                          WIDTH="160"
                          VPOS="2176"
                          HPOS="762"
                          CONTENT="opera"/>
                  <SP HEIGHT="64" WIDTH="18" VPOS="2176" HPOS="922"/>
                  <String HEIGHT="64"
                          WIDTH="142"
                          VPOS="2176"
                          HPOS="869"
                          CONTENT="quae"/>
                  <SP HEIGHT="64" WIDTH="18" VPOS="2176" HPOS="1011"/>
                  <String HEIGHT="64"
                          WIDTH="213"
                          VPOS="2176"
                          HPOS="958"
                          CONTENT="requirit"/>
                  <SP HEIGHT="64" WIDTH="18" VPOS="2176" HPOS="1171"/>
                  <String HEIGHT="64" WIDTH="89" VPOS="2176" HPOS="1117" CONTENT="&amp;"/>
                  <SP HEIGHT="64" WIDTH="18" VPOS="2176" HPOS="1206"/>
                  <String HEIGHT="64"
                          WIDTH="142"
                          VPOS="2176"
                          HPOS="1153"
                          CONTENT="quae"/>
                  <SP HEIGHT="64" WIDTH="18" VPOS="2176" HPOS="1295"/>
                  <String HEIGHT="64"
                          WIDTH="249"
                          VPOS="2176"
                          HPOS="1242"
                          CONTENT="ordinantur"/>
                  <SP HEIGHT="64" WIDTH="18" VPOS="2176" HPOS="1490"/>
                  <String HEIGHT="64"
                          WIDTH="107"
                          VPOS="2176"
                          HPOS="1437"
                          CONTENT="ad"/>
                  <SP HEIGHT="64" WIDTH="18" VPOS="2176" HPOS="1544"/>
                  <String HEIGHT="64"
                          WIDTH="160"
                          VPOS="2176"
                          HPOS="1490"
                          CONTENT="finem"/>
                  <SP HEIGHT="64" WIDTH="18" VPOS="2176" HPOS="1650"/>
                  <String HEIGHT="64"
                          WIDTH="266"
                          VPOS="2176"
                          HPOS="1597"
                          CONTENT="simpliciter"/>
                  <SP HEIGHT="64" WIDTH="18" VPOS="2176" HPOS="1863"/>
                  <String HEIGHT="64" WIDTH="89" VPOS="2176" HPOS="1810" CONTENT="&amp;"/>
                  <SP HEIGHT="64" WIDTH="18" VPOS="2176" HPOS="1899"/>
                  <String HEIGHT="64"
                          WIDTH="213"
                          VPOS="2176"
                          HPOS="1846"
                          CONTENT="absolute"/>
                  <SP HEIGHT="64" WIDTH="18" VPOS="2176" HPOS="2059"/>
                  <String HEIGHT="64"
                          WIDTH="213"
                          VPOS="2176"
                          HPOS="2005"
                          CONTENT="potiorem"/>
                  <SP HEIGHT="64" WIDTH="18" VPOS="2176" HPOS="2218"/>
                  <String HEIGHT="64"
                          WIDTH="178"
                          VPOS="2176"
                          HPOS="2147"
                          CONTENT="scilicet"/>
               </TextLine>
               <TextLine ID="r2l36"
                         BASELINE="2298"
                         HEIGHT="61"
                         WIDTH="1763"
                         VPOS="2237"
                         HPOS="561">
                  <String HEIGHT="61" WIDTH="110" VPOS="2237" HPOS="543" CONTENT="ad"/>
                  <SP HEIGHT="61" WIDTH="18" VPOS="2237" HPOS="653"/>
                  <String HEIGHT="61"
                          WIDTH="220"
                          VPOS="2237"
                          HPOS="598"
                          CONTENT="communem"/>
                  <SP HEIGHT="61" WIDTH="18" VPOS="2237" HPOS="818"/>
                  <String HEIGHT="61"
                          WIDTH="257"
                          VPOS="2237"
                          HPOS="763"
                          CONTENT="vtilitatem"/>
                  <SP HEIGHT="61" WIDTH="18" VPOS="2237" HPOS="1020"/>
                  <String HEIGHT="61"
                          WIDTH="147"
                          VPOS="2237"
                          HPOS="965"
                          CONTENT="quod"/>
                  <SP HEIGHT="61" WIDTH="18" VPOS="2237" HPOS="1112"/>
                  <String HEIGHT="61"
                          WIDTH="129"
                          VPOS="2237"
                          HPOS="1057"
                          CONTENT="est"/>
                  <SP HEIGHT="61" WIDTH="18" VPOS="2237" HPOS="1185"/>
                  <String HEIGHT="61"
                          WIDTH="165"
                          VPOS="2237"
                          HPOS="1130"
                          CONTENT="maius"/>
                  <SP HEIGHT="61" WIDTH="18" VPOS="2237" HPOS="1296"/>
                  <String HEIGHT="61"
                          WIDTH="165"
                          VPOS="2237"
                          HPOS="1240"
                          CONTENT="bonum"/>
                  <SP HEIGHT="61" WIDTH="18" VPOS="2237" HPOS="1406"/>
                  <String HEIGHT="61"
                          WIDTH="147"
                          VPOS="2237"
                          HPOS="1351"
                          CONTENT="quam"/>
                  <SP HEIGHT="61" WIDTH="18" VPOS="2237" HPOS="1498"/>
                  <String HEIGHT="61"
                          WIDTH="239"
                          VPOS="2237"
                          HPOS="1443"
                          CONTENT="priuatum:"/>
                  <SP HEIGHT="61" WIDTH="18" VPOS="2237" HPOS="1681"/>
                  <String HEIGHT="61" WIDTH="92" VPOS="2237" HPOS="1626" CONTENT="&amp;"/>
                  <SP HEIGHT="61" WIDTH="18" VPOS="2237" HPOS="1718"/>
                  <String HEIGHT="61"
                          WIDTH="147"
                          VPOS="2237"
                          HPOS="1663"
                          CONTENT="ideo"/>
                  <SP HEIGHT="61" WIDTH="18" VPOS="2237" HPOS="1810"/>
                  <String HEIGHT="61"
                          WIDTH="220"
                          VPOS="2237"
                          HPOS="1755"
                          CONTENT="diuinius"/>
                  <SP HEIGHT="61" WIDTH="18" VPOS="2237" HPOS="1975"/>
                  <String HEIGHT="61"
                          WIDTH="220"
                          VPOS="2237"
                          HPOS="1920"
                          CONTENT="requirit"/>
                  <SP HEIGHT="61" WIDTH="18" VPOS="2237" HPOS="2140"/>
                  <String HEIGHT="61"
                          WIDTH="257"
                          VPOS="2237"
                          HPOS="2067"
                          CONTENT="perfectiorem"/>
               </TextLine>
               <TextLine ID="r2l37"
                         BASELINE="2355"
                         HEIGHT="67"
                         WIDTH="1757"
                         VPOS="2288"
                         HPOS="571">
                  <String HEIGHT="67"
                          WIDTH="207"
                          VPOS="2288"
                          HPOS="554"
                          CONTENT="personam"/>
                  <SP HEIGHT="67" WIDTH="17" VPOS="2288" HPOS="760"/>
                  <String HEIGHT="67"
                          WIDTH="258"
                          VPOS="2288"
                          HPOS="709"
                          CONTENT="promouendam"/>
                  <SP HEIGHT="67" WIDTH="17" VPOS="2288" HPOS="967"/>
                  <String HEIGHT="67" WIDTH="103" VPOS="2288" HPOS="916" CONTENT="in"/>
                  <SP HEIGHT="67" WIDTH="17" VPOS="2288" HPOS="1019"/>
                  <String HEIGHT="67"
                          WIDTH="224"
                          VPOS="2288"
                          HPOS="967"
                          CONTENT="praesulem"/>
                  <SP HEIGHT="67" WIDTH="17" VPOS="2288" HPOS="1191"/>
                  <String HEIGHT="67"
                          WIDTH="138"
                          VPOS="2288"
                          HPOS="1139"
                          CONTENT="quam"/>
                  <SP HEIGHT="67" WIDTH="17" VPOS="2288" HPOS="1277"/>
                  <String HEIGHT="67"
                          WIDTH="207"
                          VPOS="2288"
                          HPOS="1226"
                          CONTENT="requirit"/>
                  <SP HEIGHT="67" WIDTH="17" VPOS="2288" HPOS="1432"/>
                  <String HEIGHT="67"
                          WIDTH="172"
                          VPOS="2288"
                          HPOS="1381"
                          CONTENT="status"/>
                  <SP HEIGHT="67" WIDTH="17" VPOS="2288" HPOS="1553"/>
                  <String HEIGHT="67"
                          WIDTH="258"
                          VPOS="2288"
                          HPOS="1501"
                          CONTENT="religionis:"/>
                  <SP HEIGHT="67" WIDTH="17" VPOS="2288" HPOS="1760"/>
                  <String HEIGHT="67"
                          WIDTH="138"
                          VPOS="2288"
                          HPOS="1708"
                          CONTENT="immo"/>
                  <SP HEIGHT="67" WIDTH="17" VPOS="2288" HPOS="1846"/>
                  <String HEIGHT="67"
                          WIDTH="172"
                          VPOS="2288"
                          HPOS="1794"
                          CONTENT="status"/>
                  <SP HEIGHT="67" WIDTH="17" VPOS="2288" HPOS="1966"/>
                  <String HEIGHT="67"
                          WIDTH="138"
                          VPOS="2288"
                          HPOS="1915"
                          CONTENT="ille"/>
                  <SP HEIGHT="67" WIDTH="17" VPOS="2288" HPOS="2052"/>
                  <String HEIGHT="67"
                          WIDTH="207"
                          VPOS="2288"
                          HPOS="2001"
                          CONTENT="requirit"/>
                  <SP HEIGHT="67" WIDTH="17" VPOS="2288" HPOS="2207"/>
                  <String HEIGHT="67"
                          WIDTH="138"
                          VPOS="2288"
                          HPOS="2156"
                          CONTENT="quod"/>
                  <SP HEIGHT="67" WIDTH="17" VPOS="2288" HPOS="2294"/>
                  <String HEIGHT="67"
                          WIDTH="103"
                          VPOS="2288"
                          HPOS="2225"
                          CONTENT="pro"
                          SUBS_TYPE="HypPart1"
                          SUBS_CONTENT="promouendus"/>
                  <HYP CONTENT="-"/>
               </TextLine>
               <TextLine ID="r2l38"
                         BASELINE="2404"
                         HEIGHT="70"
                         WIDTH="1761"
                         VPOS="2334"
                         HPOS="571">
                  <String HEIGHT="70"
                          WIDTH="209"
                          VPOS="2334"
                          HPOS="554"
                          CONTENT="mouendus"
                          SUBS_TYPE="HypPart2"
                          SUBS_CONTENT="promouendus"/>
                  <SP HEIGHT="70" WIDTH="17" VPOS="2334" HPOS="763"/>
                  <String HEIGHT="70" WIDTH="105" VPOS="2334" HPOS="710" CONTENT="in"/>
                  <SP HEIGHT="70" WIDTH="17" VPOS="2334" HPOS="815"/>
                  <String HEIGHT="70"
                          WIDTH="139"
                          VPOS="2334"
                          HPOS="763"
                          CONTENT="illo"/>
                  <SP HEIGHT="70" WIDTH="17" VPOS="2334" HPOS="902"/>
                  <String HEIGHT="70"
                          WIDTH="122"
                          VPOS="2334"
                          HPOS="850"
                          CONTENT="sit"/>
                  <SP HEIGHT="70" WIDTH="17" VPOS="2334" HPOS="972"/>
                  <String HEIGHT="70"
                          WIDTH="122"
                          VPOS="2334"
                          HPOS="920"
                          CONTENT="iam"/>
                  <SP HEIGHT="70" WIDTH="17" VPOS="2334" HPOS="1042"/>
                  <String HEIGHT="70"
                          WIDTH="244"
                          VPOS="2334"
                          HPOS="989"
                          CONTENT="perfectus:"/>
                  <SP HEIGHT="70" WIDTH="17" VPOS="2334" HPOS="1234"/>
                  <String HEIGHT="70"
                          WIDTH="174"
                          VPOS="2334"
                          HPOS="1181"
                          CONTENT="status"/>
                  <SP HEIGHT="70" WIDTH="17" VPOS="2334" HPOS="1356"/>
                  <String HEIGHT="70"
                          WIDTH="157"
                          VPOS="2334"
                          HPOS="1303"
                          CONTENT="autem"/>
                  <SP HEIGHT="70" WIDTH="17" VPOS="2334" HPOS="1460"/>
                  <String HEIGHT="70"
                          WIDTH="244"
                          VPOS="2334"
                          HPOS="1408"
                          CONTENT="religionis"/>
                  <SP HEIGHT="70" WIDTH="17" VPOS="2334" HPOS="1652"/>
                  <String HEIGHT="70"
                          WIDTH="122"
                          VPOS="2334"
                          HPOS="1600"
                          CONTENT="non"/>
                  <SP HEIGHT="70" WIDTH="17" VPOS="2334" HPOS="1722"/>
                  <String HEIGHT="70"
                          WIDTH="209"
                          VPOS="2334"
                          HPOS="1669"
                          CONTENT="requirit"/>
                  <SP HEIGHT="70" WIDTH="17" VPOS="2334" HPOS="1879"/>
                  <String HEIGHT="70"
                          WIDTH="349"
                          VPOS="2334"
                          HPOS="1826"
                          CONTENT="perfectioneminec"/>
                  <SP HEIGHT="70" WIDTH="17" VPOS="2334" HPOS="2175"/>
                  <String HEIGHT="70"
                          WIDTH="105"
                          VPOS="2334"
                          HPOS="2123"
                          CONTENT="in"/>
                  <SP HEIGHT="70" WIDTH="17" VPOS="2334" HPOS="2227"/>
                  <String HEIGHT="70"
                          WIDTH="174"
                          VPOS="2334"
                          HPOS="2158"
                          CONTENT="promouen"/>
               </TextLine>
               <TextLine ID="r2l39"
                         BASELINE="2461"
                         HEIGHT="68"
                         WIDTH="1756"
                         VPOS="2393"
                         HPOS="566">
                  <String HEIGHT="68" WIDTH="100" VPOS="2393" HPOS="549" CONTENT="do"/>
                  <SP HEIGHT="68" WIDTH="17" VPOS="2393" HPOS="650"/>
                  <String HEIGHT="68" WIDTH="100" VPOS="2393" HPOS="599" CONTENT="ad"/>
                  <SP HEIGHT="68" WIDTH="17" VPOS="2393" HPOS="700"/>
                  <String HEIGHT="68"
                          WIDTH="151"
                          VPOS="2393"
                          HPOS="650"
                          CONTENT="ipsum"/>
                  <SP HEIGHT="68" WIDTH="17" VPOS="2393" HPOS="800"/>
                  <String HEIGHT="68"
                          WIDTH="117"
                          VPOS="2393"
                          HPOS="750"
                          CONTENT="nec"/>
                  <SP HEIGHT="68" WIDTH="17" VPOS="2393" HPOS="867"/>
                  <String HEIGHT="68"
                          WIDTH="167"
                          VPOS="2393"
                          HPOS="817"
                          CONTENT="statim"/>
                  <SP HEIGHT="68" WIDTH="17" VPOS="2393" HPOS="984"/>
                  <String HEIGHT="68" WIDTH="100" VPOS="2393" HPOS="934" CONTENT="in"/>
                  <SP HEIGHT="68" WIDTH="17" VPOS="2393" HPOS="1034"/>
                  <String HEIGHT="68"
                          WIDTH="268"
                          VPOS="2393"
                          HPOS="984"
                          CONTENT="existentibus"/>
                  <SP HEIGHT="68" WIDTH="17" VPOS="2393" HPOS="1252"/>
                  <String HEIGHT="68"
                          WIDTH="100"
                          VPOS="2393"
                          HPOS="1202"
                          CONTENT="in"/>
                  <SP HEIGHT="68" WIDTH="17" VPOS="2393" HPOS="1302"/>
                  <String HEIGHT="68"
                          WIDTH="151"
                          VPOS="2393"
                          HPOS="1252"
                          CONTENT="illo:"/>
                  <SP HEIGHT="68" WIDTH="17" VPOS="2393" HPOS="1402"/>
                  <String HEIGHT="68"
                          WIDTH="268"
                          VPOS="2393"
                          HPOS="1352"
                          CONTENT="Consimiliter"/>
                  <SP HEIGHT="68" WIDTH="17" VPOS="2393" HPOS="1620"/>
                  <String HEIGHT="68"
                          WIDTH="184"
                          VPOS="2393"
                          HPOS="1569"
                          CONTENT="propter"/>
                  <SP HEIGHT="68" WIDTH="17" VPOS="2393" HPOS="1753"/>
                  <String HEIGHT="68"
                          WIDTH="234"
                          VPOS="2393"
                          HPOS="1703"
                          CONTENT="consimilia"/>
                  <SP HEIGHT="68" WIDTH="17" VPOS="2393" HPOS="1937"/>
                  <String HEIGHT="68"
                          WIDTH="151"
                          VPOS="2393"
                          HPOS="1887"
                          CONTENT="opera"/>
                  <SP HEIGHT="68" WIDTH="17" VPOS="2393" HPOS="2038"/>
                  <String HEIGHT="68"
                          WIDTH="151"
                          VPOS="2393"
                          HPOS="1988"
                          CONTENT="licet"/>
                  <SP HEIGHT="68" WIDTH="17" VPOS="2393" HPOS="2138"/>
                  <String HEIGHT="68"
                          WIDTH="217"
                          VPOS="2393"
                          HPOS="2088"
                          CONTENT="inferiora"/>
                  <SP HEIGHT="68" WIDTH="17" VPOS="2393" HPOS="2305"/>
                  <String HEIGHT="68"
                          WIDTH="84"
                          VPOS="2393"
                          HPOS="2238"
                          CONTENT="sta"/>
               </TextLine>
               <TextLine ID="r2l40"
                         BASELINE="2505"
                         HEIGHT="55"
                         WIDTH="1754"
                         VPOS="2450"
                         HPOS="572">
                  <String HEIGHT="55"
                          WIDTH="128"
                          VPOS="2450"
                          HPOS="554"
                          CONTENT="tus"/>
                  <SP HEIGHT="55" WIDTH="18" VPOS="2450" HPOS="682"/>
                  <String HEIGHT="55"
                          WIDTH="256"
                          VPOS="2450"
                          HPOS="627"
                          CONTENT="sacerdotum"/>
                  <SP HEIGHT="55" WIDTH="18" VPOS="2450" HPOS="883"/>
                  <String HEIGHT="55"
                          WIDTH="146"
                          VPOS="2450"
                          HPOS="828"
                          CONTENT="quia"/>
                  <SP HEIGHT="55" WIDTH="18" VPOS="2450" HPOS="974"/>
                  <String HEIGHT="55"
                          WIDTH="256"
                          VPOS="2450"
                          HPOS="919"
                          CONTENT="perfectior"/>
                  <SP HEIGHT="55" WIDTH="18" VPOS="2450" HPOS="1175"/>
                  <String HEIGHT="55"
                          WIDTH="128"
                          VPOS="2450"
                          HPOS="1120"
                          CONTENT="est"/>
                  <SP HEIGHT="55" WIDTH="18" VPOS="2450" HPOS="1248"/>
                  <String HEIGHT="55"
                          WIDTH="219"
                          VPOS="2450"
                          HPOS="1193"
                          CONTENT="requirit"/>
                  <SP HEIGHT="55" WIDTH="18" VPOS="2450" HPOS="1412"/>
                  <String HEIGHT="55"
                          WIDTH="292"
                          VPOS="2450"
                          HPOS="1358"
                          CONTENT="perfectiorem"/>
                  <SP HEIGHT="55" WIDTH="18" VPOS="2450" HPOS="1650"/>
                  <String HEIGHT="55"
                          WIDTH="219"
                          VPOS="2450"
                          HPOS="1595"
                          CONTENT="personam"/>
                  <SP HEIGHT="55" WIDTH="18" VPOS="2450" HPOS="1814"/>
                  <String HEIGHT="55"
                          WIDTH="292"
                          VPOS="2450"
                          HPOS="1760"
                          CONTENT="promouendam:"/>
                  <SP HEIGHT="55" WIDTH="18" VPOS="2450" HPOS="2052"/>
                  <String HEIGHT="55"
                          WIDTH="110"
                          VPOS="2450"
                          HPOS="1997"
                          CONTENT="in"/>
                  <SP HEIGHT="55" WIDTH="18" VPOS="2450" HPOS="2107"/>
                  <String HEIGHT="55"
                          WIDTH="256"
                          VPOS="2450"
                          HPOS="2052"
                          CONTENT="sacerdotem"/>
                  <SP HEIGHT="55" WIDTH="18" VPOS="2450" HPOS="2308"/>
                  <String HEIGHT="55"
                          WIDTH="91"
                          VPOS="2450"
                          HPOS="2235"
                          CONTENT="cu"
                          SUBS_TYPE="HypPart1"
                          SUBS_CONTENT="curatum"/>
                  <HYP CONTENT="-"/>
               </TextLine>
               <TextLine ID="r2l41"
                         BASELINE="2559"
                         HEIGHT="59"
                         WIDTH="1770"
                         VPOS="2500"
                         HPOS="559">
                  <String HEIGHT="59"
                          WIDTH="158"
                          VPOS="2500"
                          HPOS="541"
                          CONTENT="ratum"
                          SUBS_TYPE="HypPart2"
                          SUBS_CONTENT="curatum"/>
                  <SP HEIGHT="59" WIDTH="18" VPOS="2500" HPOS="699"/>
                  <String HEIGHT="59"
                          WIDTH="140"
                          VPOS="2500"
                          HPOS="647"
                          CONTENT="quam"/>
                  <SP HEIGHT="59" WIDTH="18" VPOS="2500" HPOS="787"/>
                  <String HEIGHT="59"
                          WIDTH="210"
                          VPOS="2500"
                          HPOS="734"
                          CONTENT="requirit"/>
                  <SP HEIGHT="59" WIDTH="18" VPOS="2500" HPOS="945"/>
                  <String HEIGHT="59"
                          WIDTH="175"
                          VPOS="2500"
                          HPOS="892"
                          CONTENT="status"/>
                  <SP HEIGHT="59" WIDTH="18" VPOS="2500" HPOS="1067"/>
                  <String HEIGHT="59"
                          WIDTH="245"
                          VPOS="2500"
                          HPOS="1015"
                          CONTENT="religionis"/>
                  <SP HEIGHT="59" WIDTH="18" VPOS="2500" HPOS="1260"/>
                  <String HEIGHT="59"
                          WIDTH="158"
                          VPOS="2500"
                          HPOS="1207"
                          CONTENT="circa"/>
                  <SP HEIGHT="59" WIDTH="18" VPOS="2500" HPOS="1365"/>
                  <String HEIGHT="59"
                          WIDTH="263"
                          VPOS="2500"
                          HPOS="1313"
                          CONTENT="promouendum"/>
                  <SP HEIGHT="59" WIDTH="18" VPOS="2500" HPOS="1575"/>
                  <String HEIGHT="59"
                          WIDTH="105"
                          VPOS="2500"
                          HPOS="1523"
                          CONTENT="ad"/>
                  <SP HEIGHT="59" WIDTH="18" VPOS="2500" HPOS="1628"/>
                  <String HEIGHT="59"
                          WIDTH="175"
                          VPOS="2500"
                          HPOS="1575"
                          CONTENT="statum"/>
                  <SP HEIGHT="59" WIDTH="18" VPOS="2500" HPOS="1751"/>
                  <String HEIGHT="59"
                          WIDTH="263"
                          VPOS="2500"
                          HPOS="1698"
                          CONTENT="religionis,"/>
                  <SP HEIGHT="59" WIDTH="18" VPOS="2500" HPOS="1961"/>
                  <String HEIGHT="59"
                          WIDTH="140"
                          VPOS="2500"
                          HPOS="1908"
                          CONTENT="siue"/>
                  <SP HEIGHT="59" WIDTH="18" VPOS="2500" HPOS="2049"/>
                  <String HEIGHT="59"
                          WIDTH="158"
                          VPOS="2500"
                          HPOS="1996"
                          CONTENT="circa"/>
                  <SP HEIGHT="59" WIDTH="18" VPOS="2500" HPOS="2154"/>
                  <String HEIGHT="59"
                          WIDTH="123"
                          VPOS="2500"
                          HPOS="2101"
                          CONTENT="iam"/>
                  <SP HEIGHT="59" WIDTH="18" VPOS="2500" HPOS="2224"/>
                  <String HEIGHT="59"
                          WIDTH="175"
                          VPOS="2500"
                          HPOS="2154"
                          CONTENT="existen"
                          SUBS_TYPE="HypPart1"
                          SUBS_CONTENT="existentem"/>
                  <HYP CONTENT="-"/>
               </TextLine>
               <TextLine ID="r2l42"
                         BASELINE="2617"
                         HEIGHT="64"
                         WIDTH="1754"
                         VPOS="2553"
                         HPOS="571">
                  <String HEIGHT="64"
                          WIDTH="124"
                          VPOS="2553"
                          HPOS="553"
                          CONTENT="tem"
                          SUBS_TYPE="HypPart2"
                          SUBS_CONTENT="existentem"/>
                  <SP HEIGHT="64" WIDTH="18" VPOS="2553" HPOS="677"/>
                  <String HEIGHT="64" WIDTH="106" VPOS="2553" HPOS="624" CONTENT="in"/>
                  <SP HEIGHT="64" WIDTH="18" VPOS="2553" HPOS="730"/>
                  <String HEIGHT="64"
                          WIDTH="248"
                          VPOS="2553"
                          HPOS="677"
                          CONTENT="religione."/>
                  <SP HEIGHT="64" WIDTH="18" VPOS="2553" HPOS="925"/>
                  <String HEIGHT="64" WIDTH="106" VPOS="2553" HPOS="872" CONTENT="Et"/>
                  <SP HEIGHT="64" WIDTH="18" VPOS="2553" HPOS="978"/>
                  <String HEIGHT="64"
                          WIDTH="230"
                          VPOS="2553"
                          HPOS="925"
                          CONTENT="propterea"/>
                  <SP HEIGHT="64" WIDTH="18" VPOS="2553" HPOS="1156"/>
                  <String HEIGHT="64"
                          WIDTH="159"
                          VPOS="2553"
                          HPOS="1103"
                          CONTENT="eadem"/>
                  <SP HEIGHT="64" WIDTH="18" VPOS="2553" HPOS="1262"/>
                  <String HEIGHT="64"
                          WIDTH="283"
                          VPOS="2553"
                          HPOS="1209"
                          CONTENT="dispositione"/>
                  <SP HEIGHT="64" WIDTH="18" VPOS="2553" HPOS="1492"/>
                  <String HEIGHT="64"
                          WIDTH="213"
                          VPOS="2553"
                          HPOS="1439"
                          CONTENT="propter,"/>
                  <SP HEIGHT="64" WIDTH="18" VPOS="2553" HPOS="1652"/>
                  <String HEIGHT="64"
                          WIDTH="142"
                          VPOS="2553"
                          HPOS="1599"
                          CONTENT="quam"/>
                  <SP HEIGHT="64" WIDTH="18" VPOS="2553" HPOS="1740"/>
                  <String HEIGHT="64"
                          WIDTH="177"
                          VPOS="2553"
                          HPOS="1687"
                          CONTENT="merito"/>
                  <SP HEIGHT="64" WIDTH="18" VPOS="2553" HPOS="1864"/>
                  <String HEIGHT="64"
                          WIDTH="266"
                          VPOS="2553"
                          HPOS="1811"
                          CONTENT="transeundum"/>
                  <SP HEIGHT="64" WIDTH="18" VPOS="2553" HPOS="2077"/>
                  <String HEIGHT="64"
                          WIDTH="124"
                          VPOS="2553"
                          HPOS="2024"
                          CONTENT="est"/>
                  <SP HEIGHT="64" WIDTH="18" VPOS="2553" HPOS="2148"/>
                  <String HEIGHT="64" WIDTH="89" VPOS="2553" HPOS="2095" CONTENT="a"/>
                  <SP HEIGHT="64" WIDTH="18" VPOS="2553" HPOS="2183"/>
                  <String HEIGHT="64"
                          WIDTH="213"
                          VPOS="2553"
                          HPOS="2112"
                          CONTENT="praesulatu"/>
               </TextLine>
               <TextLine ID="r2l43"
                         BASELINE="2679"
                         HEIGHT="68"
                         WIDTH="1758"
                         VPOS="2611"
                         HPOS="575">
                  <String HEIGHT="68"
                          WIDTH="123"
                          VPOS="2611"
                          HPOS="557"
                          CONTENT="vel"/>
                  <SP HEIGHT="68" WIDTH="18" VPOS="2611" HPOS="680"/>
                  <String HEIGHT="68" WIDTH="88" VPOS="2611" HPOS="628" CONTENT="a"/>
                  <SP HEIGHT="68" WIDTH="18" VPOS="2611" HPOS="716"/>
                  <String HEIGHT="68"
                          WIDTH="141"
                          VPOS="2611"
                          HPOS="663"
                          CONTENT="cura"/>
                  <SP HEIGHT="68" WIDTH="18" VPOS="2611" HPOS="804"/>
                  <String HEIGHT="68" WIDTH="105" VPOS="2611" HPOS="751" CONTENT="ad"/>
                  <SP HEIGHT="68" WIDTH="18" VPOS="2611" HPOS="856"/>
                  <String HEIGHT="68"
                          WIDTH="246"
                          VPOS="2611"
                          HPOS="804"
                          CONTENT="religionem"/>
                  <SP HEIGHT="68" WIDTH="18" VPOS="2611" HPOS="1050"/>
                  <String HEIGHT="68"
                          WIDTH="229"
                          VPOS="2611"
                          HPOS="997"
                          CONTENT="existente"/>
                  <SP HEIGHT="68" WIDTH="18" VPOS="2611" HPOS="1225"/>
                  <String HEIGHT="68"
                          WIDTH="229"
                          VPOS="2611"
                          HPOS="1173"
                          CONTENT="vtrobique"/>
                  <SP HEIGHT="68" WIDTH="18" VPOS="2611" HPOS="1401"/>
                  <String HEIGHT="68"
                          WIDTH="105"
                          VPOS="2611"
                          HPOS="1349"
                          CONTENT="ex"/>
                  <SP HEIGHT="68" WIDTH="18" VPOS="2611" HPOS="1454"/>
                  <String HEIGHT="68"
                          WIDTH="158"
                          VPOS="2611"
                          HPOS="1401"
                          CONTENT="parte"/>
                  <SP HEIGHT="68" WIDTH="18" VPOS="2611" HPOS="1559"/>
                  <String HEIGHT="68"
                          WIDTH="281"
                          VPOS="2611"
                          HPOS="1507"
                          CONTENT="transeuntium"/>
                  <SP HEIGHT="68" WIDTH="18" VPOS="2611" HPOS="1788"/>
                  <String HEIGHT="68"
                          WIDTH="229"
                          VPOS="2611"
                          HPOS="1735"
                          CONTENT="cuiusmodi"/>
                  <SP HEIGHT="68" WIDTH="18" VPOS="2611" HPOS="1964"/>
                  <String HEIGHT="68"
                          WIDTH="176"
                          VPOS="2611"
                          HPOS="1911"
                          CONTENT="potest"/>
                  <SP HEIGHT="68" WIDTH="18" VPOS="2611" HPOS="2087"/>
                  <String HEIGHT="68"
                          WIDTH="141"
                          VPOS="2611"
                          HPOS="2034"
                          CONTENT="esse"/>
                  <SP HEIGHT="68" WIDTH="18" VPOS="2611" HPOS="2175"/>
                  <String HEIGHT="68"
                          WIDTH="229"
                          VPOS="2611"
                          HPOS="2104"
                          CONTENT="imperfectio"/>
               </TextLine>
               <TextLine ID="r2l44"
                         BASELINE="2736"
                         HEIGHT="71"
                         WIDTH="1759"
                         VPOS="2665"
                         HPOS="571">
                  <String HEIGHT="71"
                          WIDTH="186"
                          VPOS="2665"
                          HPOS="554"
                          CONTENT="ipsorum"/>
                  <SP HEIGHT="71" WIDTH="17" VPOS="2665" HPOS="740"/>
                  <String HEIGHT="71"
                          WIDTH="288"
                          VPOS="2665"
                          HPOS="689"
                          CONTENT="transeuntium:"/>
                  <SP HEIGHT="71" WIDTH="17" VPOS="2665" HPOS="977"/>
                  <String HEIGHT="71"
                          WIDTH="135"
                          VPOS="2665"
                          HPOS="926"
                          CONTENT="quia"/>
                  <SP HEIGHT="71" WIDTH="17" VPOS="2665" HPOS="1061"/>
                  <String HEIGHT="71"
                          WIDTH="169"
                          VPOS="2665"
                          HPOS="1011"
                          CONTENT="status"/>
                  <SP HEIGHT="71" WIDTH="17" VPOS="2665" HPOS="1180"/>
                  <String HEIGHT="71"
                          WIDTH="237"
                          VPOS="2665"
                          HPOS="1129"
                          CONTENT="religionis"/>
                  <SP HEIGHT="71" WIDTH="17" VPOS="2665" HPOS="1366"/>
                  <String HEIGHT="71"
                          WIDTH="118"
                          VPOS="2665"
                          HPOS="1315"
                          CONTENT="est"/>
                  <SP HEIGHT="71" WIDTH="17" VPOS="2665" HPOS="1434"/>
                  <String HEIGHT="71"
                          WIDTH="288"
                          VPOS="2665"
                          HPOS="1383"
                          CONTENT="principaliter"/>
                  <SP HEIGHT="71" WIDTH="17" VPOS="2665" HPOS="1670"/>
                  <String HEIGHT="71"
                          WIDTH="101"
                          VPOS="2665"
                          HPOS="1620"
                          CONTENT="ad"/>
                  <SP HEIGHT="71" WIDTH="17" VPOS="2665" HPOS="1721"/>
                  <String HEIGHT="71"
                          WIDTH="118"
                          VPOS="2665"
                          HPOS="1670"
                          CONTENT="hoc"/>
                  <SP HEIGHT="71" WIDTH="17" VPOS="2665" HPOS="1789"/>
                  <String HEIGHT="71"
                          WIDTH="101"
                          VPOS="2665"
                          HPOS="1738"
                          CONTENT="vt"/>
                  <SP HEIGHT="71" WIDTH="17" VPOS="2665" HPOS="1840"/>
                  <String HEIGHT="71"
                          WIDTH="101"
                          VPOS="2665"
                          HPOS="1789"
                          CONTENT="de"/>
                  <SP HEIGHT="71" WIDTH="17" VPOS="2665" HPOS="1890"/>
                  <String HEIGHT="71"
                          WIDTH="254"
                          VPOS="2665"
                          HPOS="1840"
                          CONTENT="imperfectis"/>
                  <SP HEIGHT="71" WIDTH="17" VPOS="2665" HPOS="2093"/>
                  <String HEIGHT="71"
                          WIDTH="169"
                          VPOS="2665"
                          HPOS="2042"
                          CONTENT="faciat"/>
                  <SP HEIGHT="71" WIDTH="17" VPOS="2665" HPOS="2212"/>
                  <String HEIGHT="71"
                          WIDTH="186"
                          VPOS="2665"
                          HPOS="2144"
                          CONTENT="perfectos"/>
               </TextLine>
               <TextLine ID="r2l45"
                         BASELINE="2791"
                         HEIGHT="64"
                         WIDTH="1757"
                         VPOS="2727"
                         HPOS="572">
                  <String HEIGHT="64" WIDTH="104" VPOS="2727" HPOS="555" CONTENT="vt"/>
                  <SP HEIGHT="64" WIDTH="17" VPOS="2727" HPOS="659"/>
                  <String HEIGHT="64"
                          WIDTH="122"
                          VPOS="2727"
                          HPOS="607"
                          CONTENT="iam"/>
                  <SP HEIGHT="64" WIDTH="17" VPOS="2727" HPOS="729"/>
                  <String HEIGHT="64"
                          WIDTH="191"
                          VPOS="2727"
                          HPOS="676"
                          CONTENT="amplius"/>
                  <SP HEIGHT="64" WIDTH="17" VPOS="2727" HPOS="868"/>
                  <String HEIGHT="64"
                          WIDTH="244"
                          VPOS="2727"
                          HPOS="816"
                          CONTENT="videbitur:"/>
                  <SP HEIGHT="64" WIDTH="17" VPOS="2727" HPOS="1059"/>
                  <String HEIGHT="64"
                          WIDTH="191"
                          VPOS="2727"
                          HPOS="1007"
                          CONTENT="idcirco"/>
                  <SP HEIGHT="64" WIDTH="17" VPOS="2727" HPOS="1198"/>
                  <String HEIGHT="64"
                          WIDTH="139"
                          VPOS="2727"
                          HPOS="1146"
                          CONTENT="quia"/>
                  <SP HEIGHT="64" WIDTH="17" VPOS="2727" HPOS="1285"/>
                  <String HEIGHT="64"
                          WIDTH="104"
                          VPOS="2727"
                          HPOS="1233"
                          CONTENT="de"/>
                  <SP HEIGHT="64" WIDTH="17" VPOS="2727" HPOS="1337"/>
                  <String HEIGHT="64"
                          WIDTH="209"
                          VPOS="2727"
                          HPOS="1285"
                          CONTENT="pluribus"/>
                  <SP HEIGHT="64" WIDTH="17" VPOS="2727" HPOS="1494"/>
                  <String HEIGHT="64"
                          WIDTH="261"
                          VPOS="2727"
                          HPOS="1442"
                          CONTENT="praesumitur"/>
                  <SP HEIGHT="64" WIDTH="17" VPOS="2727" HPOS="1703"/>
                  <String HEIGHT="64"
                          WIDTH="174"
                          VPOS="2727"
                          HPOS="1651"
                          CONTENT="potius"/>
                  <SP HEIGHT="64" WIDTH="17" VPOS="2727" HPOS="1825"/>
                  <String HEIGHT="64"
                          WIDTH="139"
                          VPOS="2727"
                          HPOS="1772"
                          CONTENT="siue"/>
                  <SP HEIGHT="64" WIDTH="17" VPOS="2727" HPOS="1911"/>
                  <String HEIGHT="64"
                          WIDTH="139"
                          VPOS="2727"
                          HPOS="1859"
                          CONTENT="sint"/>
                  <SP HEIGHT="64" WIDTH="17" VPOS="2727" HPOS="1998"/>
                  <String HEIGHT="64"
                          WIDTH="104"
                          VPOS="2727"
                          HPOS="1946"
                          CONTENT="in"/>
                  <SP HEIGHT="64" WIDTH="17" VPOS="2727" HPOS="2051"/>
                  <String HEIGHT="64"
                          WIDTH="226"
                          VPOS="2727"
                          HPOS="1998"
                          CONTENT="religione"/>
                  <SP HEIGHT="64" WIDTH="17" VPOS="2727" HPOS="2225"/>
                  <String HEIGHT="64"
                          WIDTH="139"
                          VPOS="2727"
                          HPOS="2172"
                          CONTENT="siue"/>
                  <SP HEIGHT="64" WIDTH="17" VPOS="2727" HPOS="2312"/>
                  <String HEIGHT="64"
                          WIDTH="87"
                          VPOS="2727"
                          HPOS="2242"
                          CONTENT="ex"
                          SUBS_TYPE="HypPart1"
                          SUBS_CONTENT="extra,"/>
                  <HYP CONTENT="-"/>
               </TextLine>
               <TextLine ID="r2l46"
                         BASELINE="2841"
                         HEIGHT="64"
                         WIDTH="1763"
                         VPOS="2777"
                         HPOS="564">
                  <String HEIGHT="64"
                          WIDTH="131"
                          VPOS="2777"
                          HPOS="548"
                          CONTENT="tra,"
                          SUBS_TYPE="HypPart2"
                          SUBS_CONTENT="extra,"/>
                  <SP HEIGHT="64" WIDTH="16" VPOS="2777" HPOS="678"/>
                  <String HEIGHT="64"
                          WIDTH="131"
                          VPOS="2777"
                          HPOS="629"
                          CONTENT="quod"/>
                  <SP HEIGHT="64" WIDTH="16" VPOS="2777" HPOS="760"/>
                  <String HEIGHT="64"
                          WIDTH="131"
                          VPOS="2777"
                          HPOS="711"
                          CONTENT="sint"/>
                  <SP HEIGHT="64" WIDTH="16" VPOS="2777" HPOS="842"/>
                  <String HEIGHT="64"
                          WIDTH="229"
                          VPOS="2777"
                          HPOS="793"
                          CONTENT="imperfecti"/>
                  <SP HEIGHT="64" WIDTH="16" VPOS="2777" HPOS="1021"/>
                  <String HEIGHT="64"
                          WIDTH="163"
                          VPOS="2777"
                          HPOS="972"
                          CONTENT="saltem"/>
                  <SP HEIGHT="64" WIDTH="16" VPOS="2777" HPOS="1135"/>
                  <String HEIGHT="64"
                          WIDTH="114"
                          VPOS="2777"
                          HPOS="1086"
                          CONTENT="vel"/>
                  <SP HEIGHT="64" WIDTH="16" VPOS="2777" HPOS="1201"/>
                  <String HEIGHT="64"
                          WIDTH="114"
                          VPOS="2777"
                          HPOS="1152"
                          CONTENT="non"/>
                  <SP HEIGHT="64" WIDTH="16" VPOS="2777" HPOS="1266"/>
                  <String HEIGHT="64"
                          WIDTH="114"
                          VPOS="2777"
                          HPOS="1217"
                          CONTENT="tam"/>
                  <SP HEIGHT="64" WIDTH="16" VPOS="2777" HPOS="1331"/>
                  <String HEIGHT="64"
                          WIDTH="196"
                          VPOS="2777"
                          HPOS="1282"
                          CONTENT="perfecti"/>
                  <SP HEIGHT="64" WIDTH="16" VPOS="2777" HPOS="1478"/>
                  <String HEIGHT="64"
                          WIDTH="131"
                          VPOS="2777"
                          HPOS="1429"
                          CONTENT="quod"/>
                  <SP HEIGHT="64" WIDTH="16" VPOS="2777" HPOS="1560"/>
                  <String HEIGHT="64"
                          WIDTH="229"
                          VPOS="2777"
                          HPOS="1511"
                          CONTENT="sufficiant"/>
                  <SP HEIGHT="64" WIDTH="16" VPOS="2777" HPOS="1739"/>
                  <String HEIGHT="64" WIDTH="98" VPOS="2777" HPOS="1690" CONTENT="ad"/>
                  <SP HEIGHT="64" WIDTH="16" VPOS="2777" HPOS="1788"/>
                  <String HEIGHT="64"
                          WIDTH="180"
                          VPOS="2777"
                          HPOS="1739"
                          CONTENT="regimen"/>
                  <SP HEIGHT="64" WIDTH="16" VPOS="2777" HPOS="1919"/>
                  <String HEIGHT="64"
                          WIDTH="180"
                          VPOS="2777"
                          HPOS="1870"
                          CONTENT="populi:"/>
                  <SP HEIGHT="64" WIDTH="16" VPOS="2777" HPOS="2049"/>
                  <String HEIGHT="64"
                          WIDTH="196"
                          VPOS="2777"
                          HPOS="2001"
                          CONTENT="secundum"/>
                  <SP HEIGHT="64" WIDTH="16" VPOS="2777" HPOS="2196"/>
                  <String HEIGHT="64"
                          WIDTH="131"
                          VPOS="2777"
                          HPOS="2147"
                          CONTENT="quod"/>
                  <SP HEIGHT="64" WIDTH="16" VPOS="2777" HPOS="2278"/>
                  <String HEIGHT="64"
                          WIDTH="114"
                          VPOS="2777"
                          HPOS="2213"
                          CONTENT="etiam"/>
               </TextLine>
               <TextLine ID="r2l47"
                         BASELINE="2883"
                         HEIGHT="56"
                         WIDTH="1759"
                         VPOS="2827"
                         HPOS="562">
                  <String HEIGHT="56"
                          WIDTH="203"
                          VPOS="2827"
                          HPOS="545"
                          CONTENT="quilibet"/>
                  <SP HEIGHT="56" WIDTH="17" VPOS="2827" HPOS="748"/>
                  <String HEIGHT="56"
                          WIDTH="118"
                          VPOS="2827"
                          HPOS="697"
                          CONTENT="hoc"/>
                  <SP HEIGHT="56" WIDTH="17" VPOS="2827" HPOS="816"/>
                  <String HEIGHT="56"
                          WIDTH="152"
                          VPOS="2827"
                          HPOS="765"
                          CONTENT="debet"/>
                  <SP HEIGHT="56" WIDTH="17" VPOS="2827" HPOS="917"/>
                  <String HEIGHT="56" WIDTH="101" VPOS="2827" HPOS="866" CONTENT="de"/>
                  <SP HEIGHT="56" WIDTH="17" VPOS="2827" HPOS="968"/>
                  <String HEIGHT="56"
                          WIDTH="169"
                          VPOS="2827"
                          HPOS="917"
                          CONTENT="seipso"/>
                  <SP HEIGHT="56" WIDTH="17" VPOS="2827" HPOS="1086"/>
                  <String HEIGHT="56"
                          WIDTH="237"
                          VPOS="2827"
                          HPOS="1036"
                          CONTENT="supponere,"/>
                  <SP HEIGHT="56" WIDTH="17" VPOS="2827" HPOS="1272"/>
                  <String HEIGHT="56"
                          WIDTH="118"
                          VPOS="2827"
                          HPOS="1222"
                          CONTENT="nec"/>
                  <SP HEIGHT="56" WIDTH="17" VPOS="2827" HPOS="1340"/>
                  <String HEIGHT="56"
                          WIDTH="101"
                          VPOS="2827"
                          HPOS="1289"
                          CONTENT="ad"/>
                  <SP HEIGHT="56" WIDTH="17" VPOS="2827" HPOS="1391"/>
                  <String HEIGHT="56"
                          WIDTH="186"
                          VPOS="2827"
                          HPOS="1340"
                          CONTENT="regimen"/>
                  <SP HEIGHT="56" WIDTH="17" VPOS="2827" HPOS="1526"/>
                  <String HEIGHT="56"
                          WIDTH="186"
                          VPOS="2827"
                          HPOS="1475"
                          CONTENT="idcirco"/>
                  <SP HEIGHT="56" WIDTH="17" VPOS="2827" HPOS="1661"/>
                  <String HEIGHT="56"
                          WIDTH="135"
                          VPOS="2827"
                          HPOS="1611"
                          CONTENT="nisi"/>
                  <SP HEIGHT="56" WIDTH="17" VPOS="2827" HPOS="1746"/>
                  <String HEIGHT="56"
                          WIDTH="186"
                          VPOS="2827"
                          HPOS="1695"
                          CONTENT="coactus"/>
                  <SP HEIGHT="56" WIDTH="17" VPOS="2827" HPOS="1881"/>
                  <String HEIGHT="56"
                          WIDTH="203"
                          VPOS="2827"
                          HPOS="1831"
                          CONTENT="accedere"/>
                  <SP HEIGHT="56" WIDTH="17" VPOS="2827" HPOS="2033"/>
                  <String HEIGHT="56"
                          WIDTH="101"
                          VPOS="2827"
                          HPOS="1983"
                          CONTENT="vt"/>
                  <SP HEIGHT="56" WIDTH="17" VPOS="2827" HPOS="2084"/>
                  <String HEIGHT="56"
                          WIDTH="169"
                          VPOS="2827"
                          HPOS="2033"
                          CONTENT="dictum"/>
                  <SP HEIGHT="56" WIDTH="17" VPOS="2827" HPOS="2203"/>
                  <String HEIGHT="56"
                          WIDTH="118"
                          VPOS="2827"
                          HPOS="2152"
                          CONTENT="est"/>
                  <SP HEIGHT="56" WIDTH="17" VPOS="2827" HPOS="2270"/>
                  <String HEIGHT="56"
                          WIDTH="118"
                          VPOS="2827"
                          HPOS="2203"
                          CONTENT="supra"/>
               </TextLine>
               <TextLine ID="r2l48"
                         BASELINE="2939"
                         HEIGHT="57"
                         WIDTH="1756"
                         VPOS="2882"
                         HPOS="563">
                  <String HEIGHT="57"
                          WIDTH="190"
                          VPOS="2882"
                          HPOS="547"
                          CONTENT="facilius"/>
                  <SP HEIGHT="57" WIDTH="16" VPOS="2882" HPOS="737"/>
                  <String HEIGHT="57"
                          WIDTH="221"
                          VPOS="2882"
                          HPOS="690"
                          CONTENT="indulgetur"/>
                  <SP HEIGHT="57" WIDTH="16" VPOS="2882" HPOS="911"/>
                  <String HEIGHT="57"
                          WIDTH="127"
                          VPOS="2882"
                          HPOS="864"
                          CONTENT="quod"/>
                  <SP HEIGHT="57" WIDTH="16" VPOS="2882" HPOS="990"/>
                  <String HEIGHT="57"
                          WIDTH="190"
                          VPOS="2882"
                          HPOS="943"
                          CONTENT="sacerdos"/>
                  <SP HEIGHT="57" WIDTH="16" VPOS="2882" HPOS="1133"/>
                  <String HEIGHT="57"
                          WIDTH="174"
                          VPOS="2882"
                          HPOS="1085"
                          CONTENT="curatus"/>
                  <SP HEIGHT="57" WIDTH="16" VPOS="2882" HPOS="1259"/>
                  <String HEIGHT="57"
                          WIDTH="237"
                          VPOS="2882"
                          HPOS="1212"
                          CONTENT="regulariter"/>
                  <SP HEIGHT="57" WIDTH="16" VPOS="2882" HPOS="1449"/>
                  <String HEIGHT="57"
                          WIDTH="158"
                          VPOS="2882"
                          HPOS="1401"
                          CONTENT="possit"/>
                  <SP HEIGHT="57" WIDTH="16" VPOS="2882" HPOS="1560"/>
                  <String HEIGHT="57"
                          WIDTH="190"
                          VPOS="2882"
                          HPOS="1512"
                          CONTENT="transire"/>
                  <SP HEIGHT="57" WIDTH="16" VPOS="2882" HPOS="1702"/>
                  <String HEIGHT="57" WIDTH="95" VPOS="2882" HPOS="1655" CONTENT="ad"/>
                  <SP HEIGHT="57" WIDTH="16" VPOS="2882" HPOS="1749"/>
                  <String HEIGHT="57"
                          WIDTH="221"
                          VPOS="2882"
                          HPOS="1702"
                          CONTENT="religionem"/>
                  <SP HEIGHT="57" WIDTH="16" VPOS="2882" HPOS="1924"/>
                  <String HEIGHT="57"
                          WIDTH="127"
                          VPOS="2882"
                          HPOS="1876"
                          CONTENT="quam"/>
                  <SP HEIGHT="57" WIDTH="16" VPOS="2882" HPOS="2003"/>
                  <String HEIGHT="57"
                          WIDTH="221"
                          VPOS="2882"
                          HPOS="1955"
                          CONTENT="econverso:"/>
                  <SP HEIGHT="57" WIDTH="16" VPOS="2882" HPOS="2177"/>
                  <String HEIGHT="57"
                          WIDTH="127"
                          VPOS="2882"
                          HPOS="2129"
                          CONTENT="quia"/>
                  <SP HEIGHT="57" WIDTH="16" VPOS="2882" HPOS="2256"/>
                  <String HEIGHT="57"
                          WIDTH="142"
                          VPOS="2882"
                          HPOS="2208"
                          CONTENT="illud"/>
                  <SP HEIGHT="57" WIDTH="16" VPOS="2882" HPOS="2351"/>
                  <String HEIGHT="57" WIDTH="32" VPOS="2882" HPOS="2287" CONTENT=""/>
               </TextLine>
               <TextLine ID="r2l49"
                         BASELINE="3007"
                         HEIGHT="71"
                         WIDTH="1764"
                         VPOS="2936"
                         HPOS="561">
                  <String HEIGHT="71"
                          WIDTH="247"
                          VPOS="2936"
                          HPOS="543"
                          CONTENT="indulgetur"/>
                  <SP HEIGHT="71" WIDTH="18" VPOS="2936" HPOS="790"/>
                  <String HEIGHT="71" WIDTH="106" VPOS="2936" HPOS="737" CONTENT="vt"/>
                  <SP HEIGHT="71" WIDTH="18" VPOS="2936" HPOS="843"/>
                  <String HEIGHT="71"
                          WIDTH="176"
                          VPOS="2936"
                          HPOS="790"
                          CONTENT="dictum"/>
                  <SP HEIGHT="71" WIDTH="18" VPOS="2936" HPOS="967"/>
                  <String HEIGHT="71"
                          WIDTH="123"
                          VPOS="2936"
                          HPOS="914"
                          CONTENT="est"/>
                  <SP HEIGHT="71" WIDTH="18" VPOS="2936" HPOS="1037"/>
                  <String HEIGHT="71"
                          WIDTH="123"
                          VPOS="2936"
                          HPOS="984"
                          CONTENT="non"/>
                  <SP HEIGHT="71" WIDTH="18" VPOS="2936" HPOS="1108"/>
                  <String HEIGHT="71"
                          WIDTH="141"
                          VPOS="2936"
                          HPOS="1055"
                          CONTENT="nisi"/>
                  <SP HEIGHT="71" WIDTH="18" VPOS="2936" HPOS="1196"/>
                  <String HEIGHT="71"
                          WIDTH="194"
                          VPOS="2936"
                          HPOS="1143"
                          CONTENT="propter"/>
                  <SP HEIGHT="71" WIDTH="18" VPOS="2936" HPOS="1337"/>
                  <String HEIGHT="71"
                          WIDTH="265"
                          VPOS="2936"
                          HPOS="1284"
                          CONTENT="transeuntis"/>
                  <SP HEIGHT="71" WIDTH="18" VPOS="2936" HPOS="1549"/>
                  <String HEIGHT="71"
                          WIDTH="335"
                          VPOS="2936"
                          HPOS="1496"
                          CONTENT="imperfectionem."/>
                  <SP HEIGHT="71" WIDTH="18" VPOS="2936" HPOS="1831"/>
                  <String HEIGHT="71"
                          WIDTH="141"
                          VPOS="2936"
                          HPOS="1778"
                          CONTENT="Vnde"/>
                  <SP HEIGHT="71" WIDTH="18" VPOS="2936" HPOS="1919"/>
                  <String HEIGHT="71"
                          WIDTH="212"
                          VPOS="2936"
                          HPOS="1866"
                          CONTENT="breuiter"/>
                  <SP HEIGHT="71" WIDTH="18" VPOS="2936" HPOS="2078"/>
                  <String HEIGHT="71"
                          WIDTH="282"
                          VPOS="2936"
                          HPOS="2025"
                          CONTENT="recolligendo"/>
                  <SP HEIGHT="71" WIDTH="18" VPOS="2936" HPOS="2307"/>
                  <String HEIGHT="71"
                          WIDTH="106"
                          VPOS="2936"
                          HPOS="2254"
                          CONTENT="di"/>
                  <SP HEIGHT="71" WIDTH="18" VPOS="2936" HPOS="2360"/>
                  <String HEIGHT="71" WIDTH="35" VPOS="2936" HPOS="2290" CONTENT=""/>
               </TextLine>
               <TextLine ID="r2l50"
                         BASELINE="3043"
                         HEIGHT="55"
                         WIDTH="1743"
                         VPOS="2988"
                         HPOS="571">
                  <String HEIGHT="55" WIDTH="102" VPOS="2988" HPOS="554" CONTENT="co"/>
                  <SP HEIGHT="55" WIDTH="17" VPOS="2988" HPOS="656"/>
                  <String HEIGHT="55"
                          WIDTH="135"
                          VPOS="2988"
                          HPOS="605"
                          CONTENT="quod"/>
                  <SP HEIGHT="55" WIDTH="17" VPOS="2988" HPOS="740"/>
                  <String HEIGHT="55"
                          WIDTH="169"
                          VPOS="2988"
                          HPOS="689"
                          CONTENT="quando"/>
                  <SP HEIGHT="55" WIDTH="17" VPOS="2988" HPOS="859"/>
                  <String HEIGHT="55"
                          WIDTH="220"
                          VPOS="2988"
                          HPOS="808"
                          CONTENT="transitus"/>
                  <SP HEIGHT="55" WIDTH="17" VPOS="2988" HPOS="1028"/>
                  <String HEIGHT="55"
                          WIDTH="237"
                          VPOS="2988"
                          HPOS="977"
                          CONTENT="indulgetur"/>
                  <SP HEIGHT="55" WIDTH="17" VPOS="2988" HPOS="1214"/>
                  <String HEIGHT="55"
                          WIDTH="186"
                          VPOS="2988"
                          HPOS="1163"
                          CONTENT="propter"/>
                  <SP HEIGHT="55" WIDTH="17" VPOS="2988" HPOS="1349"/>
                  <String HEIGHT="55"
                          WIDTH="254"
                          VPOS="2988"
                          HPOS="1299"
                          CONTENT="transeuntis"/>
                  <SP HEIGHT="55" WIDTH="17" VPOS="2988" HPOS="1552"/>
                  <String HEIGHT="55"
                          WIDTH="271"
                          VPOS="2988"
                          HPOS="1502"
                          CONTENT="perfectionem"/>
                  <SP HEIGHT="55" WIDTH="17" VPOS="2988" HPOS="1772"/>
                  <String HEIGHT="55"
                          WIDTH="118"
                          VPOS="2988"
                          HPOS="1722"
                          CONTENT="aut"/>
                  <SP HEIGHT="55" WIDTH="17" VPOS="2988" HPOS="1840"/>
                  <String HEIGHT="55"
                          WIDTH="152"
                          VPOS="2988"
                          HPOS="1789"
                          CONTENT="bonam"/>
                  <SP HEIGHT="55" WIDTH="17" VPOS="2988" HPOS="1942"/>
                  <String HEIGHT="55"
                          WIDTH="322"
                          VPOS="2988"
                          HPOS="1891"
                          CONTENT="dispositioneni:"/>
                  <SP HEIGHT="55" WIDTH="17" VPOS="2988" HPOS="2212"/>
                  <String HEIGHT="55"
                          WIDTH="169"
                          VPOS="2988"
                          HPOS="2145"
                          CONTENT="facilius"/>
               </TextLine>
               <TextLine ID="r2l51"
                         BASELINE="3115"
                         HEIGHT="78"
                         WIDTH="1752"
                         VPOS="3037"
                         HPOS="569">
                  <String HEIGHT="78"
                          WIDTH="253"
                          VPOS="3037"
                          HPOS="551"
                          CONTENT="indulgetur"/>
                  <SP HEIGHT="78" WIDTH="18" VPOS="3037" HPOS="804"/>
                  <String HEIGHT="78"
                          WIDTH="235"
                          VPOS="3037"
                          HPOS="750"
                          CONTENT="transitus"/>
                  <SP HEIGHT="78" WIDTH="18" VPOS="3037" HPOS="984"/>
                  <String HEIGHT="78"
                          WIDTH="253"
                          VPOS="3037"
                          HPOS="930"
                          CONTENT="ascendendi"/>
                  <SP HEIGHT="78" WIDTH="18" VPOS="3037" HPOS="1183"/>
                  <String HEIGHT="78"
                          WIDTH="144"
                          VPOS="3037"
                          HPOS="1129"
                          CONTENT="quam"/>
                  <SP HEIGHT="78" WIDTH="18" VPOS="3037" HPOS="1273"/>
                  <String HEIGHT="78"
                          WIDTH="289"
                          VPOS="3037"
                          HPOS="1219"
                          CONTENT="descendendi:"/>
                  <SP HEIGHT="78" WIDTH="18" VPOS="3037" HPOS="1508"/>
                  <String HEIGHT="78"
                          WIDTH="181"
                          VPOS="3037"
                          HPOS="1454"
                          CONTENT="quando"/>
                  <SP HEIGHT="78" WIDTH="18" VPOS="3037" HPOS="1635"/>
                  <String HEIGHT="78"
                          WIDTH="163"
                          VPOS="3037"
                          HPOS="1580"
                          CONTENT="autem"/>
                  <SP HEIGHT="78" WIDTH="18" VPOS="3037" HPOS="1743"/>
                  <String HEIGHT="78"
                          WIDTH="235"
                          VPOS="3037"
                          HPOS="1689"
                          CONTENT="econuerso"/>
                  <SP HEIGHT="78" WIDTH="18" VPOS="3037" HPOS="1924"/>
                  <String HEIGHT="78"
                          WIDTH="253"
                          VPOS="3037"
                          HPOS="1869"
                          CONTENT="indulgetur"/>
                  <SP HEIGHT="78" WIDTH="18" VPOS="3037" HPOS="2122"/>
                  <String HEIGHT="78"
                          WIDTH="199"
                          VPOS="3037"
                          HPOS="2068"
                          CONTENT="propter"/>
                  <SP HEIGHT="78" WIDTH="18" VPOS="3037" HPOS="2267"/>
                  <String HEIGHT="78"
                          WIDTH="126"
                          VPOS="3037"
                          HPOS="2195"
                          CONTENT="imper"/>
               </TextLine>
               <TextLine ID="r2l52"
                         BASELINE="3158"
                         HEIGHT="70"
                         WIDTH="1754"
                         VPOS="3088"
                         HPOS="563">
                  <String HEIGHT="70"
                          WIDTH="217"
                          VPOS="3088"
                          HPOS="546"
                          CONTENT="fectionem"/>
                  <SP HEIGHT="70" WIDTH="17" VPOS="3088" HPOS="763"/>
                  <String HEIGHT="70"
                          WIDTH="117"
                          VPOS="3088"
                          HPOS="713"
                          CONTENT="aut"/>
                  <SP HEIGHT="70" WIDTH="17" VPOS="3088" HPOS="830"/>
                  <String HEIGHT="70"
                          WIDTH="150"
                          VPOS="3088"
                          HPOS="780"
                          CONTENT="minus"/>
                  <SP HEIGHT="70" WIDTH="17" VPOS="3088" HPOS="931"/>
                  <String HEIGHT="70"
                          WIDTH="150"
                          VPOS="3088"
                          HPOS="880"
                          CONTENT="bonam"/>
                  <SP HEIGHT="70" WIDTH="17" VPOS="3088" HPOS="1031"/>
                  <String HEIGHT="70"
                          WIDTH="284"
                          VPOS="3088"
                          HPOS="981"
                          CONTENT="dispositionem"/>
                  <SP HEIGHT="70" WIDTH="17" VPOS="3088" HPOS="1265"/>
                  <String HEIGHT="70"
                          WIDTH="284"
                          VPOS="3088"
                          HPOS="1214"
                          CONTENT="transeuntium,"/>
                  <SP HEIGHT="70" WIDTH="17" VPOS="3088" HPOS="1498"/>
                  <String HEIGHT="70"
                          WIDTH="200"
                          VPOS="3088"
                          HPOS="1448"
                          CONTENT="facilius"/>
                  <SP HEIGHT="70" WIDTH="17" VPOS="3088" HPOS="1649"/>
                  <String HEIGHT="70"
                          WIDTH="234"
                          VPOS="3088"
                          HPOS="1599"
                          CONTENT="indulgetur"/>
                  <SP HEIGHT="70" WIDTH="17" VPOS="3088" HPOS="1833"/>
                  <String HEIGHT="70"
                          WIDTH="217"
                          VPOS="3088"
                          HPOS="1782"
                          CONTENT="transitus"/>
                  <SP HEIGHT="70" WIDTH="17" VPOS="3088" HPOS="2000"/>
                  <String HEIGHT="70"
                          WIDTH="251"
                          VPOS="3088"
                          HPOS="1949"
                          CONTENT="descendendi"/>
                  <SP HEIGHT="70" WIDTH="17" VPOS="3088" HPOS="2200"/>
                  <String HEIGHT="70"
                          WIDTH="134"
                          VPOS="3088"
                          HPOS="2150"
                          CONTENT="quam"/>
                  <SP HEIGHT="70" WIDTH="17" VPOS="3088" HPOS="2284"/>
                  <String HEIGHT="70"
                          WIDTH="100"
                          VPOS="3088"
                          HPOS="2217"
                          CONTENT="asce"/>
               </TextLine>
               <TextLine ID="r2l53"
                         BASELINE="3241"
                         HEIGHT="97"
                         WIDTH="1748"
                         VPOS="3144"
                         HPOS="565">
                  <String HEIGHT="97"
                          WIDTH="177"
                          VPOS="3144"
                          HPOS="547"
                          CONTENT="dendi:"/>
                  <SP HEIGHT="97" WIDTH="18" VPOS="3144" HPOS="724"/>
                  <String HEIGHT="97"
                          WIDTH="159"
                          VPOS="3144"
                          HPOS="671"
                          CONTENT="sicut"/>
                  <SP HEIGHT="97" WIDTH="18" VPOS="3144" HPOS="830"/>
                  <String HEIGHT="97"
                          WIDTH="230"
                          VPOS="3144"
                          HPOS="777"
                          CONTENT="contingit"/>
                  <SP HEIGHT="97" WIDTH="18" VPOS="3144" HPOS="1006"/>
                  <String HEIGHT="97" WIDTH="106" VPOS="3144" HPOS="953" CONTENT="in"/>
                  <SP HEIGHT="97" WIDTH="18" VPOS="3144" HPOS="1059"/>
                  <String HEIGHT="97"
                          WIDTH="230"
                          VPOS="3144"
                          HPOS="1006"
                          CONTENT="proposito"/>
                  <SP HEIGHT="97" WIDTH="18" VPOS="3144" HPOS="1236"/>
                  <String HEIGHT="97"
                          WIDTH="212"
                          VPOS="3144"
                          HPOS="1183"
                          CONTENT="secundum"/>
                  <SP HEIGHT="97" WIDTH="18" VPOS="3144" HPOS="1395"/>
                  <String HEIGHT="97"
                          WIDTH="124"
                          VPOS="3144"
                          HPOS="1342"
                          CONTENT="iam"/>
                  <SP HEIGHT="97" WIDTH="18" VPOS="3144" HPOS="1465"/>
                  <String HEIGHT="97"
                          WIDTH="177"
                          VPOS="3144"
                          HPOS="1413"
                          CONTENT="dicta."/>
                  <SP HEIGHT="97" WIDTH="18" VPOS="3144" HPOS="1589"/>
                  <String HEIGHT="97"
                          WIDTH="124"
                          VPOS="3144"
                          HPOS="1536"
                          CONTENT="Sed"/>
                  <SP HEIGHT="97" WIDTH="18" VPOS="3144" HPOS="1660"/>
                  <String HEIGHT="97"
                          WIDTH="177"
                          VPOS="3144"
                          HPOS="1607"
                          CONTENT="contra"/>
                  <SP HEIGHT="97" WIDTH="18" VPOS="3144" HPOS="1783"/>
                  <String HEIGHT="97"
                          WIDTH="124"
                          VPOS="3144"
                          HPOS="1730"
                          CONTENT="hoc"/>
                  <SP HEIGHT="97" WIDTH="18" VPOS="3144" HPOS="1854"/>
                  <String HEIGHT="97"
                          WIDTH="212"
                          VPOS="3144"
                          HPOS="1801"
                          CONTENT="videntur"/>
                  <SP HEIGHT="97" WIDTH="18" VPOS="3144" HPOS="2013"/>
                  <String HEIGHT="97"
                          WIDTH="159"
                          VPOS="3144"
                          HPOS="1960"
                          CONTENT="plane"/>
                  <SP HEIGHT="97" WIDTH="18" VPOS="3144" HPOS="2119"/>
                  <String HEIGHT="97"
                          WIDTH="212"
                          VPOS="3144"
                          HPOS="2066"
                          CONTENT="illaquae"/>
                  <SP HEIGHT="97" WIDTH="18" VPOS="3144" HPOS="2278"/>
                  <String HEIGHT="97"
                          WIDTH="124"
                          VPOS="3144"
                          HPOS="2225"
                          CONTENT="ar-"/>
                  <SP HEIGHT="97" WIDTH="18" VPOS="3144" HPOS="2348"/>
                  <String HEIGHT="97" WIDTH="35" VPOS="3144" HPOS="2278" CONTENT=""/>
               </TextLine>
            </TextBlock>
         </PrintSpace>
      </Page>
   </Layout>
</alto>
