2420 3737
501 288 125 75 morum
585 288 139 75 quorum
682 288 167 75 personam
807 288 167 75 Christus
933 288 139 75 gessit
1030 288 84 75 in
1072 288 167 75 loculis,
1197 288 125 75 erant
1281 288 195 75 quaesituri
1434 288 209 75 dupliciter:
1601 288 139 75 quidam
1698 288 84 75 ex
1740 288 139 75 debito
1837 288 153 75 officii
1949 288 97 75 sui
2005 288 111 75 quod
2074 288 223 75 impendebant:

512 354 141 67 quidam
611 354 113 67 vero
681 354 85 67 ex
723 354 197 67 charitatis
879 354 155 67 pietate
991 354 141 67 tantum
1090 354 141 67 absque
1189 354 141 67 debito
1288 354 169 67 officii.
1415 354 127 67 Primo
1499 354 113 67 modo
1570 354 197 67 quaesituri
1725 354 127 67 erant
1810 354 155 67 caeteri
1922 354 183 67 apostoli.
2063 354 155 67 dominte
2162 354 113 67 Augus.

507 418 184 56 ibidem.
641 418 184 56 Despens
775 418 234 56 constituit
959 418 100 56 vt
1009 418 117 56 qui
1076 418 234 56 euangelium
1259 418 217 56 enunciant
1427 418 100 56 de
1477 418 217 56 euangelio
1644 418 184 56 viuant.
1778 418 150 56 Misit
1878 418 284 56 praedicatores
2112 418 84 56 &
2145 418 117 56 ait
2195 418 84 56 il-

509 465 123 69 lis:
585 465 138 69 omnia
678 465 123 69 quae
754 465 215 69 apponuntur
923 465 138 69 vobis
1016 465 215 69 manducate:
1184 465 154 69 dignus
1292 465 108 69 est
1353 465 123 69 enim
1430 465 200 69 operarius
1584 465 169 69 mercede
1707 465 123 69 sua.
1783 465 108 69 Cum
1845 465 123 69 enim
1922 465 200 69 dixisset:
2075 465 123 69 quae
2137 465 138 69 apponum

506 516 123 69 tur
577 516 158 69 vobis
682 516 245 69 manducate:
874 516 105 69 ne
927 516 140 69 illi
1014 516 210 69 dicerent
1172 516 193 69 improbi
1312 516 175 69 erimus
1435 516 105 69 ad
1487 516 175 69 mensas
1610 516 210 69 alienas:
1767 516 123 69 vis
1837 516 123 69 nos
1907 516 123 69 ita
1977 516 140 69 esse
2065 516 245 69 frontosos:

504 572 120 70 Non
573 572 189 70 inquit:
710 572 120 70 non
779 572 120 70 est
848 572 137 70 ista
933 572 189 70 donatio
1071 572 155 70 eorum
1174 572 120 70 sed
1243 572 172 70 vestra
1363 572 189 70 merces.
1501 572 103 70 Et
1552 572 172 70 infra.
1672 572 223 70 Apostolus
1844 572 120 70 tam
1913 572 258 70 laboriosus:
2119 572 120 70 tam
2171 572 103 70 impi

513 628 136 71 ger:
598 628 119 71 tam
666 628 254 71 exercitatus
869 628 102 71 vt
920 628 136 71 ista
1004 628 119 71 non
1072 628 203 71 peteret:
1225 628 119 71 ego
1292 628 169 71 inquit
1411 628 186 71 nullius
1547 628 152 71 horum
1648 628 136 71 vsus
1733 628 136 71 sum:
1818 628 203 71 ostendit
1970 628 136 71 sibi
2055 628 169 71 deberi
2173 628 85 71 &
2190 628 85 71 non

513 681 199 70 accepit:
663 681 116 70 nec
729 681 249 70 condemnauit
929 681 116 70 eos
995 681 116 70 qui
1062 681 233 70 acceperunt
1244 681 133 70 quod
1327 681 233 70 debebatur.
1510 681 133 70 Alii
1593 681 233 70 infirmorum
1776 681 166 70 quorum
1892 681 199 70 Christus
2041 681 199 70 personam
2174 681 100 70 ges-

513 737 114 58 sit
578 737 98 58 in
627 737 196 58 loculis,
774 737 147 58 erant
872 737 228 58 quaesituri
1051 737 98 58 ex
1100 737 212 58 charitate
1263 737 114 58 non
1329 737 98 58 ex
1378 737 163 58 debito
1492 737 196 58 officii:
1639 737 98 58 vt
1688 737 179 58 caeteri
1818 737 196 58 pauperes
1965 737 114 58 non
2030 737 196 58 rectores
2161 737 114 58 popu-

507 789 113 65 li:
571 789 161 65 quibus
684 789 97 65 in
732 789 225 65 recipiendo
909 789 161 65 debent
1022 789 177 65 priores
1151 789 177 65 infirmi
1280 789 225 65 praeferri:
1457 789 177 65 dicente
1586 789 145 65 Augu.
1682 789 177 65 ibidem.
1811 789 97 65 Ne
1859 789 193 65 dicatis:
2004 789 177 65 homines
2117 789 161 65 seruien-

510 846 114 59 tes
575 846 114 59 non
640 846 196 59 indigent
787 846 180 59 nostri:
918 846 163 59 quaere
1032 846 147 59 tamen
1130 846 98 59 ne
1179 846 131 59 quis
1261 846 212 59 indigeat:
1424 846 82 59 &
1457 846 114 59 qui
1522 846 114 59 non
1587 846 180 59 indiget
1718 846 196 59 inueniat
1865 846 98 59 in
1914 846 98 59 te
1963 846 131 59 quod
2044 846 163 59 voluit
2142 846 131 59 accipe

504 898 122 67 re:
573 898 87 67 &
608 898 139 67 noli
695 898 174 67 dicere
817 898 104 67 si
869 898 209 67 petierit
1025 898 157 67 dabo.
1130 898 209 67 Expectas
1286 898 139 67 ergo
1373 898 104 67 vt
1426 898 174 67 petat:
1547 898 122 67 sic
1617 898 174 67 pascis
1739 898 157 67 bouem
1843 898 139 67 dei,
1930 898 191 67 quomodo
2052 898 226 67 transeuntem

502 956 211 61 mendicum.
664 956 97 61 Si
713 956 113 61 sic
777 956 146 61 inter
875 956 113 61 vos
940 956 195 61 indigent
1085 956 178 61 milites
1215 956 178 61 Christi
1345 956 97 61 vt
1393 956 146 61 etiam
1491 956 178 61 petant:
1620 956 162 61 videte
1734 956 97 61 ne
1783 956 113 61 vos
1847 956 195 61 iudicent
1993 956 195 61 antequam
2123 956 146 61 petant.

503 1013 83 72 &
537 1013 166 72 infra.
653 1013 100 72 Da
703 1013 133 72 illi
786 1013 116 72 sed
852 1013 149 72 multo
952 1013 149 72 magis
1051 1013 166 72 illis.
1168 1013 133 72 Illi
1251 1013 133 72 enim
1334 1013 133 72 sunt
1417 1013 133 72 vere
1500 1013 199 72 pauperes
1649 1013 100 72 de
1699 1013 166 72 quibus
1815 1013 149 72 dixit
1915 1013 216 72 Christus.
2081 1013 216 72 Matthaei.
2230 1013 50 72 V

505 1064 161 62 Beati
613 1064 215 62 pauperes
774 1064 215 62 spiritu.
936 1064 197 62 dicente
1079 1064 215 62 Hierony.
1241 1064 215 62 aduersus
1402 1064 287 62 Vigilantium.
1635 1064 126 62 Non
1707 1064 269 62 simpliciter
1922 1064 233 62 pauperes,
2102 1064 126 62 sed
2155 1064 126 62 paupe

505 1120 111 69 res
569 1120 175 69 spiritu
696 1120 143 69 beati
791 1120 254 69 appellantur.
998 1120 95 69 de
1046 1120 159 69 quibus
1157 1120 191 69 scriptum
1300 1120 127 69 est:
1380 1120 159 69 Beatus
1491 1120 111 69 qui
1555 1120 223 69 intelligit
1729 1120 143 69 super
1825 1120 159 69 egenum
1936 1120 80 69 &
1968 1120 207 69 pauperem.
2127 1120 95 69 In
2159 1120 111 69 vulgi

508 1177 243 68 pauperibus
699 1177 278 68 sustentandis
924 1177 226 68 nequaquam
1098 1177 243 68 intellectu
1289 1177 121 68 sed
1358 1177 243 68 eleemosyna
1549 1177 139 68 opus
1636 1177 139 68 est:
1723 1177 104 68 in
1775 1177 191 68 sanctis
1914 1177 243 68 pauperibus
2087 1177 191 68 beatitudo

510 1224 112 74 est
574 1224 240 74 intelligere
766 1224 96 74 vt
814 1224 112 74 ei.
878 1224 208 74 tribuatur
1038 1224 112 74 qui
1102 1224 208 74 erubescit
1262 1224 208 74 accipere:
1421 1224 80 74 &
1453 1224 112 74 cum
1517 1224 208 74 acceperit
1677 1224 144 74 dolet
1773 1224 160 74 metens
1885 1224 192 74 carnalia
2029 1224 80 74 &
2061 1224 192 74 seminans
2189 1224 80 74 spi

511 1282 209 70 ritualia.
672 1282 96 70 Et
720 1282 129 70 nota
800 1282 129 70 quod
881 1282 145 70 iicet
977 1282 193 70 respectu
1122 1282 145 70 Pauli
1219 1282 80 70 &
1251 1282 129 70 ipsi
1331 1282 193 70 similium
1476 1282 177 70 caeteri
1605 1282 193 70 apostoli
1749 1282 80 70 &
1781 1282 177 70 similes
1910 1282 145 70 eorum
2007 1282 177 70 infirmi
2135 1282 129 70 sunt
2216 1282 96 70 di

503 1345 106 64 cti
563 1345 136 64 primo
654 1345 121 64 mode
729 1345 181 64 scilicet
865 1345 90 64 ad
910 1345 136 64 actum
1000 1345 196 64 quaerendi
1151 1345 121 64 sibi
1227 1345 226 64 necessaria:
1408 1345 136 64 firmi
1498 1345 136 64 tamen
1589 1345 136 64 erant
1679 1345 90 64 ad
1724 1345 211 64 exercendum
1890 1345 181 64 rectorum
2026 1345 181 64 officia,
2146 1345 121 64 respe-

507 1391 113 74 ctu
571 1391 161 74 quorum
684 1391 193 74 dicuntur
829 1391 177 74 infirmi
957 1391 129 74 illi
1038 1391 113 74 qui
1102 1391 225 74 quaesituri
1279 1391 145 74 erant
1376 1391 177 74 secundo
1505 1391 145 74 modo:
1601 1391 80 74 &
1633 1391 129 74 ipsi
1714 1391 161 74 firmi.
1826 1391 177 74 Infirmi
1955 1391 129 74 dico
2036 1391 97 74 ad
2084 1391 225 74 exercendum

500 1451 143 65 opera
595 1451 190 65 rectorum
738 1451 174 65 fortia.
865 1451 95 65 de
912 1451 159 65 quibus
1023 1451 143 65 dicit
1119 1451 222 65 Augustinus
1293 1451 143 65 super
1388 1451 143 65 psal.
1483 1451 159 65 xxxvi.
1594 1451 143 65 Neque
1689 1451 174 65 aliquid
1816 1451 95 65 in
1864 1451 190 65 ecclesia
2006 1451 143 65 agunt
2102 1451 143 65 sicut
2181 1451 95 65 prae

504 1501 189 72 positi,
641 1501 155 72 velut
745 1501 103 72 in
796 1501 258 72 agricultura
1002 1501 258 72 laborantes:
1209 1501 120 72 sed
1278 1501 172 72 veluti
1398 1501 103 72 ad
1450 1501 120 72 hoc
1518 1501 189 72 infirmi
1656 1501 206 72 secedunt
1811 1501 103 72 ad
1862 1501 155 72 otium
1965 1501 120 72 &c.
2034 1501 103 72 vt
2086 1501 120 72 iam
2137 1501 138 72 supra.

513 1558 151 59 Quare
614 1558 118 59 cum
681 1558 151 59 illud
782 1558 134 59 quod
866 1558 118 59 sit
933 1558 118 59 pro
1000 1558 218 59 infirmis,
1168 1558 168 59 potius
1286 1558 252 59 indulgentia
1487 1558 118 59 est
1555 1558 185 59 minoris
1689 1558 134 59 boni
1773 1558 134 59 quam
1857 1558 185 59 maioris
1991 1558 134 59 boni
2075 1558 235 59 perfectio:

506 1609 175 65 sumere
629 1609 140 65 ergo
717 1609 193 65 annonam
857 1609 88 65 &
892 1609 175 65 viuere
1014 1609 105 65 de
1067 1609 228 65 euangelio
1242 1609 105 65 in
1294 1609 193 65 casibus
1435 1609 263 65 praedictis,
1645 1609 263 65 dispensatio
1855 1609 193 65 Christi
1995 1609 228 65 generalis
2152 1609 123 65 erat.

509 1664 97 68 Et
557 1664 145 68 sicut
654 1664 129 68 fuit
735 1664 129 68 illa
816 1664 242 68 dispensatio
1009 1664 81 68 a
1042 1664 178 68 Christo
1171 1664 113 68 per
1236 1664 194 68 seipsum:
1381 1664 113 68 sic
1445 1664 194 68 reliquit
1591 1664 210 68 ecclesiae
1752 1664 226 68 potestatem
1930 1664 242 68 dispensandi
2124 1664 97 68 vt
2156 1664 113 68 etiam

510 1716 99 67 in
560 1716 165 67 dictis
676 1716 182 67 casibus
808 1716 198 67 praelati
956 1716 149 67 primo
1056 1716 198 67 haberent
1204 1716 264 67 possessiones
1419 1716 198 67 communes
1568 1716 264 67 dispensandas
1782 1716 132 67 sibi
1865 1716 83 67 &
1898 1716 248 67 pauperibus,
2096 1716 165 67 quales
2212 1716 99 67 ha

514 1771 171 64 bebant
633 1771 205 64 apostoli
787 1771 205 64 communes
940 1771 119 64 cum
1009 1771 136 64 tota
1094 1771 222 64 primitiua
1265 1771 222 64 ecclesia.
1435 1771 102 64 vt
1486 1771 188 64 habetur
1623 1771 188 64 actuum.
1759 1771 154 64 iiii.
1862 1771 102 64 de
1913 1771 154 64 illis
2015 1771 136 64 enim
2083 1771 188 64 portiones

510 1826 139 71 suae
596 1826 312 71 ministrabantur
856 1826 243 71 apostolis,
1047 1826 156 71 sicut
1151 1826 87 71 &
1186 1826 225 71 caeteris,
1359 1826 156 71 prout
1463 1826 173 71 cuique
1585 1826 139 71 opus
1671 1826 156 71 erat.
1775 1826 191 71 Secunda
1914 1826 139 71 enim
2001 1826 156 71 parte
2105 1826 208 71 suploan.

508 1883 156 72 sermo.
618 1883 125 72 xlv.
696 1883 94 72 in
743 1883 203 72 exponendo
899 1883 156 72 illud:
1009 1883 172 72 Accepit
1134 1883 109 72 eam
1196 1883 219 72 discipulus
1368 1883 94 72 in
1415 1883 125 72 sua:
1493 1883 172 72 quaerit
1618 1883 235 72 Augustinus.
1806 1883 172 72 dicens.
1931 1883 109 72 Sed
1994 1883 94 72 in
2040 1883 125 72 quae
2119 1883 109 72 sua
2181 1883 125 72 loan

510 1940 125 63 nes
581 1940 178 63 matrem
706 1940 178 63 domini
831 1940 214 63 accepit:
991 1940 160 63 neque
1098 1940 142 63 enim
1187 1940 125 63 non
1258 1940 107 63 ex
1311 1940 125 63 eis
1383 1940 142 63 erat
1472 1940 125 63 qui
1543 1940 214 63 dixerant
1703 1940 125 63 ei:
1774 1940 142 63 ecce
1863 1940 125 63 nos
1935 1940 249 63 reliquimus
2131 1940 160 63 omnia
2220 1940 53 63 &

507 1988 167 74 secuti
624 1988 150 74 sumus
724 1988 117 74 te:
791 1988 117 74 sed
857 1988 117 74 ibi
924 1988 167 74 quoque
1040 1988 217 74 audierat:
1207 1988 217 74 quicumque
1374 1988 133 74 ista
1457 1988 217 74 dimiserit
1623 1988 183 74 propter
1757 1988 100 74 me
1807 1988 200 74 accipiet
1957 1988 100 74 in
2006 1988 117 74 hoc
2073 1988 183 74 saeculo
2190 1988 83 74 ce-

508 2040 130 74 ties
589 2040 179 74 tantum.
719 2040 179 74 Habebat
849 2040 130 74 ergo
930 2040 130 74 ille
1011 2040 227 74 discipulus
1189 2040 276 74 centupliciter
1417 2040 146 74 plura
1514 2040 130 74 quam
1595 2040 227 74 dimiserat:
1774 2040 97 74 in
1823 2040 130 74 quae
1904 2040 227 74 susciperet
2082 2040 162 74 matrem
2180 2040 97 74 eius

510 2096 124 68 qui
581 2096 141 68 illa
669 2096 247 68 donauerat.
863 2096 124 68 Sed
934 2096 106 68 in
987 2096 106 68 ea
1040 2096 229 68 societate
1216 2096 194 68 loannes
1357 2096 247 68 perceperat
1551 2096 229 68 centuplum
1728 2096 124 68 vbi
1799 2096 141 68 nemo
1887 2096 194 68 dicebat
2028 2096 194 68 aliquid
2151 2096 124 68 suum:

510 2149 125 62 sed
581 2149 160 62 erant
688 2149 160 62 illis
795 2149 160 62 omnia
902 2149 232 62 communia,
1080 2149 160 62 sicut
1187 2149 107 62 in
1241 2149 196 62 actibus
1383 2149 267 62 apostolorum
1597 2149 214 62 scriptum
1757 2149 143 62 est.
1846 2149 125 62 Sic
1918 2149 143 62 enim
2007 2149 214 62 apostoli
2149 2149 125 62 erant

508 2204 163 75 quasi
616 2204 163 75 nihil
725 2204 217 75 habentes
888 2204 90 75 &
924 2204 163 75 omnia
1032 2204 289 75 possidentes.
1267 2204 199 75 Quomodo
1412 2204 145 75 ergo
1502 2204 199 75 accepit
1647 2204 108 75 in
1701 2204 127 75 sua
1774 2204 127 75 vbi
1846 2204 145 75 suum
1936 2204 145 75 nemo
2027 2204 199 75 aliquid
2153 2204 127 75 dice-

505 2254 138 81 bat:
591 2254 103 81 an
643 2254 138 81 quia
729 2254 155 81 paulo
832 2254 138 81 post
918 2254 103 81 in
970 2254 155 81 eodem
1074 2254 155 81 libro
1177 2254 207 81 legitur:
1332 2254 207 81 quotquot
1487 2254 138 81 enim
1573 2254 276 81 possessiones
1797 2254 241 81 praediorum
1987 2254 121 81 vel
2039 2254 241 81 domorumerant

509 2324 220 61 vendentes
678 2324 237 61 afferebant
864 2324 186 61 praetia
1000 2324 186 61 illorum
1135 2324 85 61 &
1169 2324 203 61 ponebant
1321 2324 135 61 ante
1405 2324 152 61 pedes
1507 2324 271 61 apostolorum:
1727 2324 304 61 distribuebatur
1980 2324 152 61 autem
2082 2324 220 61 vnicuique

508 2365 147 77 prout
606 2365 163 77 cuique
720 2365 131 77 opus
802 2365 147 77 erat:
900 2365 98 77 vt
949 2365 147 77 illic
1046 2365 147 77 etiam
1144 2365 163 77 beatae
1259 2365 163 77 Mariae
1373 2365 180 77 tanquam
1504 2365 147 77 matri
1602 2365 131 77 eius
1683 2365 163 77 portio
1798 2365 229 77 teneretur:
1977 2365 196 77 magisque
2124 2365 114 77 sic
2189 2365 114 77 de-

510 2422 160 72 bemus
617 2422 213 72 accipere
777 2422 142 72 quod
866 2422 196 72 dictum,
1008 2422 107 72 ex
1062 2422 142 72 illa
1151 2422 142 72 hora
1239 2422 196 72 accepit
1382 2422 125 72 eam
1453 2422 249 72 discipulus
1649 2422 107 72 in
1702 2422 142 72 sua:
1791 2422 107 72 vt
1844 2422 107 72 ad
1898 2422 142 72 eius
1986 2422 160 72 curam
2093 2422 213 72 quicquid

511 2474 150 74 esset
611 2474 100 74 ei
661 2474 249 74 necessarium
860 2474 249 74 pertineret:
1060 2474 183 74 Accepit
1193 2474 133 74 ergo
1276 2474 116 74 eam
1342 2474 100 74 in
1392 2474 133 74 sua,
1475 2474 116 74 non
1542 2474 183 74 praedia
1675 2474 133 74 quae
1758 2474 150 74 nulla
1858 2474 183 74 proprie
1990 2474 249 74 possidebat,
2190 2474 116 74 sed

515 2529 190 79 officia
653 2529 138 79 quae
739 2529 190 79 propria
877 2529 293 79 dispensatione
1119 2529 224 79 exequenda
1291 2529 207 79 curabat:
1447 2529 121 79 sic
1516 2529 173 79 reuera
1636 2529 155 79 erat:
1740 2529 121 79 sed
1809 2529 104 79 in
1861 2529 121 79 hoc
1930 2529 207 79 generali
2068 2529 207 79 includitur

506 2584 181 61 illud.
632 2584 108 61 ad
686 2584 162 61 curam
795 2584 144 61 enim
885 2584 199 61 loannis
1029 2584 253 61 pertinebat
1228 2584 144 61 quod
1318 2584 108 61 de
1372 2584 199 61 communi
1517 2584 108 61 ad
1571 2584 144 61 sibi
1661 2584 90 61 &
1697 2584 181 61 Mariae
1824 2584 253 61 necessaria
2022 2584 217 61 duplicem
2167 2584 108 61 por-

515 2634 171 74 tionem
635 2634 240 74 acciperet:
823 2634 137 74 vnam
909 2634 120 74 pro
977 2634 120 74 se:
1046 2634 188 74 alteram
1183 2634 120 74 pro
1251 2634 171 74 Maria,
1371 2634 137 74 quia
1457 2634 188 74 tempore
1594 2634 137 74 illo
1680 2634 103 74 ab
1731 2634 154 74 illis
1834 2634 171 74 quibus
1954 2634 274 74 praedicabant
2159 2634 120 74 nihil

511 2689 175 71 aliter
634 2689 263 71 accipiebant
845 2689 140 71 quam
932 2689 140 71 quod
1020 2689 210 71 conuersi
1178 2689 158 71 omnia
1283 2689 140 71 bona
1371 2689 123 71 sua
1441 2689 158 71 bonis
1546 2689 246 71 communibus
1739 2689 281 71 adiungebant.
1967 2689 105 71 Et
2020 2689 158 71 sicut
2108 2689 175 71 Christus

514 2739 204 74 reliquit
667 2739 221 74 ecclesiae
837 2739 238 74 potestatem
1025 2739 255 74 dispensandi
1229 2739 153 74 primo
1331 2739 119 74 hoc
1399 2739 119 74 est
1467 2739 102 74 in
1518 2739 221 74 primitiua
1688 2739 221 74 ecclesia,
1859 2739 102 74 vt
1910 2739 204 74 praelati
2063 2739 204 74 haberent
2199 2739 85 74 pos

510 2799 237 66 sessiones
692 2799 218 66 mobilium
856 2799 218 66 communes
1019 2799 291 66 dispensandas
1256 2799 146 66 sibi
1347 2799 91 66 &
1383 2799 273 66 pauperibus:
1602 2799 127 66 sic
1674 2799 218 66 reliquit
1838 2799 109 66 ei
1893 2799 255 66 potestatem
2075 2799 200 66 dispensan

513 2852 103 71 di
564 2852 274 71 consequenter
787 2852 223 71 crescente
959 2852 206 71 ecclesia
1113 2852 103 71 vt
1164 2852 206 71 praelati
1319 2852 206 71 haberent
1473 2852 189 71 praedia
1610 2852 86 71 &
1645 2852 274 71 possessiones
1867 2852 257 71 immobilium:
2073 2852 171 71 quorum
2176 2852 103 71 fru-

509 2905 133 72 ctus
593 2905 133 72 sibi
676 2905 83 72 &
709 2905 233 72 pauperibus
892 2905 283 72 dispensabant.
1126 2905 183 72 dicente
1259 2905 217 72 Melchiade
1425 2905 150 72 papa,
1525 2905 233 72 xiquaestid
1709 2905 117 72 ei.
1775 2905 183 72 Futuram
1909 2905 217 72 ecclesiam
2075 2905 100 72 in
2108 2905 167 72 gentibus

509 2971 212 59 apostoli
668 2971 300 59 praeuidebant:
915 2971 194 59 idcirco
1056 2971 194 59 praedia
1197 2971 106 59 in
1250 2971 176 59 iudaea
1373 2971 176 59 minime
1496 2971 141 59 sunt
1585 2971 176 59 adepti
1708 2971 123 59 sed
1778 2971 176 59 pretia
1902 2971 247 59 tantummodo
2096 2971 106 59 ad
2131 2971 141 59 fouen-

507 3011 134 72 dos
584 3011 211 72 egentes
737 3011 96 72 &
776 3011 231 72 caetera.
949 3011 115 72 Et
1006 3011 211 72 Vrbanus
1160 3011 154 72 papa
1256 3011 211 72 ibidem.
1410 3011 231 72 Videntes
1582 3011 173 72 autem
1698 3011 173 72 summi
1813 3011 269 72 sacerdotes
2024 3011 96 72 &
2063 3011 154 72 alii
2140 3011 134 72 leui-

509 3073 118 63 tae
577 3073 84 63 &
610 3073 186 63 reliqui
745 3073 186 63 fideles
881 3073 135 63 plus
965 3073 236 63 vtilitatis
1151 3073 152 63 posse
1252 3073 203 63 conferre
1404 3073 101 63 si
1455 3073 270 63 haereditates
1674 3073 84 63 &
1708 3073 152 63 agros
1809 3073 135 63 quos
1894 3073 270 63 vendebantur,
2096 3073 186 63 ecclesiis

512 3121 175 65 quibus
634 3121 279 65 praesidebant
861 3121 209 65 apostoli
1018 3121 244 65 traderent,
1210 3121 105 65 eo
1262 3121 140 65 quod
1349 3121 105 65 ex
1402 3121 227 65 sumptibus
1576 3121 157 65 eorum
1681 3121 122 65 tam
1751 3121 279 65 praesentibus
1977 3121 140 65 quam
2065 3121 192 65 futuris
2187 3121 87 65 tem

499 3170 189 85 poribus
636 3170 155 85 plura
740 3170 86 85 &
774 3170 258 85 elegantiora
981 3170 189 85 possent
1118 3170 241 85 ministrare
1307 3170 224 85 fidelibus
1480 3170 206 85 communem
1634 3170 155 85 vitam
1738 3170 258 85 ducentibus,
1944 3170 138 85 quam
2030 3170 103 85 ex
2082 3170 172 85 pretio
2185 3170 86 85 eo
