2444 3736
450 262 235 109 personarum:
639 262 126 109 quia
717 262 188 109 praelati
858 262 110 109 qui
921 262 204 109 possident
1078 262 126 109 eas,
1157 262 110 109 aut
1219 262 204 109 possident
1376 262 141 109 ipsas
1471 262 94 109 eo
1518 262 141 109 animo
1612 262 126 109 quod
1690 262 110 109 non
1753 262 126 109 plus
1832 262 220 109 acciperent
2004 262 110 109 pro
2067 262 157 109 sequam
2177 262 94 109 si
2208 262 63 109 de

458 352 130 63 die
533 352 112 63 in
589 352 149 63 diem
682 352 354 63 administraretur
980 352 130 63 eis
1055 352 186 63 annona
1185 352 93 63 a
1222 352 242 63 subditis:
1409 352 93 63 &
1446 352 130 63 sic
1521 352 112 63 de
1576 352 168 63 bonis
1688 352 261 63 communibus
1893 352 224 63 pauperum
2061 352 242 63 viuerent:

450 414 165 54 sicut
560 414 147 54 vnus
652 414 110 54 ex
707 414 276 54 pauperibus:
927 414 147 54 Dico
1019 414 147 54 quod
1111 414 110 54 in
1166 414 202 54 talibus
1313 414 165 54 nullo
1423 414 147 54 modo
1515 414 257 54 diminueret
1717 414 129 54 nec
1790 414 110 54 de
1846 414 276 54 perfectione
2066 414 184 54 status
2176 414 92 54 nec

454 462 109 66 de
508 462 272 66 perfectione
726 462 218 66 personae
889 462 145 66 quae
980 462 127 66 est
1053 462 109 66 in
1107 462 181 66 statu:
1234 462 145 66 immo
1325 462 163 66 magis
1433 462 290 66 persectionem
1669 462 218 66 personae
1833 462 272 66 augmentaret
2050 462 109 66 in
2105 462 109 66 eo
2141 462 127 66 vide-

459 513 159 66 licet
565 513 142 66 quod
654 513 195 66 meritum
795 513 177 66 magnum
919 513 195 66 haberet
1061 513 106 66 in
1114 513 142 66 bene
1202 513 265 66 dispensando
1415 513 248 66 pauperibus
1609 513 142 66 quod
1698 513 177 66 vltra,
1822 513 212 66 propriam
1981 513 283 66 necessitatem
2193 513 71 66 re

455 569 206 65 maneret.
609 569 103 65 Et
660 569 137 65 ideo
746 569 120 65 non
815 569 154 65 solum
917 569 120 65 non
986 569 206 65 diminuit
1140 569 103 65 de
1192 569 257 65 perfectione
1397 569 120 65 sed
1466 569 154 65 etiam
1569 569 188 65 expedit
1706 569 120 65 sic
1774 569 206 65 communia
1928 569 223 65 possidere
2083 569 188 65 praelatos

455 619 86 69 &
489 619 190 69 propria
627 619 276 69 perfectionis
852 619 155 69 amore
956 619 225 69 contemni:
1128 619 104 69 vt
1180 619 155 69 dicit
1284 619 173 69 capitu
1405 619 259 69 praedictum.
1612 619 155 69 Siqui
1715 619 155 69 autem
1819 619 259 69 praelatorum
2026 619 225 69 possident
2182 619 86 69 com

456 675 160 71 munes
563 675 284 71 possessiones
793 675 231 71 ecclesiae
971 675 142 71 tali
1060 675 160 71 animo
1166 675 106 71 vt
1219 675 106 71 ex
1272 675 124 71 eis
1343 675 195 71 lautius
1485 675 177 71 viuant
1610 675 89 71 &
1645 675 124 71 eis
1716 675 177 71 carere
1840 675 160 71 aequo
1947 675 160 71 animo
2053 675 124 71 non
2106 675 160 71 possent

456 737 160 58 etiam
563 737 106 58 si
616 737 124 58 eis
687 737 213 58 subiecti
847 737 142 58 fine
935 737 284 58 difficultate
1166 737 89 58 &
1201 737 195 58 prompte
1343 737 284 58 ministrarent
1574 737 248 58 necessaria
1769 737 213 58 quolibet
1929 737 195 58 tempore
2071 737 160 58 prout
2160 737 106 58 opus

461 776 179 63 esset:
587 776 143 63 dico
676 776 143 63 quod
766 776 108 63 in
819 776 161 63 istis
927 776 161 63 nihil
1035 776 251 63 diminueret
1232 776 179 63 omnino
1357 776 108 63 de
1411 776 269 63 perfectione
1626 776 197 63 status,
1769 776 125 63 sed
1841 776 179 63 multum
1966 776 251 63 diminueret
2163 776 108 63 de
2199 776 72 63 me

466 834 131 56 rito
548 834 82 56 &
580 834 246 56 perfectione
777 834 213 56 personae.
941 834 131 56 Quia
1023 834 148 56 autem
1121 834 213 56 assumitur
1285 834 98 56 in
1335 834 213 56 argumento
1498 834 131 56 quod
1580 834 164 56 status
1695 834 115 56 qui
1761 834 246 56 compatitur:
1958 834 148 56 secum
2056 834 148 56 opera
2138 834 131 56 imper-

465 890 224 56 fectionis,
641 890 112 56 non
705 890 112 56 est
768 890 160 56 status
880 890 271 56 perfectionis,
1104 890 144 56 sicut
1199 890 112 56 nec
1263 890 112 56 est
1327 890 160 56 status
1439 890 192 56 virtutis
1583 890 112 56 qui
1646 890 144 56 secum
1742 890 224 56 compatitur
1918 890 176 56 vitium:
2046 890 128 56 Dico
2125 890 128 56 quod
2205 890 96 56 du

468 943 136 65 plex
553 943 119 65 est
621 943 273 65 imperfectio,
843 943 205 65 scilicet
996 943 273 65 infirmitatis
1218 943 136 65 quae
1303 943 153 65 poena
1406 943 119 65 est
1474 943 119 65 non
1542 943 170 65 culpa,
1661 943 153 65 licet
1764 943 119 65 non
1832 943 119 65 sit
1900 943 102 65 in
1951 943 170 65 homine
2070 943 136 65 nisi
2156 943 102 65 ex
2190 943 85 65 cul

468 999 120 67 pa,
536 999 188 67 propria
673 999 120 67 vel
742 999 240 67 originali:
930 999 188 67 propter
1067 999 137 67 quam
1153 999 274 67 infirmitatem
1376 999 206 67 indultae
1530 999 137 67 sunt
1615 999 188 67 nuptiae
1752 999 120 67 non
1821 999 188 67 tanquam
1958 999 206 67 peccatum
2112 999 120 67 sed
2180 999 120 67 tan

475 1050 140 62 quam
563 1050 158 62 minus
668 1050 175 62 bonum.
791 1050 140 62 Alia
879 1050 140 62 vero
966 1050 123 62 est
1036 1050 263 62 imperfectio
1247 1050 193 62 culpae.
1387 1050 105 62 De
1439 1050 158 62 primo
1544 1050 140 62 modo
1632 1050 315 62 imperfectionis
1895 1050 123 62 est
1965 1050 245 62 infirmitas
2158 1050 140 62 pro-

468 1104 120 69 pter
543 1104 120 69 quam
618 1104 90 69 in
663 1104 195 69 praelatis
812 1104 239 69 indulgentur,
1007 1104 165 69 propria
1127 1104 75 69 &
1156 1104 165 69 vxores:
1276 1104 75 69 &
1306 1104 120 69 ideo
1381 1104 120 69 illa
1456 1104 210 69 compatitur
1620 1104 150 69 status
1725 1104 239 69 perfectionis
1920 1104 180 69 illorum,
2054 1104 135 69 licet
2144 1104 105 69 cum
2189 1104 75 69 ali

478 1162 114 61 qua
543 1162 261 61 diminutione,
755 1162 98 61 vt
804 1162 163 61 dictum
918 1162 131 61 est,
1000 1162 147 61 quia.
1098 1162 196 61 scilicet
1245 1162 114 61 non
1310 1162 261 61 contrariatur
1522 1162 163 61 omnino
1637 1162 180 61 statui.
1767 1162 98 61 Et
1816 1162 98 61 de
1865 1162 180 61 secundo
1996 1162 131 61 modo
2077 1162 114 61 est
2126 1162 131 61 vitium

476 1211 139 63 quid
562 1211 121 63 est
632 1211 173 63 omnino
753 1211 243 63 contrarium
943 1211 208 63 virtuti:
1099 1211 87 63 &
1134 1211 139 63 ideo
1221 1211 173 63 status
1342 1211 208 63 virtutis
1498 1211 173 63 vitium
1619 1211 156 63 nullo
1723 1211 139 63 modo
1810 1211 260 63 compatitur:
2017 1211 87 63 &
2052 1211 121 63 sic
2121 1211 173 63 nequa-

484 1265 124 61 quam
561 1265 108 61 est
623 1265 170 61 simile.
747 1265 93 61 Ad
793 1265 139 61 aliud
886 1265 108 61 quo
948 1265 186 61 arguitur
1088 1265 124 61 quod
1165 1265 108 61 non
1227 1265 124 61 est.
1304 1265 155 61 status
1413 1265 248 61 perfectionis
1614 1265 124 61 nisi
1691 1265 93 61 ex
1738 1265 139 61 voto:
1831 1265 124 61 dico
1908 1265 124 61 quod
1986 1265 139 61 verum
2079 1265 108 61 est
2125 1265 155 61 religio-

476 1320 155 71 sorum
579 1320 223 71 inquantum
751 1320 137 71 sunt
837 1320 223 71 religiosi
1009 1320 120 71 pro
1077 1320 137 71 modo
1163 1320 120 71 quo
1232 1320 137 71 isto
1318 1320 189 71 tempore
1455 1320 189 71 dicitur
1593 1320 137 71 esse
1679 1320 172 71 status
1799 1320 275 71 perfectionis
2022 1320 103 71 in
2057 1320 206 71 religione.

477 1372 232 63 Aspiciendo
660 1372 149 63 tamen
759 1372 99 63 ad
809 1372 182 63 naturam
942 1372 116 63 rei
1008 1372 182 63 propter
1141 1372 133 63 quam
1223 1372 182 63 aliquis
1356 1372 166 63 status
1472 1372 182 63 dicitur
1605 1372 133 63 esse
1688 1372 166 63 status
1804 1372 282 63 perfectionis:
2036 1372 199 63 scilicet
2169 1372 99 63 quia

476 1425 204 66 ordinat
625 1425 204 66 hominem
773 1425 111 66 ad
828 1425 167 66 opera
940 1425 296 66 persectionis
1180 1425 259 66 exercenda:
1384 1425 148 66 bene
1477 1425 185 66 potest
1606 1425 148 66 esse
1699 1425 185 66 status
1829 1425 296 66 perfectionis
2069 1425 185 66 absque
2180 1425 93 66 vo-

476 1481 113 61 to,
540 1481 97 61 vt
589 1481 97 61 in
637 1481 210 61 praelatis
799 1481 113 61 quo
864 1481 97 61 ad
912 1481 242 61 paupertatem
1106 1481 81 61 &
1138 1481 242 61 castitatem,
1332 1481 129 61 nisi
1413 1481 113 61 sic
1477 1481 178 61 fuisset
1607 1481 226 61 institutum
1784 1481 81 61 a
1817 1481 194 61 Christo:
1962 1481 129 61 quia
2043 1481 129 61 ista
2124 1481 113 61 non
2188 1481 113 61 per

471 1527 177 64 tinent
595 1527 124 64 per
666 1527 106 64 se
719 1527 106 64 ad
772 1527 265 64 executionem
984 1527 177 64 actuum
1108 1527 265 64 perfectorum
1321 1527 283 64 praelationis
1551 1527 159 64 sicut
1657 1527 265 64 religionis.
1869 1527 195 64 Habendo
2011 1527 159 64 tamen
2099 1527 177 64 aspectum

474 1591 110 59 ad
529 1591 165 59 modum
639 1591 128 59 iam
712 1591 183 59 dictum
840 1591 311 59 institutionis
1097 1591 275 59 praelatorum
1316 1591 92 59 a
1353 1591 220 59 Christo,
1518 1591 147 59 ista
1609 1591 128 59 duo
1683 1591 128 59 non
1756 1591 256 59 obseruare,
1958 1591 220 59 diminuit
2122 1591 110 59 de
2177 1591 128 59 ra-

477 1642 146 65 tione
574 1642 260 65 perfectionis
786 1642 244 65 praelatorum
981 1642 244 65 personalis:
1177 1642 130 65 quao
1258 1642 98 65 si
1307 1642 277 65 obseruarentur
1535 1642 146 65 etiam
1632 1642 130 65 sine
1714 1642 146 65 voto,
1811 1642 114 65 pro
1876 1642 146 65 tanto
1974 1642 146 65 ipsam
2072 1642 212 65 augerent:
2218 1642 49 65 &

471 1693 159 61 magis
577 1693 212 61 augerent
736 1693 106 61 si
789 1693 124 61 cum
860 1693 159 61 voto.
966 1693 141 61 quia
1054 1693 159 61 omnia
1160 1693 141 61 bona
1249 1693 159 61 facta
1355 1693 124 61 sub
1426 1693 141 61 voto
1514 1693 194 61 maioris
1655 1693 177 61 meriti
1779 1693 141 61 sunt
1867 1693 159 61 aliis
1973 1693 177 61 eisdem
2079 1693 177 61 retentis

477 1748 214 56 secundum
638 1748 178 56 Ansel.
763 1748 161 56 libro
870 1748 107 56 de
923 1748 357 56 similitudinibus.
1227 1748 143 56 cap.
1316 1748 161 56 xxxv.
1423 1748 143 56 Quia
1512 1748 107 56 si
1566 1748 214 56 Christus
1727 1748 125 56 non
1798 1748 286 56 instituisset
2030 1748 143 56 vota
2101 1748 161 56 huiusmo

474 1802 98 63 di
523 1802 195 63 scilicet
669 1802 244 63 paupertatis
864 1802 81 63 &
896 1802 228 63 castitatis
1075 1802 163 63 fuisse
1189 1802 98 63 de
1238 1802 195 63 essentia
1384 1802 163 63 status
1498 1802 260 63 praelatorum,
1709 1802 98 63 vt
1758 1802 146 63 nulla
1856 1802 276 63 dispensatione
2083 1802 130 63 opus
2148 1802 114 63 fuis-

472 1857 128 56 set
545 1857 110 56 ad
600 1857 128 56 non
673 1857 293 56 obseruantiam
911 1857 220 56 illorum,
1076 1857 147 56 tunc
1168 1857 202 56 illorum
1314 1857 128 56 non
1388 1857 275 56 obseruantia
1607 1857 110 56 in
1662 1857 165 56 nullo
1772 1857 275 56 diminuisset
1992 1857 110 56 de
2029 1857 238 56 perfectione

481 1912 170 58 status
600 1912 119 58 nec
668 1912 102 58 in
719 1912 102 58 se
770 1912 119 58 nec
838 1912 102 58 in
889 1912 170 58 istis:
1008 1912 119 58 sed
1076 1912 221 58 solummodo
1246 1912 102 58 de
1297 1912 204 58 personae
1450 1912 255 58 perfectione
1654 1912 136 58 siue
1739 1912 170 58 status
1858 1912 102 58 vt
1909 1912 238 58 obseruatur
2096 1912 102 58 ab
2130 1912 136 58 istis,

487 1969 102 66 vt
538 1969 153 66 patet
640 1969 102 66 ex
690 1969 186 66 dictis.
826 1969 136 66 Quia
911 1969 136 66 vero
996 1969 186 66 additur
1131 1969 136 66 quod
1216 1969 237 66 virginitas
1402 1969 119 66 non
1470 1969 220 66 honoratur
1640 1969 136 66 nisi
1725 1969 136 66 quia
1809 1969 119 66 est
1877 1969 119 66 sub
1945 1969 153 66 voto:
2047 1969 136 66 quia
2131 1969 119 66 nec
2182 1969 85 66 ali

490 2017 159 65 cuius
596 2017 159 65 habet
702 2017 177 65 statum
826 2017 301 65 perfectionis:
1074 2017 141 65 Dico
1162 2017 141 65 quod
1250 2017 124 65 est
1321 2017 194 65 quaedam
1463 2017 247 65 virginitas
1657 2017 230 65 despecta,
1834 2017 194 65 quaedam
1975 2017 212 65 laudata,
2134 2017 159 65 quae-

485 2070 121 58 dam
554 2070 225 58 honorata,
727 2070 190 58 quaedam
865 2070 242 58 acceptata.
1055 2070 207 58 Despecta
1211 2070 121 58 est
1280 2070 242 58 virginitas
1470 2070 277 58 proponentium
1695 2070 190 58 nubere.
1833 2070 190 58 dicente
1971 2070 242 58 Augustinus
2144 2070 121 58 libro

481 2124 107 58 de
535 2124 178 58 virgi.
659 2124 214 58 Felicior
820 2124 196 58 videtur
963 2124 143 58 mihi
1052 2124 160 58 nupta
1159 2124 178 58 mulier
1283 2124 143 58 quam
1373 2124 160 58 virgo
1480 2124 214 58 nuptura,
1640 2124 160 58 habet
1747 2124 143 58 enim
1836 2124 143 58 illa
1925 2124 143 58 quod
2014 2124 143 58 ista
2104 2124 160 58 adhuc
2193 2124 71 58 cu

484 2177 119 76 pit
552 2177 187 76 incerta
688 2177 119 76 cui
756 2177 153 76 danda
858 2177 136 76 est:
943 2177 153 76 licet
1045 2177 119 76 vni
1113 2177 238 76 pudicitiam
1300 2177 204 76 custodit
1453 2177 221 76 segregato
1623 2177 85 76 a
1657 2177 170 76 turba:
1776 2177 136 76 illa
1861 2177 136 76 vero
1946 2177 119 76 non
2014 2177 221 76 adulterum
2184 2177 119 76 sed

483 2230 206 58 maritum
633 2230 206 58 quaerit
783 2230 112 58 in
839 2230 187 58 turba.
970 2230 206 58 Laudata
1120 2230 262 58 virginitas
1326 2230 131 58 est
1401 2230 300 58 proponentium
1645 2230 131 58 deo
1720 2230 244 58 perpetuam
1907 2230 262 58 pudicitiam
2094 2230 169 58 conser-

492 2291 161 62 uare.
599 2291 107 62 de
653 2291 125 62 qua
725 2291 161 62 dicit
832 2291 251 62 Augustinus
1029 2291 107 62 in
1083 2291 179 62 eodem.
1208 2291 251 62 Virginalis
1405 2291 251 62 integritas
1602 2291 89 62 &
1638 2291 125 62 per
1709 2291 143 62 piam
1799 2291 286 62 continentiam
2031 2291 107 62 ab
2085 2291 143 62 omni
2157 2291 107 62 con-

482 2337 183 71 cubitu
610 2337 238 71 immunitas
794 2337 128 71 est
867 2337 110 71 in
922 2337 165 71 carne
1032 2337 294 71 corruptibili
1270 2337 330 71 incorruptionis
1546 2337 238 71 perpetuae
1729 2337 257 71 meditatio.
1931 2337 110 71 Et
1986 2337 165 71 libro
2096 2337 165 71 primo
2188 2337 73 71 de

489 2392 177 62 ciuita.
618 2392 129 62 dei.
698 2392 97 62 Si
746 2392 129 62 anim
827 2392 145 62 bonum
923 2392 113 62 est
988 2392 113 62 cum
1052 2392 274 62 immundicitiae
1277 2392 113 62 non
1342 2392 161 62 cedit:
1454 2392 145 62 ipsum
1551 2392 161 62 corpus
1664 2392 257 62 sanctificat.
1873 2392 177 62 Constat
2002 2392 145 62 autem
2098 2392 129 62 quod
2162 2392 97 62 per-

488 2439 151 79 petua
589 2439 151 79 talis
690 2439 218 79 meditatio
858 2439 84 79 &
891 2439 134 79 quod
975 2439 185 79 nunquam
1109 2439 151 79 cedat
1210 2439 252 79 immunditiae
1412 2439 134 79 bene
1496 2439 168 79 potest
1613 2439 134 79 esse
1697 2439 134 79 sine
1781 2439 151 79 voto:
1882 2439 168 79 corpus
1999 2439 151 79 autem
2100 2439 118 79 non
2167 2439 134 79 san-

492 2501 237 62 ctificaret
678 2501 135 62 nisi
763 2501 102 62 ex
814 2501 135 62 tali
898 2501 220 62 proposito
1068 2501 237 62 quodammodo
1254 2501 119 62 deo
1322 2501 169 62 dicata
1440 2501 169 62 esset.
1559 2501 203 62 Honorata
1711 2501 237 62 virginitas
1897 2501 119 62 est
1965 2501 135 62 illa
2050 2501 135 62 quae
2135 2501 119 62 est
2185 2501 85 62 fir

486 2555 143 63 mata
575 2555 161 63 voto.
682 2555 107 63 de
736 2555 125 63 qua
807 2555 214 63 loquitur
968 2555 250 63 auctoritas
1164 2555 250 63 Augustinum
1361 2555 214 63 arguendo
1521 2555 268 63 introducta.
1736 2555 232 63 Acceptata
1914 2555 250 63 virginitas
2110 2555 125 63 est
2182 2555 125 63 par

485 2616 275 60 episcopalem
705 2616 312 60 benedictionem
962 2616 312 60 sanctificata.
1219 2616 110 60 Et
1274 2616 110 60 in
1329 2616 220 60 qualibet
1495 2616 165 60 harum
1605 2616 165 60 trium
1715 2616 202 60 meretur
1862 2616 220 60 aureola.
2027 2616 129 60 Non
2101 2616 147 60 enim
2174 2616 92 60 est

487 2662 119 67 ad
547 2662 178 67 ipsam
665 2662 297 67 promerendam
903 2662 178 67 vllum
1022 2662 178 67 votum
1141 2662 317 67 necessarium,
1398 2662 119 67 vt
1458 2662 178 67 patet
1577 2662 119 67 in
1636 2662 297 67 martyribus:
1874 2662 99 67 &
1913 2662 238 67 quolibet
2092 2662 178 67 horum
2191 2662 79 67 mo

491 2713 168 71 dorum
604 2713 131 71 est
678 2713 187 71 puella
809 2713 112 71 in
865 2713 168 71 statu
978 2713 318 71 virginitatis.
1239 2713 131 71 sed
1314 2713 112 71 in
1370 2713 168 71 prima
1483 2713 243 71 inchoatur
1670 2713 281 71 matrimonium
1894 2713 262 71 spirituale
2100 2713 131 71 cum
2156 2713 112 71 Chri

487 2770 112 64 sto
551 2770 144 64 quasi
647 2770 112 64 per
712 2770 209 64 sponsalia
872 2770 96 64 de
920 2770 177 64 futuro:
1049 2770 96 64 in
1097 2770 177 64 secunda
1225 2770 241 64 confirmatur
1418 2770 144 64 quasi
1514 2770 241 64 matrimonium
1706 2770 112 64 per
1771 2770 209 64 consensum
1931 2770 96 64 de
1979 2770 225 64 praesenti:
2156 2770 96 64 in
2188 2770 80 64 ter

484 2823 130 70 tia
559 2823 149 70 vero
652 2823 279 70 consummatur
875 2823 167 70 quasi
986 2823 111 70 in
1042 2823 297 70 coniunctione
1283 2823 93 70 &
1320 2823 186 70 copula
1451 2823 130 70 cum
1525 2823 204 70 sponso.
1673 2823 93 70 &
1711 2823 130 70 sic
1785 2823 167 70 nihil
1896 2823 186 70 arguit
2026 2823 167 70 illud
2119 2823 149 70 dictum

492 2879 244 55 Augustinus
683 2879 139 55 nisi
770 2879 139 55 quod
857 2879 209 55 altiorem
1014 2879 174 55 gradum
1136 2879 104 55 in
1188 2879 157 55 statu
1292 2879 226 55 virginali
1466 2879 157 55 ponit
1571 2879 157 55 votum
1675 2879 157 55 sicut
1780 2879 157 55 facit
1884 2879 104 55 in
1936 2879 209 55 quolibet
2093 2879 157 55 actu:
2180 2879 87 55 nec

484 2931 173 58 tamen
599 2931 173 58 votum
714 2931 230 58 extendit
887 2931 249 58 quemlibet
1079 2931 173 58 actum
1194 2931 115 58 ad
1251 2931 211 58 summum,
1405 2931 211 58 aliquis
1558 2931 153 58 enim
1654 2931 173 58 actus
1769 2931 134 58 sub
1846 2931 153 58 voto
1942 2931 230 58 inferior
2115 2931 153 58 bene
2191 2931 77 58 po

488 2980 130 63 test
569 2980 130 63 esse
651 2980 130 63 quam
732 2980 147 63 alter
830 2980 130 63 sine
911 2980 147 63 voto:
1009 2980 114 63 non
1074 2980 130 63 enim
1155 2980 244 63 obseruantia
1351 2980 261 63 virginitatis
1563 2980 114 63 sub
1628 2980 130 63 voto
1709 2980 179 63 excedit
1840 2980 114 63 aut
1905 2980 261 63 aequiparatur
2100 2980 163 63 martyrio

489 3041 204 65 perpesso
642 3041 136 65 sine
727 3041 153 65 voto.
828 3041 187 65 dicente
964 3041 238 65 Augustinus
1151 3041 102 65 in
1202 3041 153 65 libro
1304 3041 102 65 de
1355 3041 272 65 virginitate.
1575 3041 136 65 Nemo
1660 3041 187 65 quantum
1796 3041 136 65 puto
1881 3041 153 65 ausus
1982 3041 170 65 fuerit
2084 3041 187 65 virginita

485 3091 113 76 tem
549 3091 225 76 praeferre,
726 3091 209 76 martyrio.
887 3091 96 76 Ex
935 3091 113 76 quo
1000 3091 145 76 minus
1096 3091 289 76 rationabiliter
1337 3091 129 76 mihi
1418 3091 193 76 videntur
1562 3091 161 76 aliqui
1675 3091 177 76 dicere:
1804 3091 129 76 quod
1884 3091 225 76 aspiciendo
2061 3091 96 76 ad
2109 3091 145 76 illud
2190 3091 80 76 cui

480 3140 160 88 vacant
592 3140 208 88 praelati,
751 3140 255 88 perfectiores
959 3140 128 88 sunt
1039 3140 239 88 simpliciter
1230 3140 192 88 praelati
1374 3140 80 88 &
1406 3140 176 88 officio
1534 3140 80 88 &
1566 3140 160 88 merito
1677 3140 80 88 &
1709 3140 160 88 statu:
1821 3140 80 88 &
1853 3140 112 88 hoc
1917 3140 128 88 ideo
1997 3140 128 88 quia
2076 3140 96 88 in
2108 3140 160 88 deducen
