2438 3722
191 235 130 87 tibus
277 235 130 87 vitam
364 235 115 87 suam
436 235 173 87 secundum
566 235 87 87 ea
609 235 115 87 quae
681 235 188 87 pertinent
825 235 87 87 ad
869 235 130 87 illum
955 235 159 87 statum,
1071 235 159 87 maiorem
1186 235 231 87 perfectionem
1374 235 188 87 requirit,
1518 235 72 87 &
1547 235 159 87 maiorem
1662 235 231 87 perfectionem
1835 235 159 87 acquirit,

192 305 110 81 quam
261 305 83 81 si
302 305 193 81 deducerent
454 305 124 81 vitam
536 305 110 81 suam
605 305 165 81 secundum
729 305 138 81 statum
825 305 234 81 religiosorum,
1018 305 83 81 eo
1059 305 110 81 quod
1128 305 83 81 in
1169 305 124 81 statu
1252 305 206 81 praelatorum
1417 305 151 81 vacatur
1527 305 110 81 sibi
1596 305 69 81 &
1623 305 138 81 aliis:
1720 305 83 81 in
1761 305 124 81 statu
1844 305 124 81 autem
1912 305 83 81 reli

192 363 189 67 giosorum
334 363 126 67 sibi
412 363 173 67 tantum:
538 363 79 67 &
569 363 236 67 difficilius
758 363 79 67 &
789 363 157 67 melius
899 363 110 67 est
962 363 189 67 pluribus
1104 363 126 67 bene
1182 363 204 67 intendere
1339 363 126 67 quam
1418 363 126 67 vni.
1496 363 126 67 ltem
1575 363 157 67 status
1685 363 236 67 praelatorum
1873 363 94 67 se
1920 363 110 67 ha-

192 429 124 52 bet
263 429 106 52 ad
316 429 177 52 statum
439 429 282 52 religiosorum
669 429 159 52 sicut
775 429 177 52 status
898 429 265 52 magistrorum
1110 429 106 52 ad
1163 429 177 52 statum
1287 429 300 52 discipulorum.
1534 429 212 52 Magister
1693 429 159 52 autem
1799 429 159 52 debet
1887 429 106 52 esse

192 464 263 79 perfectior
399 464 263 79 discipulo:
606 464 150 79 nemo
700 464 150 79 enim
793 464 169 79 debet
906 464 150 79 esse
1000 464 225 79 magister
1169 464 132 79 qui
1244 464 132 79 non
1320 464 188 79 fuerit
1451 464 150 79 ante
1545 464 282 79 discipulus.
1771 464 263 79 Aspiciendo

193 523 167 69 autem
304 523 111 69 ad
359 523 204 69 vacandi
507 523 167 69 modum
618 523 130 69 qui
692 523 259 69 attenditur
895 523 111 69 ex
951 523 148 69 voto
1044 523 130 69 vel
1118 523 278 69 obligatione
1340 523 130 69 qua
1414 523 204 69 vacatur
1562 523 185 69 operi:
1691 523 185 69 status
1802 523 185 69 religio-

195 577 158 65 sorum
301 577 246 65 perfectior
494 577 123 65 est
565 577 193 65 merito:
705 577 141 65 quia
793 577 176 65 vacant
916 577 123 65 deo
987 577 106 65 in
1039 577 106 65 se
1092 577 123 65 non
1163 577 158 65 solum
1268 577 106 65 ex
1321 577 193 65 officio
1461 577 123 65 sed
1532 577 158 65 etiam
1637 577 106 65 ex
1690 577 158 65 voto:
1796 577 88 65 &
1831 577 141 65 ideo
1919 577 106 65 ad

205 623 195 75 duplicem
351 623 259 75 perfectionem
561 623 211 75 attingit,
724 623 97 75 ad
772 623 130 75 vnam
853 623 97 75 ex
902 623 130 75 ipso
983 623 162 75 facto:
1096 623 97 75 ad
1145 623 178 75 alteram
1275 623 97 75 ex
1323 623 130 75 modo
1404 623 195 75 faciendi
1550 623 195 75 scilicet
1696 623 113 75 sub
1761 623 162 75 maiori
1858 623 130 75 distri

197 679 168 65 ctione
315 679 84 65 &
348 679 219 65 custodia.
517 679 185 65 propter
651 679 134 65 quod
735 679 235 65 perfectius
920 679 168 65 vacant
1038 679 219 65 religiosi
1206 679 134 65 quam
1290 679 219 65 quicumque
1458 679 134 65 alii
1542 679 134 65 sine
1626 679 151 65 voto,
1727 679 84 65 &
1760 679 101 65 ex
1811 679 168 65 maiori
1912 679 67 65 vo

197 737 196 71 luntate:
344 737 98 71 ex
393 737 115 71 qua
458 737 131 71 opus
540 737 147 71 debet
638 737 180 71 pensari
769 737 147 71 magis
867 737 131 71 quam
949 737 98 71 ex
998 737 131 71 eius
1080 737 229 71 arduitate.
1260 737 131 71 Vnde
1342 737 164 71 dicunt
1456 737 131 71 quod
1538 737 98 71 si
1587 737 196 71 praelati
1735 737 196 71 facerent
1865 737 115 71 votum

188 787 117 63 cum
255 787 117 63 hoc
322 787 134 63 quod
406 787 185 63 faciunt
540 787 151 63 opera
641 787 268 63 perfectiora,
859 787 84 63 &
893 787 201 63 facerent
1044 787 101 63 ex
1094 787 134 63 voto
1178 787 134 63 quod
1262 787 185 63 faciunt
1396 787 101 63 ex
1446 787 201 63 officio,
1597 787 134 63 tunc
1681 787 168 63 essent
1782 787 201 63 perfectio-

195 850 113 66 res
259 850 80 66 &
291 850 161 66 status
404 850 145 66 eorum
500 850 241 66 perfectior:
693 850 145 66 sicut
790 850 145 66 erant
886 850 193 66 apostoli
1031 850 113 66 qui
1096 850 193 66 fecerunt
1240 850 96 66 ex
1288 850 129 66 voto
1369 850 80 66 &
1401 850 177 66 officio
1530 850 145 66 simul
1626 850 129 66 quod
1707 850 209 66 fecerunt:
1867 850 96 66 vt
1900 850 80 66 sic

190 893 203 79 praelati
342 893 237 79 abiicerent
528 893 220 79 superflua
697 893 169 79 statui
815 893 118 79 suo
883 893 84 79 &
917 893 203 79 cauerent
1069 893 203 79 mulierum
1221 893 203 79 suspecta
1373 893 237 79 confortia:
1559 893 84 79 &
1592 893 152 79 nihil
1694 893 203 79 facerent
1846 893 135 79 nisi
1913 893 68 79 de

203 949 214 67 voluntate
367 949 247 67 confessoris
565 949 132 67 sui:
647 949 82 67 &
680 949 132 67 tunc
762 949 165 67 essent
878 949 165 67 omnino
993 949 247 67 holocaustum
1191 949 148 67 sicut
1289 949 231 67 religiosi,
1471 949 115 67 cum
1536 949 132 67 modo
1619 949 115 67 non
1685 949 132 67 sunt
1767 949 132 67 nisi
1833 949 148 67 sacrifi

202 1009 137 65 cium:
293 1009 122 65 quid
370 1009 137 65 minus
461 1009 107 65 est
523 1009 183 65 secundum
660 1009 153 65 Grego.
767 1009 137 65 super
859 1009 122 65 Eze,
935 1009 107 65 per
996 1009 107 65 ii.
1057 1009 137 65 Homi.
1149 1009 137 65 viii.
1240 1009 137 65 Forma
1332 1009 229 65 respondendi
1515 1009 92 65 in
1561 1009 122 65 toto
1638 1009 137 65 dicto
1729 1009 122 65 isto
1806 1009 137 65 vnica
1897 1009 107 65 est
1943 1009 46 65 &

198 1056 192 64 breuis:
337 1056 140 64 quod
425 1056 157 64 modus
529 1056 210 64 operandi
687 1056 105 64 ex
739 1056 227 64 deuotione
914 1056 87 64 &
949 1056 192 64 feruore
1088 1056 157 64 magis
1193 1056 157 64 debet
1298 1056 192 64 pensari
1438 1056 105 64 in
1490 1056 262 64 perfectione
1700 1056 87 64 &
1717 1056 262 64 praeeminentia

198 1117 165 65 operis
313 1117 132 65 quam
395 1117 148 65 ipsum
494 1117 148 65 genus
593 1117 181 65 operis.
725 1117 82 65 &
758 1117 132 65 ideo
841 1117 148 65 opera
940 1117 264 65 religiosorum
1154 1117 132 65 quia
1237 1117 99 65 ex
1286 1117 132 65 voto
1369 1117 132 65 sunt
1451 1117 148 65 facta
1550 1117 115 65 quo
1616 1117 132 65 homo
1699 1117 99 65 se
1748 1117 148 65 totum
1831 1117 148 65 obligat

202 1165 118 72 deo,
276 1165 163 72 quantum
395 1165 104 72 est
454 1165 89 72 ex
498 1165 163 72 ratione
617 1165 118 72 voti
691 1165 222 72 perfectiora
868 1165 118 72 sunt
943 1165 74 72 &
972 1165 163 72 meliora
1091 1165 118 72 quam
1165 1165 237 72 praelatorum:
1357 1165 133 72 licet
1446 1165 118 72 illa
1520 1165 118 72 sint
1594 1165 89 72 de
1638 1165 148 72 genere
1742 1165 148 72 operis
1846 1165 133 72 magis
1920 1165 59 72 ar

194 1216 129 70 dua.
275 1216 97 70 Et
323 1216 113 70 est
388 1216 161 70 clarum
501 1216 129 70 quod
581 1216 145 70 forma
678 1216 129 70 ista
759 1216 226 70 procedendi
937 1216 113 70 non
1001 1216 161 70 valet:
1114 1216 145 70 quia,
1211 1216 97 70 vt
1259 1216 161 70 dictum
1372 1216 129 70 est,
1453 1216 274 70 quantuncumque
1679 1216 226 70 virginitas
1841 1216 145 70 obserue

204 1284 109 58 tur
267 1284 93 58 ex
313 1284 140 58 voto,
406 1284 140 58 tamen
499 1284 202 58 martyrium
654 1284 124 58 quid
732 1284 155 58 deuore
841 1284 217 58 sustinetur
1011 1284 109 58 pro
1073 1284 124 58 deo,
1151 1284 155 58 semper
1260 1284 217 58 perfectius
1430 1284 78 58 &
1461 1284 155 58 melius
1570 1284 124 58 opus
1648 1284 124 58 est.
1725 1284 140 58 Nihil
1818 1284 124 58 ergo
1880 1284 109 58 valet

193 1323 140 67 totum
287 1323 140 67 illud
380 1323 155 67 dictum
489 1323 93 67 in
535 1323 109 67 se:
597 1323 124 67 quod
675 1323 124 67 bene
753 1323 218 67 sentientes
924 1323 202 67 dixerunt:
1079 1323 124 67 quod
1157 1323 140 67 illud
1250 1323 155 67 maxime
1359 1323 140 67 tenet
1452 1323 93 67 in
1499 1323 140 67 illis
1592 1323 124 67 quae
1670 1323 109 67 non
1732 1323 155 67 multum
1825 1323 171 67 seinuicem

195 1376 184 74 excedunt
332 1376 138 74 sicut
424 1376 260 74 contemplatiua
639 1376 122 74 pura
715 1376 245 74 religiosorum
914 1376 77 74 &
945 1376 260 74 contemplatiua
1159 1376 245 74 praelatorum.
1358 1376 122 74 Vnde
1435 1376 122 74 diei
1511 1376 92 74 de
1557 1376 138 74 coon.
1649 1376 107 74 di.
1710 1376 77 74 v
1741 1376 168 74 capiua.
1864 1376 107 74 Non
1909 1376 77 74 me-

198 1434 227 64 diocriter.
376 1434 146 64 Magis
473 1434 113 64 est
538 1434 178 64 quinque
668 1434 211 64 psalmorum
830 1434 195 64 cantatio
976 1434 113 64 cum
1041 1434 162 64 cordis
1154 1434 195 64 puritate
1300 1434 130 64 quam
1381 1434 162 64 totius
1495 1434 211 64 psalterii
1657 1434 113 64 cum
1722 1434 227 64 anxietate.
1884 1434 97 64 Hinc

199 1491 142 65 etiam
294 1491 174 65 dicitur
421 1491 95 65 in
468 1491 174 65 collat,
595 1491 158 65 patrum
705 1491 127 65 col.
785 1491 111 65 ii.
848 1491 158 65 Melius
959 1491 111 65 est
1022 1491 127 65 esse
1101 1491 174 65 deuotum
1228 1491 95 65 in
1275 1491 206 65 minoribus
1433 1491 127 65 quam
1512 1491 95 65 in
1560 1491 206 65 maioribus
1718 1491 206 65 indeuotum
1860 1491 127 65 inueni

192 1543 101 74 ri.
249 1543 116 74 Dico
322 1543 116 74 quod
394 1543 144 74 velite
495 1543 130 74 verum
581 1543 101 74 est
639 1543 116 74 quod
711 1543 130 74 aliis
798 1543 144 74 eisdem
899 1543 173 74 retentis
1029 1543 144 74 melius
1130 1543 72 74 &
1159 1543 202 74 perfectius
1318 1543 101 74 est
1376 1543 116 74 opus
1448 1543 116 74 quod
1520 1543 101 74 fit
1578 1543 101 74 sub
1635 1543 116 74 voto
1708 1543 116 74 quam
1780 1543 116 74 quod
1852 1543 101 74 sit
1895 1543 87 74 sine

211 1606 130 62 vote.
297 1606 173 62 scilicet
427 1606 87 62 in
470 1606 130 62 eodem
557 1606 144 62 genere
658 1606 173 62 actionis
788 1606 72 62 &
816 1606 101 62 cum
874 1606 159 62 aequali
990 1606 159 62 feruore
1105 1606 216 62 charitatis.
1278 1606 115 62 Esto
1350 1606 130 62 etiam
1437 1606 115 62 quod
1509 1606 130 62 illud
1595 1606 101 62 sit
1653 1606 144 62 melius
1754 1606 144 62 quonio
1855 1606 87 62 in
1884 1606 101 62 valde

198 1651 148 68 modico
302 1651 118 68 ista
375 1651 89 68 se
420 1651 192 68 excedunt:
567 1651 236 68 quandocumque
759 1651 133 68 tamen
847 1651 118 68 ista
921 1651 148 68 multum
1024 1651 89 68 se
1069 1651 192 68 excedunt,
1216 1651 148 68 melius
1319 1651 162 68 faciunt
1437 1651 118 68 opus
1511 1651 74 68 &
1541 1651 207 68 perfectius
1703 1651 118 68 illi
1777 1651 103 68 qui
1836 1651 118 68 opus
1895 1651 89 68 per-

199 1709 193 64 fectionis
348 1709 149 64 multae
452 1709 164 64 faciunt
571 1709 119 64 sine
646 1709 119 64 voto
720 1709 119 64 quam
794 1709 119 64 illi
869 1709 104 64 qui
928 1709 164 64 faciunt
1047 1709 134 64 minus
1137 1709 193 64 perfectum
1286 1709 104 64 cum
1345 1709 134 64 voto,
1434 1709 119 64 puta
1509 1709 89 64 de
1553 1709 149 64 genere
1658 1709 149 64 operis
1762 1709 89 64 in
1792 1709 193 64 virginitate

205 1756 84 74 &
239 1756 218 74 martyrio,
406 1756 101 74 vt
457 1756 168 74 dictum
574 1756 134 74 est.
658 1756 101 74 De
708 1756 218 74 deuotione
876 1756 151 74 autem
976 1756 235 74 operantis,
1161 1756 134 74 puta
1244 1756 101 74 si
1295 1756 235 74 religiosus
1479 1756 151 74 dicit
1580 1756 151 74 horas
1680 1756 101 74 in
1731 1756 168 74 tepida
1831 1756 151 74 deuotio

201 1810 106 66 ne,
261 1810 211 66 saecularis
427 1810 136 66 autem
518 1810 91 66 in
563 1810 151 66 multum
669 1810 196 66 feruente,
819 1810 151 66 melius
925 1810 106 66 est
985 1810 75 66 &
1016 1810 211 66 perfectius
1181 1810 121 66 opus
1257 1810 211 66 saecularis
1423 1810 91 66 in
1468 1810 106 66 hoc
1528 1810 121 66 quam
1604 1810 211 66 religiosi.
1770 1810 121 66 Vnde
1845 1810 106 66 non
1890 1810 91 66 bene

209 1864 214 68 distinguit
377 1864 153 68 quando
483 1864 107 68 pro
544 1864 137 68 eodem
636 1864 168 68 accipit
758 1864 137 68 votum
849 1864 76 68 &
880 1864 229 68 deuotionem.
1063 1864 92 68 In
1109 1864 198 68 proposito
1261 1864 137 68 autem
1353 1864 122 68 dico
1429 1864 122 68 quod
1505 1864 153 68 reuera
1612 1864 92 68 si
1658 1864 183 68 praelati
1795 1864 183 68 vouerent
1917 1864 61 68 si

201 1917 106 76 cut
261 1917 181 76 fecerunt
397 1917 181 76 apstoli,
533 1917 241 76 perfectiores
729 1917 151 76 essent
835 1917 121 76 quam
910 1917 121 76 nunc
985 1917 136 76 sunt:
1076 1917 106 76 sed
1136 1917 106 76 non
1197 1917 91 76 in
1242 1917 226 76 perfectiori
1423 1917 151 76 statu,
1528 1917 136 76 etiam
1619 1917 91 76 si
1664 1917 151 76 status
1770 1917 136 76 eorum
1860 1917 91 76 ex
1890 1917 91 76 debi

199 1971 92 65 to
245 1971 215 65 requireret
413 1971 153 65 votum:
521 1971 123 65 quia
597 1971 92 65 si
643 1971 107 65 non
705 1971 199 65 requreret
858 1971 153 65 status
965 1971 138 65 eorum
1057 1971 138 65 votum
1149 1971 123 65 nisi
1226 1971 92 65 ex
1272 1971 184 65 congruo,
1410 1971 107 65 non
1471 1971 138 65 esset
1563 1971 153 65 status
1670 1971 138 65 eorum
1762 1971 92 65 ex
1808 1971 107 65 hoc
1854 1971 123 65 imper-

198 2026 175 65 fectior
325 2026 143 65 neque
420 2026 95 65 in
468 2026 111 65 se,
532 2026 143 65 neque
627 2026 95 65 vt
675 2026 95 65 ab
722 2026 143 65 illis
818 2026 238 65 obseruatur:
1008 2026 143 65 licet
1103 2026 127 65 ipsi
1183 2026 159 65 essent
1294 2026 95 65 ex
1342 2026 111 65 hoc
1405 2026 302 65 imperfectiores.
1659 2026 111 65 Sed
1723 2026 206 65 quocunque
1882 2026 127 65 modo

201 2084 92 66 in
247 2084 108 66 hoc
308 2084 108 66 res
370 2084 92 66 se
416 2084 169 66 habeat:
539 2084 123 66 dico
615 2084 123 66 quod
692 2084 154 66 status
800 2084 230 66 praelatorum
984 2084 200 66 inquantum
1138 2084 215 66 ordinantur
1307 2084 92 66 ad
1353 2084 200 66 seruandum
1507 2084 154 66 ipsum,
1614 2084 77 66 &
1645 2084 108 66 quo
1706 2084 92 66 ad
1753 2084 138 66 illud
1845 2084 92 66 ad
1891 2084 123 66 quod

198 2135 240 72 ordinantur
386 2135 103 72 ad
438 2135 223 72 seruandum
609 2135 103 72 de
660 2135 120 72 eo,
728 2135 240 72 perfectior
917 2135 120 72 est
985 2135 154 72 etiam
1088 2135 137 72 sine
1174 2135 154 72 voto:
1276 2135 86 72 &
1310 2135 223 72 similiter
1482 2135 154 72 opera
1584 2135 188 72 illorum
1721 2135 137 72 quae
1790 2135 188 72 competunt

203 2197 114 53 eis
268 2197 179 53 ratione
398 2197 163 53 status
512 2197 130 53 quam
593 2197 228 53 quaecumque
772 2197 147 53 opera
870 2197 260 53 religiosorum
1082 2197 130 53 quae
1163 2197 212 53 competunt
1326 2197 114 53 eis
1391 2197 179 53 ratione
1521 2197 179 53 status:
1651 2197 81 53 &
1684 2197 130 53 quam
1765 2197 163 53 status
1863 2197 114 53 eorum

207 2242 143 65 etiam
303 2242 111 65 sub
366 2242 127 65 voto
446 2242 223 65 quocumque,
620 2242 143 65 etiam
716 2242 95 65 si
764 2242 191 65 praelati
907 2242 143 65 nullo
1002 2242 127 65 modo
1082 2242 127 65 vlla
1161 2242 239 65 obligatione
1352 2242 286 65 astringerentur
1590 2242 95 65 ad
1638 2242 239 65 operastatus
1829 2242 111 65 sui
1877 2242 95 65 exer

211 2293 150 65 cenda:
316 2293 120 65 quod
391 2293 135 65 tamen
481 2293 150 65 falsum
586 2293 105 65 est
646 2293 180 65 secundum
782 2293 210 65 praedicta.
947 2293 120 65 Quid
1022 2293 165 65 declaro
1142 2293 135 65 primo
1232 2293 90 65 ex
1277 2293 165 65 ratione
1397 2293 75 65 &
1427 2293 210 65 conditione
1593 2293 150 65 ipsius
1698 2293 180 65 praelati
1833 2293 135 65 cuius
1908 2293 75 65 est

214 2349 188 75 exercere
355 2349 141 75 opera
449 2349 235 75 congruentia
637 2349 172 75 statui.
762 2349 172 75 Secundo
888 2349 94 75 ex
935 2349 172 75 ratione
1060 2349 78 75 &
1091 2349 219 75 conditione
1264 2349 157 75 ipsius
1373 2349 172 75 status.
1499 2349 157 75 Tertio
1608 2349 94 75 ex
1655 2349 172 75 ratione
1780 2349 78 75 &
1796 2349 188 75 conditione

211 2401 147 65 operum
314 2401 118 65 quae
388 2401 132 65 debet
476 2401 177 65 exercere
609 2401 162 65 ratione
726 2401 103 65 sui
785 2401 162 65 status.
903 2401 177 65 Secundum
1035 2401 177 65 vtramque
1168 2401 118 65 enim
1241 2401 177 65 rationem
1374 2401 177 65 intantum
1506 2401 177 65 excedunt
1639 2401 147 65 status
1742 2401 74 65 &
1771 2401 132 65 opera
1845 2401 132 65 praela-

206 2457 134 65 torum
296 2457 149 65 statum
400 2457 75 65 &
430 2457 134 65 opera
520 2457 239 65 religiosorum
714 2457 120 65 quod
789 2457 134 65 nullo
878 2457 120 65 modo
953 2457 134 65 poent
1043 2457 134 65 votum
1132 2457 120 65 illa
1207 2457 209 65 parificare
1371 2457 149 65 istis.
1476 2457 149 65 Primum
1581 2457 149 65 patet:
1685 2457 120 65 quia
1760 2457 149 65 quando
1850 2457 134 65 aliquis

208 2511 217 64 religiosus
379 2511 186 64 deductus
519 2511 109 64 est
581 2511 93 64 ad
628 2511 155 64 summum
736 2511 171 64 aliquid
860 2511 78 64 &
891 2511 202 64 perfectum
1047 2511 109 64 per
1109 2511 155 64 opera,
1217 2511 171 64 propria
1342 2511 217 64 religioni:
1512 2511 124 64 tunc
1590 2511 140 64 primo
1683 2511 109 64 est
1745 2511 171 64 idoneus
1869 2511 93 64 vt
1900 2511 78 64 as-

209 2560 160 70 sumatur
326 2560 87 70 in
370 2560 189 70 praelatum
515 2560 87 70 ad
559 2560 204 70 exercendum
719 2560 131 70 opera
806 2560 247 70 praelationis.
1010 2560 131 70 Debet
1097 2560 116 70 enim
1170 2560 189 70 praelatus
1316 2560 131 70 stati
1403 2560 116 70 esse
1476 2560 87 70 in
1519 2560 116 70 omni
1592 2560 146 70 genere
1694 2560 175 70 virtutis
1825 2560 189 70 excelsus:

201 2614 192 67 dicente
340 2614 174 67 Grego.
462 2614 105 67 i.
514 2614 174 67 paste.
636 2614 122 67 xi.
706 2614 139 67 Ille
793 2614 157 67 modis
898 2614 192 67 omnibus
1037 2614 157 67 debet
1142 2614 105 67 ad
1194 2614 209 67 exemplum
1351 2614 192 67 viuendi
1491 2614 209 67 protrahi
1648 2614 122 67 qui
1717 2614 192 67 cunctis
1840 2614 139 67 carnis

205 2670 252 77 passionibus
406 2670 184 77 moriens
541 2670 117 77 iam
608 2670 285 77 spiritualiter
843 2670 168 77 viuit:
960 2670 117 77 qui
1027 2670 201 77 prospera
1178 2670 151 77 mundi
1279 2670 235 77 postponit:
1463 2670 117 77 qui
1530 2670 151 77 nulla
1631 2670 184 77 aduersa
1748 2670 235 77 pertimescit:

212 2738 117 58 qui
279 2738 134 58 sola
363 2738 184 58 interna
496 2738 234 58 desiderat.
680 2738 100 58 De
730 2738 117 58 hoc
797 2738 150 58 etiam
898 2738 150 58 satis
998 2738 117 58 est
1065 2738 167 58 dictum
1182 2738 167 58 supra.
1299 2738 134 58 Hinc
1382 2738 150 58 dicit
1483 2738 134 58 Amb.
1566 2738 150 58 libro
1666 2738 100 58 de
1717 2738 217 58 dignitate
1867 2738 117 58 sacer

207 2778 190 69 dotali.
345 2778 173 69 Audite
466 2778 173 69 stirps
586 2778 224 69 leuitica:
759 2778 173 69 germen
880 2778 276 69 sacerdotale:
1104 2778 190 69 propago
1242 2778 293 69 sanctificata:
1484 2778 155 69 duces
1587 2778 86 69 &
1622 2778 207 69 rectores
1777 2778 173 69 gregis
1880 2778 104 69 Chri

209 2828 121 72 sti.
285 2828 76 72 &
315 2828 152 72 infra.
421 2828 121 72 Haec
497 2828 106 72 nos
557 2828 227 72 praemisisse
739 2828 152 72 debetl
845 2828 212 72 cognoscere
1012 2828 91 72 vt
1058 2828 242 72 ostenderemus
1255 2828 136 72 nihil
1345 2828 121 72 esse
1421 2828 91 72 in
1467 2828 106 72 hoc
1527 2828 167 72 saeculo
1649 2828 242 72 excellentius
1846 2828 167 72 sacerdo

205 2895 140 60 tibus:
303 2895 126 60 nihil
387 2895 182 60 sublimius
526 2895 140 60 epseis
624 2895 168 60 repeiri:
750 2895 84 60 vt
792 2895 98 60 cum
848 2895 126 60 digne
931 2895 210 60 modostramus
1099 2895 112 60 quid
1169 2895 126 60 sumus
1253 2895 223 60 professione,
1434 2895 112 60 quid
1504 2895 140 60 sumus,
1602 2895 154 60 actione
1714 2895 140 60 potius
1811 2895 112 60 quam
1867 2895 112 60 nomine

201 2938 285 66 demonstremus.
436 2938 201 66 Secundum
587 2938 168 66 patet:
704 2938 134 66 quia
788 2938 101 66 in
839 2938 134 66 illo
922 2938 151 66 statu
1023 2938 151 66 casus
1124 2938 184 66 grauior
1258 2938 117 66 est
1325 2938 134 66 ergo
1409 2938 218 66 econuerso
1576 2938 151 66 debet
1677 2938 134 66 esse
1761 2938 218 66 perfectus
1912 2938 67 66 ma

203 2994 120 70 ior:
278 2994 90 70 vt
323 2994 136 70 etiam
414 2994 151 70 dictum
519 2994 105 70 est
579 2994 105 70 per
640 2994 211 70 Augustinus
805 2994 136 70 supra
896 2994 90 70 ex
941 2994 181 70 epistola
1076 2994 90 70 ad
1122 2994 196 70 Valerium.
1272 2994 120 70 hinc
1347 2994 136 70 dicit
1438 2994 120 70 Amb.
1513 2994 105 70 vbi
1573 2994 151 70 supra.
1679 2994 136 70 Sicut
1769 2994 166 70 diximus
1875 2994 105 70 nihil

207 3046 121 71 esse
283 3046 136 71 epseo
374 3046 243 71 excellentius
571 3046 106 71 sic
631 3046 136 71 nihil
722 3046 106 71 est
783 3046 243 71 miserabilius
980 3046 91 71 si
1026 3046 91 71 de
1071 3046 152 71 sancta
1177 3046 121 71 vita
1253 3046 258 71 periclitetur:
1465 3046 91 71 si
1511 3046 182 71 sacerdos
1647 3046 91 71 in
1693 3046 167 71 crimine
1814 3046 197 71 teneatur:

202 3106 90 88 &
238 3106 108 88 vt
292 3106 181 88 leuius
419 3106 126 88 est
491 3106 108 88 de
545 3106 162 88 plano
653 3106 235 88 corruere:
834 3106 126 88 sic
906 3106 199 88 grauius
1050 3106 126 88 est
1123 3106 126 88 qui
1195 3106 108 88 de
1249 3106 199 88 sublimi
1393 3106 235 88 ceciderit
1574 3106 253 88 dignitate.
1772 3106 90 88 &
1808 3106 217 88 caetera.
