2402 3726
85 230 114 100 tus
150 230 163 100 petere
264 230 212 100 licentiam
427 230 98 100 vt
476 230 163 100 frater
590 230 163 100 possit
704 230 212 100 absoluere
867 230 147 100 (quia
965 230 114 100 hoc
1030 230 147 100 habet
1128 230 98 100 ex
1177 230 228 100 priuilegio
1356 230 179 100 fratrum
1486 230 98 100 vt
1535 230 147 100 puto,
1633 230 147 100 licet
1715 230 130 100 aliqui

84 312 105 73 hoc
144 312 149 73 negent
248 312 90 73 vt
293 312 105 73 iam
353 312 135 73 infra
443 312 209 73 videbitur)
607 312 105 73 sed
667 312 90 73 vt
712 312 224 73 abstrahatur
891 312 75 73 a
921 312 164 73 vinculo
1041 312 105 73 quo
1101 312 194 73 obligatus
1250 312 105 73 est
1310 312 194 73 sacerdoti
1459 312 105 73 per
1519 312 179 73 statutum
1654 312 179 73 generale
1788 312 90 73 ad

89 366 258 68 confitendum
295 366 120 68 ei:
364 366 155 68 alias
467 366 138 68 enim
553 366 223 68 teneretur
725 366 172 68 redire
845 366 103 68 ad
897 366 120 68 eum
965 366 103 68 ad
1017 366 189 68 iterato
1154 366 258 68 confitendum
1361 366 155 68 eidem
1464 366 206 68 confessa
1619 366 189 68 fratri.
1739 366 103 68 CON-

97 414 143 77 trarii
197 414 129 77 autem
282 414 200 77 econtrario
440 414 86 77 ad
483 414 229 77 confirmandum
668 414 214 77 intentionem
840 414 114 77 suam
911 414 100 77 quo
968 414 86 77 ad
1011 414 214 77 intellectum
1183 414 186 77 priuilegi
1326 414 171 77 scilicet
1454 414 114 77 quod
1526 414 86 77 in
1569 414 200 77 priuilegio
1711 414 129 77 fratrum

94 473 105 67 non
154 473 105 67 sit
214 473 135 67 casus
303 473 164 67 aliquis
423 473 90 67 de
468 473 164 67 iterato
587 473 209 67 confitendo
752 473 164 67 peccata
871 473 149 67 eadem:
976 473 149 67 Dicunt
1081 473 120 67 quod
1155 473 179 67 hactenus
1290 473 224 67 surrexerunt
1469 473 149 67 quidam
1574 473 179 67 dicentes
1708 473 120 67 quod
1768 473 75 67 fra

99 533 124 65 tres
176 533 108 65 non
238 533 186 65 poterant
377 533 155 65 audire
486 533 248 65 confessiones
687 533 77 65 &
718 533 201 65 absoluere
873 533 77 65 a
904 533 186 65 peccatis
1043 533 139 65 licet
1136 533 139 65 super
1229 533 108 65 hoc
1291 533 155 65 essent
1400 533 217 65 licentiati
1570 533 77 65 a
1601 533 217 65 superiori,
1756 533 93 65 nisi

92 589 112 62 cum
156 589 112 62 hoc
220 589 144 62 adhuc
316 589 160 62 essent
429 589 224 62 licentiati
605 589 80 62 a
637 589 192 62 curatis.
781 589 80 62 &
813 589 112 62 hoc
877 589 144 62 ideo,
974 589 128 62 quia
1054 589 144 62 licet
1150 589 176 62 fratres
1278 589 112 62 per
1342 589 240 62 priuilegium
1534 589 80 62 a
1567 589 208 62 superiore
1727 589 144 62 datum

91 632 184 68 haberent
229 632 153 68 claues
336 632 169 68 solutas
459 632 123 68 quas
536 632 123 68 sine
612 632 215 68 priuilegio
781 632 184 68 haberent
919 632 184 68 ligatas:
1057 632 138 68 tamen
1149 632 107 68 per
1211 632 123 68 tale
1288 632 246 68 priuilegium,
1487 632 169 68 populus
1610 632 107 68 non
1671 632 138 68 esset
1748 632 92 68 ffi-

97 688 112 66 bus
161 688 224 66 subiectus.
337 688 80 66 &
369 688 128 66 ideo
449 688 144 66 adhuc
545 688 208 66 oporteret
706 688 176 66 populum
834 688 224 66 licentiari
1010 688 80 66 a
1042 688 160 66 curati
1154 688 96 66 vt
1202 688 160 66 posset
1314 688 80 66 a
1346 688 208 66 fratribus
1507 688 192 66 absolui.
1651 688 80 66 &
1683 688 112 66 hoc
1747 688 128 66 (pro

113 753 88 65 ut
157 753 160 65 dicunt)
274 753 190 65 attendens
420 753 117 65 papa
493 753 160 65 Clemens
609 753 204 65 declarauit
770 753 117 65 quod
843 753 88 65 in
886 753 263 65 confessionibus
1105 753 190 65 audiendis
1251 753 73 65 a
1280 753 146 65 fribus
1382 753 102 65 non
1441 753 160 65 oportet
1557 753 292 65 requitilicentiam
1791 753 58 65 cu

96 799 173 70 ratorum
222 799 267 70 parochialium,
442 799 157 70 dicens
552 799 126 70 sic.
630 799 157 70 Quidam
740 799 157 70 temere
850 799 110 70 &c.
913 799 94 70 vt
960 799 110 70 iam
1023 799 189 70 patebit.
1165 799 110 70 Sed
1228 799 126 70 dico
1306 799 126 70 quod
1385 799 157 70 reuera
1495 799 110 70 hoc
1557 799 126 70 quod
1636 799 126 70 illi
1699 799 157 70 insurgen

107 857 93 61 tes
160 857 133 61 contra
253 857 146 61 fratres
359 857 146 61 dixert:
466 857 106 61 quod
532 857 160 61 scilicet
652 857 80 61 cu
692 857 93 61 hoc
745 857 106 61 quod
812 857 106 61 fies
878 857 133 61 essent
971 857 186 61 licentiati
1118 857 67 61 a
1144 857 173 61 superiori
1277 857 173 61 praelato,
1410 857 173 61 oporteret
1543 857 93 61 est
1596 857 93 61 eos
1650 857 200 61 licentiaria
1796 857 53 61 pa

102 916 188 67 rochiali
243 916 204 67 sacerdote
400 916 94 67 ad
447 916 110 67 hoc
510 916 94 67 vt
557 916 172 67 habeant
682 916 157 67 claues
792 916 172 67 solutas
917 916 78 67 &
948 916 172 67 possint
1073 916 219 67 absoluere,
1246 916 219 67 quaessatum
1418 916 110 67 est
1481 916 110 67 per
1543 916 266 67 declarationem
1747 916 94 67 Cle-

109 957 152 69 mentis.
220 957 97 69 Sed
275 957 111 69 quod
344 957 97 69 cum
399 957 97 69 hoc
455 957 111 69 quod
524 957 111 69 fres
593 957 138 69 essent
689 957 193 69 licentiati
841 957 69 69 a
869 957 180 69 superiori
1007 957 166 69 praelato
1132 957 97 69 per
1187 957 207 69 priuilegium
1353 957 180 69 generale:
1491 957 180 69 oporteret
1629 957 166 69 subditos
1753 957 69 69 a
1767 957 83 69 paro

113 1010 155 69 chiali
222 1010 202 69 sacerdote
378 1010 140 69 etiam
471 1010 218 69 licentiari
642 1010 93 69 ad
688 1010 109 69 hoc
751 1010 93 69 vt
797 1010 155 69 posset
906 1010 155 69 fribus
1015 1010 202 69 confiteri
1170 1010 78 69 &
1201 1010 93 69 ab
1248 1010 140 69 ipsis
1341 1010 186 69 absolui,
1481 1010 109 69 hoc
1543 1010 155 69 contra
1652 1010 186 69 subditos
1776 1010 78 69 com

106 1072 177 60 fitentes
239 1072 207 60 fratribus,
401 1072 103 60 non
460 1072 133 60 autem
549 1072 148 60 contra
652 1072 133 60 fres,
741 1072 177 60 videntur
874 1072 177 60 sensisse
1007 1072 103 60 duo
1066 1072 177 60 solemnes
1199 1072 221 60 glossatores
1376 1072 133 60 iuris
1464 1072 177 60 canonici
1597 1072 177 60 scilicet
1715 1072 133 60 Bernar-

118 1130 99 64 dus
174 1130 71 64 &
203 1130 156 64 dominus
316 1130 198 64 Ostiensis.
472 1130 184 64 Bernardus
614 1130 99 64 eim
670 1130 170 64 inglossa
798 1130 113 64 supe
869 1130 127 64 illam
954 1130 156 64 literam
1067 1130 127 64 Omnis
1152 1130 184 64 vtriusque
1294 1130 127 64 sexus
1379 1130 99 64 &c.
1435 1130 127 64 super
1520 1130 113 64 illo
1591 1130 127 64 verbo
1676 1130 142 64 Siquis
1761 1130 85 64 alie

102 1181 94 61 no
149 1181 203 61 sacerdoti
305 1181 109 61 &c.
368 1181 140 61 dicit
461 1181 125 61 sic.
539 1181 156 61 Alieno
648 1181 203 61 sacerdoti
804 1181 234 61 executionem
991 1181 187 61 habenti.
1132 1181 109 61 Hoc
1194 1181 125 61 dico
1272 1181 172 61 proptur
1397 1181 140 61 illos
1490 1181 218 61 sacerdores
1662 1181 125 61 siue
1724 1181 125 61 saecun

111 1226 144 68 lares
207 1226 128 68 siue
287 1226 208 68 regulares
447 1226 112 68 qui
511 1226 112 68 non
575 1226 160 68 habent
687 1226 240 68 executionem
879 1226 144 68 ordis
975 1226 272 68 sacerdotalis.
1198 1226 112 68 Sed
1262 1226 128 68 ecce
1342 1226 272 68 praedicatores
1566 1226 80 68 &
1598 1226 176 68 fratres
1710 1226 144 68 minores

110 1286 110 68 vel
173 1286 126 68 alii
252 1286 204 68 religiosi
409 1286 110 68 non
471 1286 188 68 habentes
613 1286 173 68 populum
738 1286 157 68 habent
848 1286 236 68 priuilegium
1037 1286 94 68 vt
1084 1286 173 68 alienos
1209 1286 236 68 parochianos
1398 1286 173 68 possint
1523 1286 188 68 recipere
1665 1286 94 68 ad
1696 1286 157 68 poenitem

106 1334 131 66 tiam:
194 1334 160 66 numquid
310 1334 174 66 sufficit
441 1334 218 66 priuilegium
615 1334 87 66 vt
659 1334 204 66 prochianum
819 1334 160 66 alienum
935 1334 160 66 possint
1051 1334 174 66 recipere
1182 1334 87 66 ad
1226 1334 233 66 poenitentiam
1415 1334 116 66 sine
1488 1334 189 66 licentia,
1633 1334 160 66 proprii
1735 1334 116 66 sacer-

112 1388 140 67 dotil:
210 1388 126 67 Dicas
294 1388 112 67 quod
364 1388 98 67 non
420 1388 168 67 sufficit
546 1388 210 67 priuilegium
714 1388 112 67 sine
784 1388 168 67 licentia
910 1388 98 67 sui
966 1388 210 67 sacerdotis.
1135 1388 210 67 priuilegium
1303 1388 112 67 enim
1373 1388 98 67 eos
1429 1388 196 67 aequiparat
1583 1388 126 67 illis
1667 1388 98 67 qui
1723 1388 84 67 ab
1751 1388 98 67 epsis

105 1446 270 68 praeficiuntur,
330 1446 75 68 &
360 1446 105 68 dat
420 1446 105 68 eis
480 1446 135 68 solam
571 1446 240 68 executionem,
766 1446 75 68 &
796 1446 105 68 ita
856 1446 210 68 necessaria
1021 1446 105 68 est
1081 1446 135 68 adhuc
1171 1446 195 68 licentia,
1321 1446 165 68 proprii
1442 1446 225 68 sacerdotis.
1622 1446 90 68 Si
1667 1446 120 68 enim
1742 1446 90 68 de
1772 1446 75 68 dua

110 1494 106 70 bus
170 1494 242 70 seruitutibus
367 1494 106 70 vna
427 1494 196 70 tollitur,
578 1494 166 70 remanet
699 1494 166 70 altera.
820 1494 106 70 Has
881 1494 136 70 autem
971 1494 121 70 duas
1047 1494 212 70 seruitutes
1213 1494 121 70 vnam
1289 1494 196 70 intelligo
1440 1494 91 70 ex
1485 1494 136 70 parte
1576 1494 181 70 fratrum,
1712 1494 121 70 quae
1772 1494 76 70 tol

106 1555 125 61 litur
190 1555 97 61 per
245 1555 223 61 priuilegium:
426 1555 111 61 sine
496 1555 97 61 quo
551 1555 97 61 non
607 1555 153 61 possent
718 1555 153 61 populum
829 1555 195 61 absoluere.
983 1555 153 61 alteram
1094 1555 83 61 ex
1136 1555 125 61 parte
1219 1555 153 61 populi,
1330 1555 111 61 quae
1400 1555 167 61 tollitur
1525 1555 97 61 per
1581 1555 153 61 proprii
1678 1555 167 61 sacerdotis

112 1606 218 68 licentiam:
284 1606 125 68 sine
362 1606 109 68 qua
424 1606 109 68 non
487 1606 156 68 posset
596 1606 172 68 populus
721 1606 78 68 a
752 1606 156 68 fratre
861 1606 172 68 absolui
986 1606 94 68 sm
1033 1606 218 68 Bernardum.
1204 1606 172 68 Despens
1329 1606 140 68 etiam
1423 1606 203 68 Ostiensis
1579 1606 94 68 in
1626 1606 109 68 suo
1688 1606 187 68 apparatu

112 1661 129 63 super
198 1661 129 63 eadem
283 1661 100 63 lra
341 1661 72 63 &
369 1661 129 63 super
455 1661 129 63 eodem
541 1661 129 63 verbo
627 1661 129 63 dicit
713 1661 115 63 sic.
785 1661 100 63 Sed
842 1661 100 63 nec
899 1661 157 63 putamus
1014 1661 115 63 quod
1085 1661 243 63 quantuncumque
1286 1661 86 63 ex
1329 1661 172 63 generali
1457 1661 172 63 licentia
1586 1661 200 63 confitenti
1744 1661 100 63 vel
1787 1661 57 63 sa

114 1719 255 63 cerdotidata
318 1719 255 63 confiteatur
522 1719 136 63 quis
607 1719 187 63 praeter
743 1719 255 63 parochialis
947 1719 187 63 proprii
1082 1719 238 63 licentiam,
1269 1719 170 63 saltem
1388 1719 187 63 quantum
1524 1719 102 63 ad
1575 1719 272 63 confessionem
1779 1719 68 63 se

111 1767 108 69 mel
172 1767 93 69 in
219 1767 124 69 anno
296 1767 217 69 faciendam,
467 1767 124 69 huic
544 1767 170 69 statuto
668 1767 248 69 praeiudicari
869 1767 170 69 debeat:
993 1767 124 69 immo
1071 1767 139 69 adhuc
1164 1767 217 69 requirenda
1334 1767 108 69 est
1396 1767 186 69 licentia
1535 1767 217 69 sacerdotis
1690 1767 155 69 parochia

110 1820 107 65 lis
171 1820 123 65 nisi
248 1820 107 65 hoc
309 1820 215 65 exprimatur
478 1820 123 65 quod
555 1820 138 65 istud
647 1820 153 65 liceat
754 1820 123 65 sine
831 1820 107 65 sua
892 1820 200 65 licentia.
1046 1820 200 65 Intelligo
1199 1820 215 65 obtinenda,
1368 1820 77 65 &
1399 1820 107 65 hoc
1460 1820 107 65 non
1522 1820 107 65 pro
1583 1820 153 65 fratre
1691 1820 92 65 vt
1721 1820 123 65 possit

118 1875 205 67 absoluere,
280 1875 103 67 sed
338 1875 147 67 potius
441 1875 103 67 pro
499 1875 161 67 subdito
617 1875 88 67 vt
661 1875 147 67 possit
763 1875 73 67 a
793 1875 147 67 fratre
895 1875 176 67 absolui.
1027 1875 117 67 lpse
1100 1875 117 67 enim
1174 1875 161 67 dominus
1291 1875 191 67 Ostiensis
1438 1875 147 67 dictam
1540 1875 205 67 sententiam
1687 1875 161 67 confirmat

110 1930 101 75 per
167 1930 158 75 glossam
282 1930 173 75 Bernardi
412 1930 173 75 subdens.
541 1930 115 75 ldem
613 1930 158 75 videtur
728 1930 101 75 hic
785 1930 173 75 sensisse
915 1930 158 75 Bernar.
1030 1930 144 75 dicens
1130 1930 115 75 quod
1202 1930 101 75 per
1260 1930 129 75 talem
1346 1930 230 75 indulgentiam
1533 1930 101 75 non
1590 1930 158 75 videtur
1705 1930 129 75 tolli
1777 1930 72 75 spe

117 1982 159 68 cialis
228 1982 207 68 licentia,
388 1982 127 68 immo
467 1982 159 68 restat
578 1982 191 68 petenda,
722 1982 143 68 sicut
817 1982 80 68 &
849 1982 111 68 vna
912 1982 223 68 seruitutae
1087 1982 175 68 sublata
1215 1982 175 68 remanet
1342 1982 175 68 altera.
1469 1982 111 68 sed
1533 1982 111 68 per
1596 1982 111 68 hoc
1660 1982 95 68 in
1708 1982 143 68 nullo
1787 1982 64 68 mi

112 2029 157 82 noratur
226 2029 172 82 potentia
355 2029 157 82 fratris
469 2029 86 82 de
512 2029 200 82 absoluendo
669 2029 157 82 actiue.
784 2029 86 82 Et
827 2029 100 82 sic
884 2029 100 82 cum
941 2029 157 82 dominus
1055 2029 186 82 Ostiensis
1198 2029 114 82 suam
1270 2029 200 82 sententiam
1427 2029 186 82 confirmet
1570 2029 100 82 per
1627 2029 157 82 glossam
1742 2029 114 82 Ber.
1799 2029 57 82 pa

117 2091 100 67 tet
174 2091 115 67 quod
246 2091 158 67 tempore
361 2091 187 67 Ostiensis
504 2091 100 67 non
562 2091 115 67 fuit
633 2091 144 67 glossa
734 2091 115 67 Ber.
805 2091 201 67 reprobata.
963 2091 100 67 Qui
1021 2091 129 67 tamen
1107 2091 187 67 Ostiensis
1250 2091 158 67 vltimus
1365 2091 215 67 glossatorum
1537 2091 129 67 fuit:
1623 2091 72 67 &
1652 2091 86 67 di
1681 2091 172 67 scripsisse

119 2142 161 76 glossas
236 2142 117 76 suas
309 2142 131 76 super
397 2142 204 76 decretales
557 2142 161 76 tempore
674 2142 146 76 domini
776 2142 190 76 Clementis
922 2142 146 76 papae,
1024 2142 131 76 licet
1112 2142 146 76 aliqui
1214 2142 146 76 dicant
1316 2142 117 76 quod
1389 2142 131 76 dicta
1477 2142 146 76 glossa
1579 2142 161 76 Bernar.
1681 2142 161 76 reprobata

120 2197 115 67 fuit
192 2197 101 67 per
249 2197 158 67 literam
364 2197 144 67 domini
465 2197 187 67 Clementis
609 2197 144 67 Quidam
709 2197 187 67 temerarie
853 2197 201 67 sentientes
1012 2197 101 67 &c.
1069 2197 144 67 Dicunt
1170 2197 115 67 enim
1242 2197 187 67 contrarii
1386 2197 115 67 quod
1458 2197 144 67 talium
1558 2197 216 67 assertionem
1731 2197 72 67 &
1745 2197 101 67 talem

114 2243 223 81 sententiam
289 2243 207 81 aliquorum
448 2243 207 81 attendens
607 2243 175 81 Clemens
734 2243 127 81 papa
814 2243 223 81 declarauit
989 2243 127 81 quod
1068 2243 95 81 in
1116 2243 286 81 confessionibus
1354 2243 207 81 audiendis
1513 2243 79 81 a
1545 2243 207 81 fratribus
1704 2243 111 81 non
1752 2243 95 81 opor

112 2302 105 68 tet
172 2302 166 68 requiri
293 2302 196 68 licentiam
443 2302 211 68 sacerdotum
609 2302 241 68 parochialium
805 2302 136 68 etiam
896 2302 75 68 a
926 2302 196 68 subditis.
1076 2302 121 68 Quid
1152 2302 136 68 tamen
1242 2302 105 68 (ut
1302 2302 181 68 videtur)
1438 2302 105 68 non
1498 2302 105 68 est
1559 2302 226 68 vsquequaque
1724 2302 121 68 verum.

116 2357 87 69 Ad
160 2357 131 69 cuius
247 2357 189 69 pleniorem
392 2357 218 69 intellectum
567 2357 102 69 est
625 2357 232 69 aduertendum:
814 2357 116 69 quod
886 2357 87 69 sm
930 2357 116 69 quod
1003 2357 102 69 iam
1061 2357 189 69 innuebant
1206 2357 160 69 Bernar.
1322 2357 73 69 &
1351 2357 189 69 Ostiensis
1496 2357 116 69 alia
1569 2357 102 69 est
1627 2357 174 69 licentia
1758 2357 116 69 quae

113 2407 236 71 licentiatur
302 2407 204 71 confessor
459 2407 94 71 vt
506 2407 173 71 solutis
632 2407 188 71 clauibus
773 2407 157 71 possit
883 2407 157 71 audire
993 2407 251 71 confessiones
1197 2407 220 71 subditorum
1370 2407 188 71 alterius
1511 2407 79 71 &
1543 2407 141 71 illos
1637 2407 220 71 absoluere:
1794 2407 47 71 &

119 2464 116 70 alia
191 2464 101 70 est
249 2464 101 70 qua
307 2464 188 70 confitens
452 2464 217 70 licentiatur
626 2464 87 70 vt
669 2464 145 70 possit
771 2464 145 70 alteri
872 2464 188 70 confiteri
1017 2464 116 70 quam
1089 2464 101 70 suo
1147 2464 203 70 parochiali
1307 2464 72 70 &
1336 2464 87 70 ab
1379 2464 116 70 illo
1452 2464 174 70 absolui.
1582 2464 87 70 Ad
1626 2464 101 70 hoc
1684 2464 116 70 enim
1756 2464 116 70 quod

120 2519 183 65 sacerdos
257 2519 168 65 alienus
379 2519 153 65 possit
486 2519 198 65 absoluere
639 2519 107 65 cum
700 2519 168 65 effectu
822 2519 183 65 subditos
959 2519 214 65 sacerdotum
1127 2519 260 65 parochialium,
1341 2519 107 65 non
1402 2519 137 65 solum
1494 2519 214 65 requiritur
1662 2519 183 65 licentia
1784 2519 61 65 vt

117 2569 117 69 ille
191 2569 176 69 sacerdos
322 2569 161 69 alienus
440 2569 146 69 habeat
542 2569 146 69 claues
645 2569 176 69 solutas,
777 2569 103 69 sed
835 2569 132 69 etiam
923 2569 205 69 requiritur
1084 2569 176 69 licentia
1216 2569 88 69 vt
1260 2569 176 69 subditus
1392 2569 161 69 alienus
1509 2569 88 69 ei
1553 2569 190 69 subdatur,
1700 2569 73 69 &
1729 2569 103 69 per
1773 2569 73 69 hoc

119 2628 117 64 vsus
192 2628 161 64 clauium
309 2628 205 64 sacerdotis
470 2628 146 64 alieni
572 2628 132 64 circa
660 2628 132 64 ipsum
748 2628 146 64 possit
850 2628 161 64 hatrene
967 2628 190 64 effectum:
1113 2628 88 64 vt
1157 2628 88 64 sm
1201 2628 102 64 hoc
1259 2628 175 64 licentia
1391 2628 175 64 generali
1522 2628 102 64 qua
1581 2628 88 64 ex
1625 2628 132 64 parte
1698 2628 146 64 confesso

117 2675 97 69 ris
172 2675 179 69 soluuntur
310 2675 138 69 claues
407 2675 124 69 quasi
490 2675 97 69 vna
545 2675 179 69 seruitus,
683 2675 97 69 non
738 2675 166 69 soluitur
863 2675 179 69 obligatio
1001 2675 152 69 subditi
1111 2675 207 69 confitentis
1277 2675 124 69 quasi
1360 2675 110 69 alia
1429 2675 166 69 seruitus
1553 2675 83 69 vt
1594 2675 166 69 videtur.
1719 2675 83 69 Et
1746 2675 97 69 videm

122 2728 119 74 turi
196 2728 104 74 hoc
256 2728 134 74 dicti
345 2728 223 74 expositores
523 2728 223 74 consentire,
701 2728 104 74 nec
761 2728 163 74 videtur
880 2728 89 74 in
924 2728 104 74 hoc
984 2728 104 74 eis
1043 2728 223 74 contrariari
1221 2728 163 74 dominus
1340 2728 163 74 Clemens
1459 2728 163 74 quantum
1578 2728 223 74 praetendunt
1741 2728 104 74 verba

116 2789 249 65 declarationis
321 2789 132 65 eius.
409 2789 117 65 lpse
482 2789 117 65 enim
555 2789 88 65 sm
599 2789 146 65 planum
702 2789 176 65 verborum
833 2789 146 65 suorum
936 2789 190 65 solummodo
1082 2789 176 65 loquitur
1214 2789 88 65 de
1258 2789 176 65 licentia
1389 2789 176 65 concessa
1521 2789 219 65 confessori,
1697 2789 132 65 quasi
1770 2789 73 65 con

115 2835 102 79 tra
174 2835 146 79 nescio
276 2835 117 79 quos
350 2835 220 79 temerarios,
525 2835 102 79 qui
584 2835 176 79 dicebant
716 2835 117 79 quod
789 2835 176 79 licentia
921 2835 73 79 a
950 2835 190 79 superiori
1096 2835 117 79 data
1170 2835 190 79 sacerdoti
1316 2835 146 79 alieno
1418 2835 88 79 in
1462 2835 205 79 praedictis
1623 2835 102 79 non
1667 2835 176 79 sufficeret

114 2887 102 71 nec
173 2887 146 71 claues
275 2887 102 71 sic
333 2887 175 71 perfecte
464 2887 219 71 dissolueret
639 2887 87 71 vt
683 2887 219 71 confitentem
858 2887 117 71 sibi
931 2887 189 71 absoluere
1076 2887 160 71 posset,
1193 2887 131 71 etiam
1281 2887 160 71 quantum
1397 2887 131 71 esset
1485 2887 87 71 de
1528 2887 102 71 se,
1587 2887 117 71 nisi
1660 2887 102 71 cum
1718 2887 102 71 hoc
1762 2887 87 71 ades

116 2942 100 76 set
173 2942 171 76 licentia
301 2942 199 76 sacerdotis
457 2942 228 76 parochialis,
642 2942 114 76 quod
713 2942 100 76 non
770 2942 100 76 est
827 2942 142 76 verum.
926 2942 213 76 Glossatores
1097 2942 128 76 autem
1183 2942 128 76 dicti
1268 2942 142 76 dicunt
1367 2942 114 76 quod
1439 2942 100 76 cum
1495 2942 171 76 licentia
1623 2942 114 76 data
1680 2942 171 76 confessori

118 2995 170 82 generali
246 2995 199 82 priuilegio
402 2995 114 82 quae
473 2995 156 82 quantum
587 2995 99 82 est
643 2995 85 82 de
686 2995 85 82 se
729 2995 142 82 possit
828 2995 185 82 absoluere
970 2995 114 82 sibi
1041 2995 227 82 confitentes,
1226 2995 199 82 requiritur
1382 2995 170 82 licentia
1510 2995 142 82 curati
1609 2995 213 82 parochialis
1766 2995 85 82 data

115 3051 191 67 confitenti
266 3051 82 67 vt
307 3051 137 67 possit
402 3051 82 67 ab
444 3051 137 67 alieno
539 3051 178 67 sacerdote
676 3051 150 67 absolui
785 3051 96 67 cum
840 3051 164 67 effectu.
963 3051 82 67 Et
1004 3051 109 67 quod
1073 3051 96 67 ita
1127 3051 109 67 sit,
1196 3051 150 67 videtur
1305 3051 205 67 praetendere
1469 3051 109 67 lira
1537 3051 137 67 domini
1633 3051 191 67 Clementis:
1770 3051 82 67 quae

115 3116 108 71 sic
176 3116 139 71 dicit
269 3116 169 71 loquens
392 3116 169 71 fribus.
515 3116 154 71 Quidam
623 3116 216 71 temerariae
792 3116 216 71 sentientes
962 3116 77 71 &
993 3116 92 71 ad
1039 3116 231 71 sobrietatem
1224 3116 154 71 sapere
1331 3116 231 71 nescientes,
1516 3116 216 71 impudenter
1670 3116 185 71 praesumunt
