2427 3752
497 253 279 101 continebantur
727 253 197 101 virtunte
874 253 99 101 in
924 253 131 101 illa
1006 253 279 101 generalitate,
1236 253 99 101 vt
1285 253 115 101 iam
1351 253 181 101 amplius
1482 253 279 101 declarabitur.
1712 253 99 101 Et
1761 253 115 101 sic
1827 253 131 101 illa
1909 253 214 101 clausula,
2073 253 181 101 volumus
2205 253 115 101 au-

495 337 111 60 tem
559 337 111 60 &c.
622 337 111 60 non
686 337 111 60 est
750 337 127 60 nisi
829 337 175 60 quaedam
956 337 223 60 explicatio
1131 337 223 60 intellecti
1306 337 111 60 sub
1370 337 254 60 generalitate
1576 337 207 60 generalis
1735 337 239 60 priuilegii:
1926 337 95 60 vt
1974 337 191 60 tollatur
2117 337 143 60 omnis
2197 337 95 60 occa

494 388 114 70 sio
559 388 130 70 male
640 388 260 70 intelligendi
851 388 146 70 illud
948 388 81 70 &
981 388 162 70 nimium
1095 388 227 70 extendendi
1273 388 227 70 potestatem
1452 388 97 70 in
1500 388 97 70 eo
1549 388 227 70 concessam.
1728 388 179 70 Quoniam
1858 388 130 70 quod
1939 388 97 70 sm
1988 388 211 70 praedicta
2134 388 162 70 concedit

492 439 196 62 subditis
639 439 212 62 implicite
802 439 131 62 quod
884 439 180 62 possunt
1014 439 229 62 licentiati
1194 439 82 62 a
1226 439 261 62 sacerdotibus
1439 439 180 62 absolui
1569 439 82 62 a
1602 439 229 62 fratribus:
1782 439 131 62 bene
1863 439 229 62 praedictus
2043 439 180 62 dominus
2157 439 147 62 Bonauen

492 494 141 63 tura
581 494 159 63 addit
687 494 194 63 subdens
828 494 141 63 post
916 494 247 63 praedicta.
1110 494 141 63 Dico
1198 494 141 63 quod
1287 494 212 63 secundum
1446 494 265 63 intentionem
1657 494 247 63 priuilegii
1852 494 265 63 parochiales
2064 494 141 63 iure
2152 494 124 63 suo
2205 494 88 63 non

502 544 227 64 priuantur:
680 544 130 64 immo
761 544 211 64 faciendum
924 544 114 64 est
989 544 162 64 semper
1102 544 130 64 quod
1183 544 81 64 a
1216 544 130 64 suis
1297 544 243 64 parochianis
1492 544 114 64 eis
1557 544 162 64 debita
1670 544 227 64 reuerentia
1849 544 243 64 exhibeatur.
2043 544 81 64 &
2076 544 130 64 ideo
2157 544 130 64 eius
2222 544 81 64 com

495 604 159 56 silium
606 604 111 56 est
670 604 127 56 quod
750 604 143 56 tales
845 604 239 56 confessores
1036 604 111 56 sic
1099 604 239 56 confitentes
1290 604 207 56 remittant
1449 604 95 56 ad
1497 604 191 56 proprios
1640 604 239 56 sacerdotes,
1831 604 80 56 &
1863 604 95 56 si
1910 604 191 56 sacerdos
2053 604 111 56 non
2117 604 111 56 est
2165 604 127 56 contem

505 652 109 58 tus
567 652 124 58 tali
644 652 248 58 confessione,
846 652 155 58 iterum
954 652 155 58 audiat
1063 652 124 58 eum.
1140 652 93 58 et
1187 652 93 58 si
1233 652 202 58 sacerdote
1388 652 186 58 exigente
1528 652 140 58 nolit
1621 652 202 58 confiteri
1776 652 109 58 vix
1838 652 186 58 crederem
1977 652 140 58 talem
2070 652 186 58 personam
2194 652 93 58 vere

504 706 251 62 poenitentem.
708 706 110 62 Sed
771 706 141 62 sicut
865 706 126 62 modo
944 706 126 62 tali
1022 706 188 62 consilio
1164 706 110 62 non
1226 706 235 62 obtemperant
1415 706 188 62 fratres:
1556 706 110 62 sic
1619 706 110 62 nec
1682 706 173 62 tempore
1807 706 141 62 dicti
1902 706 188 62 magistri
2027 706 267 62 obtemperauerunt

499 755 112 66 sed
563 755 160 66 grauis
675 755 240 66 quaerimonia
867 755 144 66 super
962 755 112 66 hoc
1026 755 144 66 facta
1122 755 128 66 erat
1202 755 160 66 domino
1314 755 224 66 Innocentio
1490 755 160 66 papae.
1602 755 144 66 iiii.
1698 755 96 66 in
1746 755 192 66 concilio
1889 755 208 66 Lugdunen.
2049 755 80 66 m
2081 755 128 66 quod
2145 755 144 66 scribit

511 816 201 60 vniuersis
665 816 217 60 religiosis
836 816 93 60 in
882 816 124 60 illa
960 816 170 60 litera.
1083 816 124 60 Etsi
1161 816 201 60 animarum.
1316 816 108 60 sic
1378 816 201 60 inquiens.
1532 816 108 60 Non
1594 816 139 60 solum
1687 816 155 60 graui,
1796 816 108 60 sed
1857 816 170 60 clamosa
1981 816 186 60 quaerela
2121 816 170 60 nostris
2229 816 62 60 as

499 865 148 55 sidue
597 865 181 55 auribus
729 865 214 55 intimatur
893 865 131 55 quod
975 865 115 55 non
1041 865 148 55 nulli
1139 865 181 55 vestrum
1271 865 131 55 suis
1353 865 181 55 iuribus
1484 865 82 55 &
1517 865 181 55 finibus
1648 865 115 55 non
1714 865 197 55 contenti
1862 865 246 55 parochianos
2059 865 181 55 alienos
2174 865 115 55 prae-

499 920 176 60 sumunt
623 920 176 60 temere
746 920 106 60 ad
798 920 176 60 diuina
921 920 211 60 recipere
1080 920 176 60 contra
1203 920 229 60 canonicas
1379 920 264 60 sanctiones,
1590 920 88 60 &
1625 920 158 60 quasi
1730 920 193 60 caeteri
1871 920 106 60 ad
1924 920 211 60 laicorum
2082 920 193 60 iudicia
2205 920 88 60 exi

500 969 162 71 stant
608 969 162 71 minus
716 969 180 71 idonei
841 969 90 71 &
877 969 216 71 indigni,
1039 969 162 71 velut
1147 969 108 71 ad
1201 969 180 71 morbos
1327 969 216 71 curandos
1488 969 144 71 apud
1578 969 162 71 alios
1686 969 198 71 salubre
1830 969 234 71 consilium
2009 969 270 71 nequiuerint
2225 969 108 71 in

507 1034 183 65 uenire,
641 1034 150 65 licet
741 1034 200 65 dictorum
891 1034 284 65 parochianorum
1124 1034 183 65 iudices
1258 1034 117 65 non
1325 1034 217 65 existant,
1491 1034 100 65 se
1541 1034 183 65 iudices
1675 1034 234 65 facientes,
1858 1034 234 65 periculose
2042 1034 234 65 illudentes
2209 1034 83 65 ip-

511 1081 102 60 sos
570 1081 87 60 in
613 1081 116 60 foro
686 1081 247 60 poenitentiali
889 1081 174 60 iudicant
1020 1081 73 60 &
1049 1081 189 60 absoluunt
1195 1081 102 60 pro
1253 1081 145 60 libito
1355 1081 116 60 suae
1427 1081 218 60 voluntatis.
1602 1081 73 60 &
1631 1081 145 60 infra.
1733 1081 145 60 Sicque
1834 1081 102 60 sit
1892 1081 116 60 quod
1965 1081 174 60 sacerdos
2096 1081 102 60 qui
2140 1081 145 60 recipien

512 1134 92 72 do
558 1134 138 72 curam
650 1134 169 72 ipsorum
772 1134 123 72 suam
849 1134 107 72 pro
910 1134 107 72 eis
972 1134 153 72 animam
1079 1134 215 72 obligauit,
1248 1134 107 72 dum
1309 1134 123 72 sibi
1386 1134 169 72 talitur
1509 1134 245 72 subtrahuntur
1708 1134 153 72 statum
1815 1134 138 72 eorum
1908 1134 184 72 ignorans
2046 1134 107 72 non
2107 1134 153 72 potest
2199 1134 92 72 sana

508 1189 92 72 re
554 1189 123 72 quod
631 1189 92 72 in
677 1189 108 72 eis
738 1189 108 72 est
800 1189 200 72 aegrotum.
953 1189 77 72 &
984 1189 154 72 infra.
1092 1189 92 72 Hi
1138 1189 169 72 denique
1261 1189 215 72 sacerdotes
1430 1189 154 72 nullam
1538 1189 184 72 praesent
1676 1189 92 72 de
1722 1189 108 72 sic
1784 1189 231 72 pereuntibus
1968 1189 184 72 animabus
2107 1189 108 72 deo
2153 1189 138 72 reddere

517 1245 190 62 rationem
660 1245 95 62 in
707 1245 174 62 supremo
834 1245 190 62 iudicio.
976 1245 95 62 Et
1023 1245 95 62 ne
1071 1245 111 62 tam
1134 1245 190 62 abusiuos
1277 1245 190 62 excessus
1419 1245 190 62 videamur
1561 1245 111 62 per
1625 1245 237 62 tolerantiam
1814 1245 237 62 comprobare,
2004 1245 190 62 volentes
2147 1245 95 62 in
2178 1245 111 62 poste

516 1295 109 65 rum
579 1295 156 65 fraeno
688 1295 141 65 iuris
782 1295 250 65 praedictarum
985 1295 297 65 transgressionum
1235 1295 187 65 iniurias
1375 1295 203 65 cohibere,
1532 1295 94 65 ac
1579 1295 187 65 singulis
1719 1295 203 65 ecclesiis
1875 1295 78 65 &
1907 1295 141 65 eorum
2000 1295 203 65 ministris
2156 1295 109 65 sua
2203 1295 94 65 iura

513 1350 201 60 omnimode
664 1350 251 60 conseruari,
865 1350 117 60 nec
932 1350 117 60 non
999 1350 285 60 parochianorum
1234 1350 168 60 saluti
1351 1350 84 60 &
1384 1350 184 60 vestrae
1518 1350 218 60 consulere
1686 1350 101 60 in
1736 1350 117 60 hac
1803 1350 151 60 parte
1904 1350 151 60 circa
2004 1350 218 60 praemissa
2172 1350 117 60 &c.
2222 1350 67 60 vt

510 1405 159 65 statim
622 1405 207 65 sequitur.
781 1405 111 65 Sed
845 1405 159 65 dicunt
956 1405 207 65 contrarii
1115 1405 127 65 quod
1195 1405 159 65 litera
1306 1405 127 65 illa
1386 1405 191 65 reuocata
1529 1405 111 65 est
1593 1405 111 65 per
1657 1405 175 65 dominum
1784 1405 223 65 Alexandrum
1960 1405 191 65 proximum
2087 1405 207 65 successorem

519 1462 163 54 domini
633 1462 228 54 Innocentii
811 1462 228 54 scribentem
990 1462 179 54 omnibus
1120 1462 211 54 praelatis
1283 1462 130 54 haec
1364 1462 163 54 verba.
1478 1462 260 54 Vniuersitati
1689 1462 179 54 vestrae
1819 1462 114 54 per
1885 1462 228 54 apostolica
2063 1462 179 54 scripta
2177 1462 114 54 manda

505 1507 110 62 mus
568 1507 188 62 quatenus
709 1507 110 62 per
772 1507 204 62 huiusmodi
929 1507 172 62 literas
1054 1507 110 62 vel
1117 1507 204 62 occasione
1274 1507 220 62 mandatorum
1446 1507 110 62 seu
1509 1507 251 62 praeceptorum
1713 1507 110 62 aut
1776 1507 220 62 sententiae
1948 1507 125 62 quae
2026 1507 220 62 continent,
2183 1507 110 62 nihil

502 1565 192 71 prorsus
641 1565 192 71 agatis:
780 1565 122 71 cum
850 1565 174 71 nullam
972 1565 209 71 deinceps
1129 1565 244 71 efficaciam
1320 1565 192 71 habeant
1460 1565 122 71 vel
1529 1565 209 71 vigorem.
1686 1565 139 71 Dico
1773 1565 139 71 quod
1860 1565 174 71 litera
1982 1565 174 71 domini
2087 1565 209 71 Innocentii

510 1622 115 60 duo
575 1622 214 60 continet,
740 1622 115 60 vn.
805 1622 197 60 scilicet
953 1622 181 60 antiqua
1084 1622 131 60 iura
1167 1622 131 60 quae
1249 1622 181 60 deducit
1380 1622 99 60 in
1429 1622 181 60 medium,
1561 1622 82 60 &
1594 1622 148 60 nihil
1692 1622 148 60 nouum
1791 1622 99 60 in
1840 1622 197 60 grauamen
1988 1622 197 60 fratrum,
2136 1622 148 60 aliud
2218 1622 82 60 ve-

503 1674 93 62 ro
549 1674 108 62 est
611 1674 139 62 poena
704 1674 155 62 contra
812 1674 294 62 transgressores.
1059 1674 139 62 Dicit
1152 1674 124 62 enim
1229 1674 170 62 dominus
1353 1674 247 62 Innocentius,
1554 1674 186 62 loquendo
1693 1674 201 62 fratribus
1848 1674 108 62 sic
1909 1674 201 62 immediate
2064 1674 124 62 post
2126 1674 170 62 praedicta

510 1722 162 58 Circa
618 1722 234 58 praemissa
798 1722 162 58 nihil
906 1722 162 58 nouum
1014 1722 108 58 in
1068 1722 198 58 vestrum
1212 1722 234 58 inducendo
1392 1722 234 58 grauamen.
1573 1722 144 58 ecce
1663 1722 198 58 primum.
1807 1722 126 58 Sed
1879 1722 198 58 antiqua
2023 1722 90 58 &
2059 1722 198 58 moderna
2185 1722 108 58 iura

498 1779 101 55 in
549 1779 169 55 medium
667 1779 236 55 deducendo.
853 1779 84 55 &
886 1779 169 55 infra.
1004 1779 169 55 Siquis
1123 1779 135 55 vero
1207 1779 186 55 vestrum
1342 1779 236 55 temerarius
1528 1779 152 55 huius
1629 1779 287 55 praeceptionis
1865 1779 270 55 transgressor
2084 1779 118 55 &c.
2152 1779 135 55 Ecce
2219 1779 68 55 se

511 1828 165 72 cundum.
631 1828 120 72 Dico
706 1828 135 72 etiam
797 1828 120 72 quod
872 1828 165 72 dominus
992 1828 195 72 Alexander
1142 1828 105 72 duo
1203 1828 195 72 reuocauit
1353 1828 286 72 correspondentia
1593 1828 150 72 dictis
1699 1828 165 72 duobus.
1819 1828 120 72 vnm.
1894 1828 180 72 scilicet
2029 1828 90 72 ea
2075 1828 120 72 quae
2150 1828 75 72 a
2165 1828 120 72 praede

507 1882 132 67 cesso
595 1882 88 67 re
639 1882 103 67 suo
698 1882 205 67 processere
859 1882 88 67 in
903 1882 176 67 grauamen
1035 1882 249 67 religiosorum.
1240 1882 132 67 aliud
1327 1882 132 67 vere.
1415 1882 176 67 scilicet
1547 1882 146 67 poenam
1650 1882 146 67 contra
1752 1882 264 67 transgressores
1972 1882 205 67 inflictam.
2133 1882 132 67 Dicit
2206 1882 88 67 enim

511 1935 121 65 sic.
587 1935 136 65 Verum
677 1935 121 65 quia
753 1935 136 65 super
844 1935 212 65 praemissis
1011 1935 167 65 literis
1132 1935 182 65 cogitare
1268 1935 197 65 attentius
1420 1935 76 65 &
1450 1935 212 65 studiosius
1616 1935 212 65 deliberare
1783 1935 212 65 proponimus
1950 1935 136 65 pacis
2041 1935 182 65 commodum
2177 1935 76 65 &
2207 1935 121 65 quie

512 1989 98 68 tis
568 1989 169 68 solatium
695 1989 183 68 ecclesiis
835 1989 70 68 &
863 1989 169 68 personis
990 1989 253 68 ecclesiasticis
1200 1989 183 68 potissime
1341 1989 197 68 cupientes,
1495 1989 183 68 praefatas
1636 1989 169 68 literas,
1762 1989 84 68 et
1804 1989 140 68 siquae
1903 1989 126 68 aliae
1987 1989 126 68 super
2071 1989 211 68 praedictis,
2226 1989 70 68 vel

517 2039 131 76 eorum
605 2039 145 76 aliquo
706 2039 145 76 contra
808 2039 189 76 praefatos
954 2039 204 76 religiosos
1113 2039 102 76 vel
1172 2039 160 76 aliquos
1288 2039 87 76 ex
1332 2039 131 76 ipsis
1419 2039 218 76 generaliter
1593 2039 102 76 vel
1651 2039 218 76 specialiter
1826 2039 160 76 praeter
1942 2039 145 76 formam
2044 2039 174 76 communem
2175 2039 73 76 &
2189 2039 102 76 soli-

511 2093 104 67 tam
571 2093 223 67 processere.
749 2093 119 67 Ecce
824 2093 164 67 primum.
943 2093 74 67 &
973 2093 179 67 sequitur
1107 2093 179 67 continue
1241 2093 194 67 secundum.
1390 2093 89 67 Ac
1434 2093 164 67 mandata
1553 2093 104 67 seu
1613 2093 194 67 praecepta
1762 2093 134 67 facta
1851 2093 89 67 in
1896 2093 104 67 eis
1956 2093 104 67 vel
2015 2093 134 67 eorum
2104 2093 223 67 auctoritate

515 2152 177 69 penitus
644 2152 177 69 duximus
772 2152 225 69 reuocanda.
949 2152 177 69 Quantum
1078 2152 129 69 ergo
1158 2152 96 69 ad
1206 2152 161 69 primum
1319 2152 177 69 dominus
1448 2152 209 69 Alexander
1609 2152 145 69 nihil
1705 2152 225 69 reuocauit,
1882 2152 129 69 quia
1962 2152 177 69 dominus
2075 2152 209 69 Innocentius

520 2196 96 84 vt
568 2196 176 84 ipsemet
696 2196 112 84 iam
760 2196 144 84 dixit
856 2196 144 84 nihil
952 2196 144 84 nouum
1048 2196 96 84 in
1096 2196 192 84 grauamen
1240 2196 256 84 religiosorum
1447 2196 176 84 fratrum
1575 2196 192 84 induxit.
1719 2196 112 84 Non
1783 2196 128 84 enim
1863 2196 128 84 puto
1943 2196 128 84 quod
2023 2196 176 84 dominus
2151 2196 176 84 Alexan.

518 2256 229 71 insinuare
694 2256 176 71 voluit
818 2256 194 71 dominum
959 2256 264 71 Innocentium
1170 2256 106 71 in
1223 2256 123 71 hoc
1293 2256 176 71 fuisse
1417 2256 229 71 mentitum.
1593 2256 194 71 Quantum
1733 2256 141 71 vero
1822 2256 106 71 ad
1874 2256 211 71 secundum
2033 2256 158 71 etiam
2139 2256 123 71 non
2191 2256 106 71 puto

512 2314 125 80 quod
590 2314 187 80 intentio
731 2314 156 80 domini
840 2314 203 80 Alexandri
996 2314 156 80 fuerit
1105 2314 187 80 reuocare
1245 2314 171 80 antiqua
1370 2314 125 80 iura
1447 2314 125 80 quae
1525 2314 171 80 dominus
1650 2314 234 80 Innocentius
1837 2314 140 80 dixit
1931 2314 94 80 se
1977 2314 203 80 producere
2133 2314 94 80 in
2164 2314 125 80 medium

514 2369 167 53 quibus
631 2369 200 53 exceptis
782 2369 100 53 vt
832 2369 184 53 videtur
965 2369 150 53 nihil
1066 2369 184 53 praeter
1199 2369 167 53 formam
1316 2369 200 53 communem
1466 2369 84 53 &
1500 2369 184 53 solitam
1634 2369 100 53 in
1684 2369 167 53 litera
1801 2369 167 53 domini
1917 2369 234 53 Innocentii
2085 2369 200 53 processit.

504 2412 129 69 Bene
584 2412 145 69 tamen
681 2412 129 69 puto
761 2412 129 69 quod
842 2412 145 69 omnem
938 2412 161 69 poenam
1051 2412 161 69 contra
1164 2412 290 69 transgressores
1405 2412 145 69 latam
1502 2412 209 69 reuocauit
1662 2412 193 69 scilicet
1807 2412 274 69 inobedientiae
2033 2412 80 69 &
2049 2412 241 69 excommunicati

511 2473 141 63 onis
599 2473 88 63 &
635 2473 282 63 compulsionis
864 2473 106 63 ad
916 2473 247 63 statutorum
1110 2473 282 63 obseruantiam
1339 2473 123 63 per
1410 2473 282 63 dicecesanos.
1638 2473 247 63 Quaecumque
1832 2473 141 63 ergo
1920 2473 194 63 scripta
2061 2473 141 63 sunt
2149 2473 106 63 in
2184 2473 106 63 illa

507 2520 166 82 litera,
628 2520 121 82 Etsi
703 2520 196 82 animarum.
854 2520 136 82 adhuc
945 2520 121 82 rata
1021 2520 121 82 sunt
1096 2520 76 82 &
1126 2520 121 82 esse
1202 2520 151 82 debent
1308 2520 151 82 dictis
1414 2520 151 82 poenis
1519 2520 196 82 extritis.
1670 2520 91 82 Et
1716 2520 106 82 sic
1776 2520 121 82 quod
1852 2520 136 82 dixit
1942 2520 166 82 dominus
2063 2520 136 82 Alex.
2154 2520 91 82 in
2184 2520 106 82 prin-

501 2582 134 71 cipio
590 2582 238 71 reuocationis
783 2582 134 71 suae:
873 2582 104 71 Nec
932 2582 193 71 insolitum
1081 2582 104 71 est
1140 2582 104 71 nec
1199 2582 149 71 nouum:
1303 2582 89 71 vt
1348 2582 89 71 ea
1393 2582 119 71 quae
1467 2582 104 71 per
1526 2582 238 71 occupationem
1719 2582 104 71 vel
1779 2582 253 71 festinationem
1987 2582 149 71 fiunt,
2091 2582 104 71 pro
2150 2582 89 71 eo
2195 2582 119 71 quod

505 2631 214 74 congruae
666 2631 321 74 deliberationis
933 2631 161 74 limam
1040 2631 285 74 praetereunt,
1272 2631 268 74 impensioris
1486 2631 339 74 considerationis
1772 2631 250 74 reducantur
1968 2631 196 74 examine
2111 2631 107 74 vt
2146 2631 143 74 rectio

502 2678 102 78 ra
553 2678 85 78 &
587 2678 239 78 elimatiora
775 2678 119 78 per
843 2678 256 78 attentionem
1048 2678 222 78 plenioris
1218 2678 273 78 discussionis
1440 2678 205 78 emanent,
1593 2678 239 78 nullatenus
1781 2678 119 78 est
1849 2678 239 78 referendum
2036 2678 119 78 (ut
2105 2678 205 78 videtur)

498 2735 112 69 ad
554 2735 187 69 primum
685 2735 317 69 praedictorum.
946 2735 168 69 Illud
1059 2735 149 69 enim
1152 2735 131 69 nec
1227 2735 168 69 nouum
1339 2735 131 69 nec
1413 2735 261 69 insolitum,
1619 2735 131 69 nec
1693 2735 131 69 per
1768 2735 299 69 occupationem
2011 2735 131 69 vel
2067 2735 224 69 festinatio

506 2797 122 56 nem
575 2797 210 56 prolatum
733 2797 140 56 est,
820 2797 122 56 nec
890 2797 210 56 congruam
1048 2797 315 56 deliberationis
1310 2797 157 56 limam
1415 2797 262 56 praeteriuit
1625 2797 105 56 vt
1678 2797 262 56 impensioris
1888 2797 332 56 considerationis
2150 2797 140 56 reduca

501 2845 135 66 tur
578 2845 231 66 examine.
751 2845 135 66 Nec
828 2845 250 66 similiter
1020 2845 269 66 referendum
1231 2845 135 66 est
1308 2845 173 66 illud
1424 2845 115 66 ad
1481 2845 231 66 secundum
1654 2845 135 66 quo
1731 2845 115 66 ad
1789 2845 231 66 mandata,
1962 2845 212 66 propter
2116 2845 135 66 iam
2193 2845 135 66 di-

507 2898 146 70 cta,
598 2898 128 70 sed
671 2898 238 70 solummodo
854 2898 256 70 referendum
1055 2898 128 70 est
1128 2898 164 70 illud
1238 2898 110 70 ad
1292 2898 219 70 secundum
1457 2898 128 70 quo
1530 2898 219 70 scilicet
1694 2898 110 70 ad
1749 2898 201 70 poenas:
1895 2898 146 70 quia
1987 2898 164 70 forte
2096 2898 164 70 nimis
2188 2898 91 70 gra

504 2955 126 68 ues
576 2955 181 68 erant.
703 2955 163 68 super
811 2955 181 68 quibus
937 2955 181 68 dictus
1064 2955 199 68 dominus
1208 2955 235 68 Alexander
1389 2955 253 68 studiosius
1588 2955 253 68 deliberare
1786 2955 253 68 proposuit.
1985 2955 163 68 Sicut
2093 2955 163 68 autem
2184 2955 108 68 tunc

507 3002 154 61 domino
614 3002 215 61 Innocentio
784 3002 138 61 super
876 3002 154 61 factis
984 3002 169 61 fratrum
1107 3002 185 61 secundum
1245 3002 154 61 dictum
1353 3002 138 61 modum
1445 3002 154 61 grauis
1553 3002 138 61 facta
1645 3002 123 61 fuit
1722 3002 246 61 quaerimonia,
1922 3002 108 61 sic
1984 3002 108 61 est
2045 3002 154 61 nostro
2138 3002 138 61 tempore

500 3064 177 53 consilis
633 3064 221 53 quaerimonia
809 3064 74 53 &
839 3064 132 53 super
927 3064 162 53 consili
1045 3064 132 53 facto
1133 3064 191 53 proposita
1280 3064 118 53 fuit
1354 3064 147 53 domino
1457 3064 177 53 Martino,
1589 3064 74 53 &
1619 3064 191 53 similiter
1766 3064 147 53 domino
1869 3064 177 53 Honorio,
2001 3064 74 53 &
2031 3064 132 53 adhuc
2104 3064 177 53 proponitur

503 3109 147 94 domino
606 3109 176 94 Nicolao.
738 3109 147 94 Vtinam
840 3109 117 94 ergo
914 3109 117 94 ipse
987 3109 161 94 dominus
1104 3109 176 94 Nicolaus
1236 3109 176 94 animarum
1368 3109 191 94 affectans
1515 3109 191 94 profectus
1661 3109 103 94 &c.
1720 3109 88 94 vt
1764 3109 191 94 scribitur
1911 3109 73 94 i
1940 3109 191 94 principio
2086 3109 132 94 lirae
2160 3109 117 94 domini
