<?xml version="1.0" encoding="UTF-8"?>
<alto xmlns:xsi="http://www.w3.org/2001/XMLSchema-instance"
      xmlns="http://www.loc.gov/standards/alto/ns-v2#"
      xmlns:page="http://schema.primaresearch.org/PAGE/gts/pagecontent/2013-07-15"
      xsi:schemaLocation="http://www.loc.gov/standards/alto/ns-v2# http://www.loc.gov/standards/alto/alto.xsd">
   <Description>
      <MeasurementUnit>pixel</MeasurementUnit>
      <OCRProcessing ID="IdOcr">
         <ocrProcessingStep>
            <processingDateTime>2020-04-22T20:12:09.661-04:00</processingDateTime>
            <processingSoftware>
               <softwareCreator>READ COOP</softwareCreator>
               <softwareName>Transkribus</softwareName>
            </processingSoftware>
         </ocrProcessingStep>
      </OCRProcessing>
   </Description>
   <Layout>
      <Page ID="Page1" PHYSICAL_IMG_NR="1" HEIGHT="3752" WIDTH="2465">
         <TopMargin HEIGHT="0" WIDTH="2465" VPOS="0" HPOS="0"/>
         <LeftMargin HEIGHT="3752" WIDTH="0" VPOS="0" HPOS="0"/>
         <RightMargin HEIGHT="3752" WIDTH="0" VPOS="0" HPOS="2465"/>
         <BottomMargin HEIGHT="0" WIDTH="2465" VPOS="3752" HPOS="0"/>
         <PrintSpace HEIGHT="3752" WIDTH="2465" VPOS="0" HPOS="0">
            <TextBlock ID="TextRegion_1586462076314_1098"
                       HEIGHT="2935"
                       WIDTH="1790"
                       VPOS="325"
                       HPOS="163">
               <Shape>
                  <Polygon POINTS="163,333 1953,325 1933,3248 169,3260"/>
               </Shape>
               <TextLine ID="r3l2"
                         BASELINE="409"
                         HEIGHT="98"
                         WIDTH="1784"
                         VPOS="311"
                         HPOS="180">
                  <String HEIGHT="98"
                          WIDTH="168"
                          VPOS="311"
                          HPOS="163"
                          CONTENT="cetis."/>
                  <SP HEIGHT="98" WIDTH="17" VPOS="311" HPOS="331"/>
                  <String HEIGHT="98" WIDTH="118" VPOS="311" HPOS="281" CONTENT="Nec"/>
                  <SP HEIGHT="98" WIDTH="17" VPOS="311" HPOS="399"/>
                  <String HEIGHT="98"
                          WIDTH="168"
                          VPOS="311"
                          HPOS="348"
                          CONTENT="audiui"/>
                  <SP HEIGHT="98" WIDTH="17" VPOS="311" HPOS="517"/>
                  <String HEIGHT="98"
                          WIDTH="135"
                          VPOS="311"
                          HPOS="466"
                          CONTENT="quod"/>
                  <SP HEIGHT="98" WIDTH="17" VPOS="311" HPOS="601"/>
                  <String HEIGHT="98"
                          WIDTH="185"
                          VPOS="311"
                          HPOS="550"
                          CONTENT="fratres"/>
                  <SP HEIGHT="98" WIDTH="17" VPOS="311" HPOS="735"/>
                  <String HEIGHT="98" WIDTH="101" VPOS="311" HPOS="685" CONTENT="ad"/>
                  <SP HEIGHT="98" WIDTH="17" VPOS="311" HPOS="786"/>
                  <String HEIGHT="98"
                          WIDTH="151"
                          VPOS="311"
                          HPOS="735"
                          CONTENT="istud"/>
                  <SP HEIGHT="98" WIDTH="17" VPOS="311" HPOS="887"/>
                  <String HEIGHT="98"
                          WIDTH="185"
                          VPOS="311"
                          HPOS="836"
                          CONTENT="aliquid"/>
                  <SP HEIGHT="98" WIDTH="17" VPOS="311" HPOS="1022"/>
                  <String HEIGHT="98"
                          WIDTH="286"
                          VPOS="311"
                          HPOS="971"
                          CONTENT="responderunt."/>
                  <SP HEIGHT="98" WIDTH="17" VPOS="311" HPOS="1257"/>
                  <String HEIGHT="98"
                          WIDTH="219"
                          VPOS="311"
                          HPOS="1207"
                          CONTENT="Praeterea"/>
                  <SP HEIGHT="98" WIDTH="17" VPOS="311" HPOS="1425"/>
                  <String HEIGHT="98"
                          WIDTH="151"
                          VPOS="311"
                          HPOS="1375"
                          CONTENT="dicta"/>
                  <SP HEIGHT="98" WIDTH="17" VPOS="311" HPOS="1526"/>
                  <String HEIGHT="98"
                          WIDTH="269"
                          VPOS="311"
                          HPOS="1476"
                          CONTENT="argumentatio"/>
                  <SP HEIGHT="98" WIDTH="17" VPOS="311" HPOS="1745"/>
                  <String HEIGHT="98"
                          WIDTH="151"
                          VPOS="311"
                          HPOS="1695"
                          CONTENT="multo"/>
                  <SP HEIGHT="98" WIDTH="17" VPOS="311" HPOS="1846"/>
                  <String HEIGHT="98"
                          WIDTH="151"
                          VPOS="311"
                          HPOS="1796"
                          CONTENT="magis"/>
                  <SP HEIGHT="98" WIDTH="17" VPOS="311" HPOS="1947"/>
                  <String HEIGHT="98" WIDTH="84" VPOS="311" HPOS="1880" CONTENT="est"/>
               </TextLine>
               <TextLine ID="r3l3"
                         BASELINE="451"
                         HEIGHT="57"
                         WIDTH="1782"
                         VPOS="394"
                         HPOS="175">
                  <String HEIGHT="57"
                          WIDTH="162"
                          VPOS="394"
                          HPOS="159"
                          CONTENT="contra"/>
                  <SP HEIGHT="57" WIDTH="16" VPOS="394" HPOS="321"/>
                  <String HEIGHT="57"
                          WIDTH="178"
                          VPOS="394"
                          HPOS="272"
                          CONTENT="fratres"/>
                  <SP HEIGHT="57" WIDTH="16" VPOS="394" HPOS="450"/>
                  <String HEIGHT="57"
                          WIDTH="130"
                          VPOS="394"
                          HPOS="402"
                          CONTENT="quam"/>
                  <SP HEIGHT="57" WIDTH="16" VPOS="394" HPOS="531"/>
                  <String HEIGHT="57" WIDTH="113" VPOS="394" HPOS="483" CONTENT="pro"/>
                  <SP HEIGHT="57" WIDTH="16" VPOS="394" HPOS="596"/>
                  <String HEIGHT="57"
                          WIDTH="162"
                          VPOS="394"
                          HPOS="548"
                          CONTENT="ipsis."/>
                  <SP HEIGHT="57" WIDTH="16" VPOS="394" HPOS="710"/>
                  <String HEIGHT="57"
                          WIDTH="162"
                          VPOS="394"
                          HPOS="661"
                          CONTENT="Quando"/>
                  <SP HEIGHT="57" WIDTH="16" VPOS="394" HPOS="823"/>
                  <String HEIGHT="57"
                          WIDTH="130"
                          VPOS="394"
                          HPOS="774"
                          CONTENT="enim"/>
                  <SP HEIGHT="57" WIDTH="16" VPOS="394" HPOS="904"/>
                  <String HEIGHT="57"
                          WIDTH="162"
                          VPOS="394"
                          HPOS="855"
                          CONTENT="partes"/>
                  <SP HEIGHT="57" WIDTH="16" VPOS="394" HPOS="1017"/>
                  <String HEIGHT="57"
                          WIDTH="194"
                          VPOS="394"
                          HPOS="969"
                          CONTENT="litigant"/>
                  <SP HEIGHT="57" WIDTH="16" VPOS="394" HPOS="1163"/>
                  <String HEIGHT="57"
                          WIDTH="146"
                          VPOS="394"
                          HPOS="1115"
                          CONTENT="coram"/>
                  <SP HEIGHT="57" WIDTH="16" VPOS="394" HPOS="1260"/>
                  <String HEIGHT="57"
                          WIDTH="178"
                          VPOS="394"
                          HPOS="1212"
                          CONTENT="iudice,"/>
                  <SP HEIGHT="57" WIDTH="16" VPOS="394" HPOS="1390"/>
                  <String HEIGHT="57" WIDTH="81" VPOS="394" HPOS="1341" CONTENT="&amp;"/>
                  <SP HEIGHT="57" WIDTH="16" VPOS="394" HPOS="1422"/>
                  <String HEIGHT="57"
                          WIDTH="292"
                          VPOS="394"
                          HPOS="1374"
                          CONTENT="contrariantur,"/>
                  <SP HEIGHT="57" WIDTH="16" VPOS="394" HPOS="1665"/>
                  <String HEIGHT="57"
                          WIDTH="162"
                          VPOS="394"
                          HPOS="1617"
                          CONTENT="altera"/>
                  <SP HEIGHT="57" WIDTH="16" VPOS="394" HPOS="1779"/>
                  <String HEIGHT="57"
                          WIDTH="227"
                          VPOS="394"
                          HPOS="1730"
                          CONTENT="defendente"/>
                  <SP HEIGHT="57" WIDTH="16" VPOS="394" HPOS="1957"/>
                  <String HEIGHT="57" WIDTH="65" VPOS="394" HPOS="1892" CONTENT="ma"/>
               </TextLine>
               <TextLine ID="r3l4"
                         BASELINE="502"
                         HEIGHT="57"
                         WIDTH="1777"
                         VPOS="445"
                         HPOS="178">
                  <String HEIGHT="57" WIDTH="111" VPOS="445" HPOS="162" CONTENT="lam"/>
                  <SP HEIGHT="57" WIDTH="16" VPOS="445" HPOS="273"/>
                  <String HEIGHT="57"
                          WIDTH="175"
                          VPOS="445"
                          HPOS="226"
                          CONTENT="causam:"/>
                  <SP HEIGHT="57" WIDTH="16" VPOS="445" HPOS="400"/>
                  <String HEIGHT="57" WIDTH="95" VPOS="445" HPOS="353" CONTENT="si"/>
                  <SP HEIGHT="57" WIDTH="16" VPOS="445" HPOS="448"/>
                  <String HEIGHT="57"
                          WIDTH="254"
                          VPOS="445"
                          HPOS="400"
                          CONTENT="dissimulatio"/>
                  <SP HEIGHT="57" WIDTH="16" VPOS="445" HPOS="654"/>
                  <String HEIGHT="57" WIDTH="79" VPOS="445" HPOS="606" CONTENT="&amp;"/>
                  <SP HEIGHT="57" WIDTH="16" VPOS="445" HPOS="686"/>
                  <String HEIGHT="57"
                          WIDTH="254"
                          VPOS="445"
                          HPOS="638"
                          CONTENT="taciturnitas"/>
                  <SP HEIGHT="57" WIDTH="16" VPOS="445" HPOS="892"/>
                  <String HEIGHT="57"
                          WIDTH="175"
                          VPOS="445"
                          HPOS="844"
                          CONTENT="iudicis"/>
                  <SP HEIGHT="57" WIDTH="16" VPOS="445" HPOS="1019"/>
                  <String HEIGHT="57" WIDTH="111" VPOS="445" HPOS="971" CONTENT="est"/>
                  <SP HEIGHT="57" WIDTH="16" VPOS="445" HPOS="1082"/>
                  <String HEIGHT="57" WIDTH="95" VPOS="445" HPOS="1035" CONTENT="in"/>
                  <SP HEIGHT="57" WIDTH="16" VPOS="445" HPOS="1130"/>
                  <String HEIGHT="57"
                          WIDTH="143"
                          VPOS="445"
                          HPOS="1082"
                          CONTENT="culpa"/>
                  <SP HEIGHT="57" WIDTH="16" VPOS="445" HPOS="1225"/>
                  <String HEIGHT="57" WIDTH="95" VPOS="445" HPOS="1178" CONTENT="eo"/>
                  <SP HEIGHT="57" WIDTH="16" VPOS="445" HPOS="1273"/>
                  <String HEIGHT="57"
                          WIDTH="127"
                          VPOS="445"
                          HPOS="1225"
                          CONTENT="quod"/>
                  <SP HEIGHT="57" WIDTH="16" VPOS="445" HPOS="1352"/>
                  <String HEIGHT="57"
                          WIDTH="111"
                          VPOS="445"
                          HPOS="1304"
                          CONTENT="non"/>
                  <SP HEIGHT="57" WIDTH="16" VPOS="445" HPOS="1416"/>
                  <String HEIGHT="57"
                          WIDTH="159"
                          VPOS="445"
                          HPOS="1368"
                          CONTENT="obuiat"/>
                  <SP HEIGHT="57" WIDTH="16" VPOS="445" HPOS="1527"/>
                  <String HEIGHT="57"
                          WIDTH="143"
                          VPOS="445"
                          HPOS="1479"
                          CONTENT="parti"/>
                  <SP HEIGHT="57" WIDTH="16" VPOS="445" HPOS="1622"/>
                  <String HEIGHT="57"
                          WIDTH="127"
                          VPOS="445"
                          HPOS="1574"
                          CONTENT="quae"/>
                  <SP HEIGHT="57" WIDTH="16" VPOS="445" HPOS="1701"/>
                  <String HEIGHT="57"
                          WIDTH="190"
                          VPOS="445"
                          HPOS="1654"
                          CONTENT="iniustam"/>
                  <SP HEIGHT="57" WIDTH="16" VPOS="445" HPOS="1844"/>
                  <String HEIGHT="57"
                          WIDTH="159"
                          VPOS="445"
                          HPOS="1796"
                          CONTENT="causam"/>
                  <SP HEIGHT="57" WIDTH="16" VPOS="445" HPOS="1955"/>
                  <String HEIGHT="57" WIDTH="63" VPOS="445" HPOS="1892" CONTENT="de"/>
               </TextLine>
               <TextLine ID="r3l5"
                         BASELINE="565"
                         HEIGHT="62"
                         WIDTH="1777"
                         VPOS="503"
                         HPOS="171">
                  <String HEIGHT="62"
                          WIDTH="171"
                          VPOS="503"
                          HPOS="155"
                          CONTENT="fendit:"/>
                  <SP HEIGHT="62" WIDTH="16" VPOS="503" HPOS="327"/>
                  <String HEIGHT="62"
                          WIDTH="125"
                          VPOS="503"
                          HPOS="280"
                          CONTENT="illa"/>
                  <SP HEIGHT="62" WIDTH="16" VPOS="503" HPOS="405"/>
                  <String HEIGHT="62"
                          WIDTH="249"
                          VPOS="503"
                          HPOS="358"
                          CONTENT="taciturnitas"/>
                  <SP HEIGHT="62" WIDTH="16" VPOS="503" HPOS="607"/>
                  <String HEIGHT="62"
                          WIDTH="156"
                          VPOS="503"
                          HPOS="561"
                          CONTENT="potius"/>
                  <SP HEIGHT="62" WIDTH="16" VPOS="503" HPOS="717"/>
                  <String HEIGHT="62"
                          WIDTH="156"
                          VPOS="503"
                          HPOS="670"
                          CONTENT="signum"/>
                  <SP HEIGHT="62" WIDTH="16" VPOS="503" HPOS="826"/>
                  <String HEIGHT="62" WIDTH="109" VPOS="503" HPOS="779" CONTENT="est"/>
                  <SP HEIGHT="62" WIDTH="16" VPOS="503" HPOS="888"/>
                  <String HEIGHT="62"
                          WIDTH="125"
                          VPOS="503"
                          HPOS="841"
                          CONTENT="quod"/>
                  <SP HEIGHT="62" WIDTH="16" VPOS="503" HPOS="966"/>
                  <String HEIGHT="62"
                          WIDTH="125"
                          VPOS="503"
                          HPOS="919"
                          CONTENT="pars"/>
                  <SP HEIGHT="62" WIDTH="16" VPOS="503" HPOS="1044"/>
                  <String HEIGHT="62"
                          WIDTH="125"
                          VPOS="503"
                          HPOS="997"
                          CONTENT="illa"/>
                  <SP HEIGHT="62" WIDTH="16" VPOS="503" HPOS="1122"/>
                  <String HEIGHT="62"
                          WIDTH="109"
                          VPOS="503"
                          HPOS="1075"
                          CONTENT="cui"/>
                  <SP HEIGHT="62" WIDTH="16" VPOS="503" HPOS="1184"/>
                  <String HEIGHT="62"
                          WIDTH="140"
                          VPOS="503"
                          HPOS="1137"
                          CONTENT="magis"/>
                  <SP HEIGHT="62" WIDTH="16" VPOS="503" HPOS="1278"/>
                  <String HEIGHT="62"
                          WIDTH="140"
                          VPOS="503"
                          HPOS="1231"
                          CONTENT="fauet"/>
                  <SP HEIGHT="62" WIDTH="16" VPOS="503" HPOS="1371"/>
                  <String HEIGHT="62"
                          WIDTH="140"
                          VPOS="503"
                          HPOS="1324"
                          CONTENT="iudex"/>
                  <SP HEIGHT="62" WIDTH="16" VPOS="503" HPOS="1465"/>
                  <String HEIGHT="62"
                          WIDTH="187"
                          VPOS="503"
                          HPOS="1418"
                          CONTENT="defendat"/>
                  <SP HEIGHT="62" WIDTH="16" VPOS="503" HPOS="1605"/>
                  <String HEIGHT="62"
                          WIDTH="187"
                          VPOS="503"
                          HPOS="1558"
                          CONTENT="iniustam"/>
                  <SP HEIGHT="62" WIDTH="16" VPOS="503" HPOS="1745"/>
                  <String HEIGHT="62"
                          WIDTH="171"
                          VPOS="503"
                          HPOS="1699"
                          CONTENT="cauasam"/>
                  <SP HEIGHT="62" WIDTH="16" VPOS="503" HPOS="1870"/>
                  <String HEIGHT="62"
                          WIDTH="125"
                          VPOS="503"
                          HPOS="1823"
                          CONTENT="quam"/>
                  <SP HEIGHT="62" WIDTH="16" VPOS="503" HPOS="1948"/>
                  <String HEIGHT="62" WIDTH="62" VPOS="503" HPOS="1886" CONTENT="al"/>
               </TextLine>
               <TextLine ID="r3l6"
                         BASELINE="608"
                         HEIGHT="53"
                         WIDTH="1778"
                         VPOS="555"
                         HPOS="173">
                  <String HEIGHT="53"
                          WIDTH="157"
                          VPOS="555"
                          HPOS="156"
                          CONTENT="tera,"/>
                  <SP HEIGHT="53" WIDTH="17" VPOS="555" HPOS="312"/>
                  <String HEIGHT="53"
                          WIDTH="139"
                          VPOS="555"
                          HPOS="260"
                          CONTENT="quia"/>
                  <SP HEIGHT="53" WIDTH="17" VPOS="555" HPOS="400"/>
                  <String HEIGHT="53"
                          WIDTH="209"
                          VPOS="555"
                          HPOS="347"
                          CONTENT="quilibet"/>
                  <SP HEIGHT="53" WIDTH="17" VPOS="555" HPOS="556"/>
                  <String HEIGHT="53"
                          WIDTH="157"
                          VPOS="555"
                          HPOS="504"
                          CONTENT="iudex"/>
                  <SP HEIGHT="53" WIDTH="17" VPOS="555" HPOS="661"/>
                  <String HEIGHT="53"
                          WIDTH="157"
                          VPOS="555"
                          HPOS="609"
                          CONTENT="magis"/>
                  <SP HEIGHT="53" WIDTH="17" VPOS="555" HPOS="766"/>
                  <String HEIGHT="53"
                          WIDTH="157"
                          VPOS="555"
                          HPOS="713"
                          CONTENT="solet"/>
                  <SP HEIGHT="53" WIDTH="17" VPOS="555" HPOS="870"/>
                  <String HEIGHT="53"
                          WIDTH="192"
                          VPOS="555"
                          HPOS="818"
                          CONTENT="deferre"/>
                  <SP HEIGHT="53" WIDTH="17" VPOS="555" HPOS="1010"/>
                  <String HEIGHT="53"
                          WIDTH="157"
                          VPOS="555"
                          HPOS="957"
                          CONTENT="parti"/>
                  <SP HEIGHT="53" WIDTH="17" VPOS="555" HPOS="1114"/>
                  <String HEIGHT="53"
                          WIDTH="122"
                          VPOS="555"
                          HPOS="1062"
                          CONTENT="cui"/>
                  <SP HEIGHT="53" WIDTH="17" VPOS="555" HPOS="1184"/>
                  <String HEIGHT="53"
                          WIDTH="157"
                          VPOS="555"
                          HPOS="1132"
                          CONTENT="magis"/>
                  <SP HEIGHT="53" WIDTH="17" VPOS="555" HPOS="1289"/>
                  <String HEIGHT="53"
                          WIDTH="174"
                          VPOS="555"
                          HPOS="1236"
                          CONTENT="fauet."/>
                  <SP HEIGHT="53" WIDTH="17" VPOS="555" HPOS="1411"/>
                  <String HEIGHT="53"
                          WIDTH="157"
                          VPOS="555"
                          HPOS="1358"
                          CONTENT="Quare"/>
                  <SP HEIGHT="53" WIDTH="17" VPOS="555" HPOS="1515"/>
                  <String HEIGHT="53"
                          WIDTH="122"
                          VPOS="555"
                          HPOS="1463"
                          CONTENT="cum"/>
                  <SP HEIGHT="53" WIDTH="17" VPOS="555" HPOS="1585"/>
                  <String HEIGHT="53" WIDTH="105" VPOS="555" HPOS="1533" CONTENT="vt"/>
                  <SP HEIGHT="53" WIDTH="17" VPOS="555" HPOS="1637"/>
                  <String HEIGHT="53"
                          WIDTH="192"
                          VPOS="555"
                          HPOS="1585"
                          CONTENT="saepius"/>
                  <SP HEIGHT="53" WIDTH="17" VPOS="555" HPOS="1777"/>
                  <String HEIGHT="53"
                          WIDTH="157"
                          VPOS="555"
                          HPOS="1724"
                          CONTENT="visum"/>
                  <SP HEIGHT="53" WIDTH="17" VPOS="555" HPOS="1881"/>
                  <String HEIGHT="53"
                          WIDTH="122"
                          VPOS="555"
                          HPOS="1829"
                          CONTENT="est"/>
                  <SP HEIGHT="53" WIDTH="17" VPOS="555" HPOS="1951"/>
                  <String HEIGHT="53" WIDTH="70" VPOS="555" HPOS="1881" CONTENT="de"/>
               </TextLine>
               <TextLine ID="r3l7"
                         BASELINE="665"
                         HEIGHT="57"
                         WIDTH="1773"
                         VPOS="608"
                         HPOS="174">
                  <String HEIGHT="57"
                          WIDTH="187"
                          VPOS="608"
                          HPOS="155"
                          CONTENT="facto,"/>
                  <SP HEIGHT="57" WIDTH="19" VPOS="608" HPOS="342"/>
                  <String HEIGHT="57"
                          WIDTH="205"
                          VPOS="608"
                          HPOS="286"
                          CONTENT="fratres"/>
                  <SP HEIGHT="57" WIDTH="19" VPOS="608" HPOS="491"/>
                  <String HEIGHT="57"
                          WIDTH="299"
                          VPOS="608"
                          HPOS="435"
                          CONTENT="consueuerunt"/>
                  <SP HEIGHT="57" WIDTH="19" VPOS="608" HPOS="734"/>
                  <String HEIGHT="57"
                          WIDTH="187"
                          VPOS="608"
                          HPOS="678"
                          CONTENT="habere"/>
                  <SP HEIGHT="57" WIDTH="19" VPOS="608" HPOS="865"/>
                  <String HEIGHT="57"
                          WIDTH="205"
                          VPOS="608"
                          HPOS="809"
                          CONTENT="maiorem"/>
                  <SP HEIGHT="57" WIDTH="19" VPOS="608" HPOS="1014"/>
                  <String HEIGHT="57"
                          WIDTH="205"
                          VPOS="608"
                          HPOS="958"
                          CONTENT="fauorem"/>
                  <SP HEIGHT="57" WIDTH="19" VPOS="608" HPOS="1163"/>
                  <String HEIGHT="57"
                          WIDTH="149"
                          VPOS="608"
                          HPOS="1107"
                          CONTENT="apud"/>
                  <SP HEIGHT="57" WIDTH="19" VPOS="608" HPOS="1256"/>
                  <String HEIGHT="57"
                          WIDTH="187"
                          VPOS="608"
                          HPOS="1200"
                          CONTENT="plures"/>
                  <SP HEIGHT="57" WIDTH="19" VPOS="608" HPOS="1387"/>
                  <String HEIGHT="57"
                          WIDTH="187"
                          VPOS="608"
                          HPOS="1331"
                          CONTENT="summos"/>
                  <SP HEIGHT="57" WIDTH="19" VPOS="608" HPOS="1518"/>
                  <String HEIGHT="57"
                          WIDTH="261"
                          VPOS="608"
                          HPOS="1462"
                          CONTENT="pontifices"/>
                  <SP HEIGHT="57" WIDTH="19" VPOS="608" HPOS="1723"/>
                  <String HEIGHT="57" WIDTH="112" VPOS="608" HPOS="1667" CONTENT="in"/>
                  <SP HEIGHT="57" WIDTH="19" VPOS="608" HPOS="1779"/>
                  <String HEIGHT="57"
                          WIDTH="243"
                          VPOS="608"
                          HPOS="1704"
                          CONTENT="impetrandis"/>
               </TextLine>
               <TextLine ID="r3l8"
                         BASELINE="722"
                         HEIGHT="59"
                         WIDTH="1776"
                         VPOS="663"
                         HPOS="176">
                  <String HEIGHT="59"
                          WIDTH="141"
                          VPOS="663"
                          HPOS="160"
                          CONTENT="illis"/>
                  <SP HEIGHT="59" WIDTH="16" VPOS="663" HPOS="302"/>
                  <String HEIGHT="59"
                          WIDTH="126"
                          VPOS="663"
                          HPOS="255"
                          CONTENT="quae"/>
                  <SP HEIGHT="59" WIDTH="16" VPOS="663" HPOS="380"/>
                  <String HEIGHT="59"
                          WIDTH="126"
                          VPOS="663"
                          HPOS="333"
                          CONTENT="sunt"/>
                  <SP HEIGHT="59" WIDTH="16" VPOS="663" HPOS="459"/>
                  <String HEIGHT="59" WIDTH="94" VPOS="663" HPOS="412" CONTENT="de"/>
                  <SP HEIGHT="59" WIDTH="16" VPOS="663" HPOS="506"/>
                  <String HEIGHT="59"
                          WIDTH="126"
                          VPOS="663"
                          HPOS="459"
                          CONTENT="iure"/>
                  <SP HEIGHT="59" WIDTH="16" VPOS="663" HPOS="585"/>
                  <String HEIGHT="59"
                          WIDTH="251"
                          VPOS="663"
                          HPOS="537"
                          CONTENT="praelatorum,"/>
                  <SP HEIGHT="59" WIDTH="16" VPOS="663" HPOS="789"/>
                  <String HEIGHT="59"
                          WIDTH="126"
                          VPOS="663"
                          HPOS="742"
                          CONTENT="quam"/>
                  <SP HEIGHT="59" WIDTH="16" VPOS="663" HPOS="868"/>
                  <String HEIGHT="59"
                          WIDTH="189"
                          VPOS="663"
                          HPOS="820"
                          CONTENT="praelati"/>
                  <SP HEIGHT="59" WIDTH="16" VPOS="663" HPOS="1009"/>
                  <String HEIGHT="59" WIDTH="94" VPOS="663" HPOS="962" CONTENT="in"/>
                  <SP HEIGHT="59" WIDTH="16" VPOS="663" HPOS="1056"/>
                  <String HEIGHT="59"
                          WIDTH="220"
                          VPOS="663"
                          HPOS="1009"
                          CONTENT="resistendo"/>
                  <SP HEIGHT="59" WIDTH="16" VPOS="663" HPOS="1229"/>
                  <String HEIGHT="59" WIDTH="94" VPOS="663" HPOS="1182" CONTENT="in"/>
                  <SP HEIGHT="59" WIDTH="16" VPOS="663" HPOS="1276"/>
                  <String HEIGHT="59"
                          WIDTH="110"
                          VPOS="663"
                          HPOS="1229"
                          CONTENT="hoc"/>
                  <SP HEIGHT="59" WIDTH="16" VPOS="663" HPOS="1339"/>
                  <String HEIGHT="59"
                          WIDTH="204"
                          VPOS="663"
                          HPOS="1292"
                          CONTENT="fratribus"/>
                  <SP HEIGHT="59" WIDTH="16" VPOS="663" HPOS="1496"/>
                  <String HEIGHT="59" WIDTH="79" VPOS="663" HPOS="1449" CONTENT="&amp;"/>
                  <SP HEIGHT="59" WIDTH="16" VPOS="663" HPOS="1528"/>
                  <String HEIGHT="59"
                          WIDTH="126"
                          VPOS="663"
                          HPOS="1480"
                          CONTENT="iura"/>
                  <SP HEIGHT="59" WIDTH="16" VPOS="663" HPOS="1606"/>
                  <String HEIGHT="59"
                          WIDTH="110"
                          VPOS="663"
                          HPOS="1559"
                          CONTENT="sua"/>
                  <SP HEIGHT="59" WIDTH="16" VPOS="663" HPOS="1669"/>
                  <String HEIGHT="59"
                          WIDTH="236"
                          VPOS="663"
                          HPOS="1622"
                          CONTENT="defendendo:"/>
                  <SP HEIGHT="59" WIDTH="16" VPOS="663" HPOS="1858"/>
                  <String HEIGHT="59"
                          WIDTH="126"
                          VPOS="663"
                          HPOS="1811"
                          CONTENT="quod"/>
                  <SP HEIGHT="59" WIDTH="16" VPOS="663" HPOS="1936"/>
                  <String HEIGHT="59"
                          WIDTH="79"
                          VPOS="663"
                          HPOS="1873"
                          CONTENT="pa"
                          SUBS_TYPE="HypPart1"
                          SUBS_CONTENT="patet"/>
                  <HYP CONTENT="-"/>
               </TextLine>
               <TextLine ID="r3l9"
                         BASELINE="779"
                         HEIGHT="64"
                         WIDTH="1773"
                         VPOS="715"
                         HPOS="174">
                  <String HEIGHT="64"
                          WIDTH="129"
                          VPOS="715"
                          HPOS="156"
                          CONTENT="tet"
                          SUBS_TYPE="HypPart2"
                          SUBS_CONTENT="patet"/>
                  <SP HEIGHT="64" WIDTH="18" VPOS="715" HPOS="285"/>
                  <String HEIGHT="64" WIDTH="111" VPOS="715" HPOS="229" CONTENT="ex"/>
                  <SP HEIGHT="64" WIDTH="18" VPOS="715" HPOS="340"/>
                  <String HEIGHT="64" WIDTH="129" VPOS="715" HPOS="285" CONTENT="hoc"/>
                  <SP HEIGHT="64" WIDTH="18" VPOS="715" HPOS="414"/>
                  <String HEIGHT="64"
                          WIDTH="148"
                          VPOS="715"
                          HPOS="359"
                          CONTENT="quod"/>
                  <SP HEIGHT="64" WIDTH="18" VPOS="715" HPOS="506"/>
                  <String HEIGHT="64"
                          WIDTH="277"
                          VPOS="715"
                          HPOS="451"
                          CONTENT="sepulturas,"/>
                  <SP HEIGHT="64" WIDTH="18" VPOS="715" HPOS="728"/>
                  <String HEIGHT="64"
                          WIDTH="277"
                          VPOS="715"
                          HPOS="673"
                          CONTENT="immunitates"/>
                  <SP HEIGHT="64" WIDTH="18" VPOS="715" HPOS="950"/>
                  <String HEIGHT="64"
                          WIDTH="222"
                          VPOS="715"
                          HPOS="894"
                          CONTENT="quasdam,"/>
                  <SP HEIGHT="64" WIDTH="18" VPOS="715" HPOS="1116"/>
                  <String HEIGHT="64" WIDTH="92" VPOS="715" HPOS="1061" CONTENT="&amp;"/>
                  <SP HEIGHT="64" WIDTH="18" VPOS="715" HPOS="1153"/>
                  <String HEIGHT="64"
                          WIDTH="203"
                          VPOS="715"
                          HPOS="1097"
                          CONTENT="plurima"/>
                  <SP HEIGHT="64" WIDTH="18" VPOS="715" HPOS="1301"/>
                  <String HEIGHT="64"
                          WIDTH="148"
                          VPOS="715"
                          HPOS="1245"
                          CONTENT="alia"/>
                  <SP HEIGHT="64" WIDTH="18" VPOS="715" HPOS="1393"/>
                  <String HEIGHT="64"
                          WIDTH="148"
                          VPOS="715"
                          HPOS="1338"
                          CONTENT="quae"/>
                  <SP HEIGHT="64" WIDTH="18" VPOS="715" HPOS="1485"/>
                  <String HEIGHT="64"
                          WIDTH="185"
                          VPOS="715"
                          HPOS="1430"
                          CONTENT="multum"/>
                  <SP HEIGHT="64" WIDTH="18" VPOS="715" HPOS="1615"/>
                  <String HEIGHT="64"
                          WIDTH="203"
                          VPOS="715"
                          HPOS="1559"
                          CONTENT="vergunt"/>
                  <SP HEIGHT="64" WIDTH="18" VPOS="715" HPOS="1762"/>
                  <String HEIGHT="64" WIDTH="111" VPOS="715" HPOS="1707" CONTENT="in"/>
                  <SP HEIGHT="64" WIDTH="18" VPOS="715" HPOS="1818"/>
                  <String HEIGHT="64"
                          WIDTH="203"
                          VPOS="715"
                          HPOS="1744"
                          CONTENT="praeiudi"
                          SUBS_TYPE="HypPart1"
                          SUBS_CONTENT="praeiudicium"/>
                  <HYP CONTENT="-"/>
               </TextLine>
               <TextLine ID="r3l10"
                         BASELINE="826"
                         HEIGHT="55"
                         WIDTH="1762"
                         VPOS="771"
                         HPOS="183">
                  <String HEIGHT="55"
                          WIDTH="164"
                          VPOS="771"
                          HPOS="163"
                          CONTENT="cium"
                          SUBS_TYPE="HypPart2"
                          SUBS_CONTENT="praeiudicium"/>
                  <SP HEIGHT="55" WIDTH="20" VPOS="771" HPOS="326"/>
                  <String HEIGHT="55" WIDTH="102" VPOS="771" HPOS="265" CONTENT="&amp;"/>
                  <SP HEIGHT="55" WIDTH="20" VPOS="771" HPOS="367"/>
                  <String HEIGHT="55"
                          WIDTH="205"
                          VPOS="771"
                          HPOS="306"
                          CONTENT="damunm"/>
                  <SP HEIGHT="55" WIDTH="20" VPOS="771" HPOS="511"/>
                  <String HEIGHT="55"
                          WIDTH="307"
                          VPOS="771"
                          HPOS="449"
                          CONTENT="praelatorum"/>
                  <SP HEIGHT="55" WIDTH="20" VPOS="771" HPOS="757"/>
                  <String HEIGHT="55"
                          WIDTH="287"
                          VPOS="771"
                          HPOS="695"
                          CONTENT="frequenter"/>
                  <SP HEIGHT="55" WIDTH="20" VPOS="771" HPOS="982"/>
                  <String HEIGHT="55"
                          WIDTH="348"
                          VPOS="771"
                          HPOS="921"
                          CONTENT="impetrauerunt"/>
                  <SP HEIGHT="55" WIDTH="20" VPOS="771" HPOS="1269"/>
                  <String HEIGHT="55" WIDTH="123" VPOS="771" HPOS="1207" CONTENT="in"/>
                  <SP HEIGHT="55" WIDTH="20" VPOS="771" HPOS="1330"/>
                  <String HEIGHT="55"
                          WIDTH="205"
                          VPOS="771"
                          HPOS="1269"
                          CONTENT="damnum"/>
                  <SP HEIGHT="55" WIDTH="20" VPOS="771" HPOS="1474"/>
                  <String HEIGHT="55"
                          WIDTH="225"
                          VPOS="771"
                          HPOS="1412"
                          CONTENT="illorum"/>
                  <SP HEIGHT="55" WIDTH="20" VPOS="771" HPOS="1638"/>
                  <String HEIGHT="55" WIDTH="102" VPOS="771" HPOS="1576" CONTENT="&amp;"/>
                  <SP HEIGHT="55" WIDTH="20" VPOS="771" HPOS="1679"/>
                  <String HEIGHT="55"
                          WIDTH="266"
                          VPOS="771"
                          HPOS="1617"
                          CONTENT="grauamen,"/>
                  <SP HEIGHT="55" WIDTH="20" VPOS="771" HPOS="1884"/>
                  <String HEIGHT="55"
                          WIDTH="143"
                          VPOS="771"
                          HPOS="1802"
                          CONTENT="etiam"/>
               </TextLine>
               <TextLine ID="r3l11"
                         BASELINE="888"
                         HEIGHT="60"
                         WIDTH="1764"
                         VPOS="828"
                         HPOS="174">
                  <String HEIGHT="60"
                          WIDTH="164"
                          VPOS="828"
                          HPOS="156"
                          CONTENT="ipsis"/>
                  <SP HEIGHT="60" WIDTH="18" VPOS="828" HPOS="319"/>
                  <String HEIGHT="60"
                          WIDTH="182"
                          VPOS="828"
                          HPOS="265"
                          CONTENT="contra"/>
                  <SP HEIGHT="60" WIDTH="18" VPOS="828" HPOS="447"/>
                  <String HEIGHT="60"
                          WIDTH="291"
                          VPOS="828"
                          HPOS="392"
                          CONTENT="clamantibus:"/>
                  <SP HEIGHT="60" WIDTH="18" VPOS="828" HPOS="683"/>
                  <String HEIGHT="60" WIDTH="109" VPOS="828" HPOS="629" CONTENT="si"/>
                  <SP HEIGHT="60" WIDTH="18" VPOS="828" HPOS="738"/>
                  <String HEIGHT="60"
                          WIDTH="309"
                          VPOS="828"
                          HPOS="683"
                          CONTENT="taciturnitate"/>
                  <SP HEIGHT="60" WIDTH="18" VPOS="828" HPOS="992"/>
                  <String HEIGHT="60" WIDTH="127" VPOS="828" HPOS="938" CONTENT="sua"/>
                  <SP HEIGHT="60" WIDTH="18" VPOS="828" HPOS="1065"/>
                  <String HEIGHT="60"
                          WIDTH="145"
                          VPOS="828"
                          HPOS="1011"
                          CONTENT="ipse"/>
                  <SP HEIGHT="60" WIDTH="18" VPOS="828" HPOS="1156"/>
                  <String HEIGHT="60"
                          WIDTH="145"
                          VPOS="828"
                          HPOS="1101"
                          CONTENT="papa"/>
                  <SP HEIGHT="60" WIDTH="18" VPOS="828" HPOS="1247"/>
                  <String HEIGHT="60"
                          WIDTH="145"
                          VPOS="828"
                          HPOS="1192"
                          CONTENT="fuit"/>
                  <SP HEIGHT="60" WIDTH="18" VPOS="828" HPOS="1338"/>
                  <String HEIGHT="60" WIDTH="109" VPOS="828" HPOS="1283" CONTENT="in"/>
                  <SP HEIGHT="60" WIDTH="18" VPOS="828" HPOS="1392"/>
                  <String HEIGHT="60"
                          WIDTH="182"
                          VPOS="828"
                          HPOS="1338"
                          CONTENT="culpa,"/>
                  <SP HEIGHT="60" WIDTH="18" VPOS="828" HPOS="1520"/>
                  <String HEIGHT="60"
                          WIDTH="127"
                          VPOS="828"
                          HPOS="1465"
                          CONTENT="vel"/>
                  <SP HEIGHT="60" WIDTH="18" VPOS="828" HPOS="1592"/>
                  <String HEIGHT="60" WIDTH="109" VPOS="828" HPOS="1538" CONTENT="ex"/>
                  <SP HEIGHT="60" WIDTH="18" VPOS="828" HPOS="1647"/>
                  <String HEIGHT="60"
                          WIDTH="164"
                          VPOS="828"
                          HPOS="1592"
                          CONTENT="parte"/>
                  <SP HEIGHT="60" WIDTH="18" VPOS="828" HPOS="1756"/>
                  <String HEIGHT="60"
                          WIDTH="218"
                          VPOS="828"
                          HPOS="1702"
                          CONTENT="fratrum,"/>
                  <SP HEIGHT="60" WIDTH="18" VPOS="828" HPOS="1920"/>
                  <String HEIGHT="60" WIDTH="91" VPOS="828" HPOS="1847" CONTENT="vel"/>
               </TextLine>
               <TextLine ID="r3l12"
                         BASELINE="942"
                         HEIGHT="63"
                         WIDTH="1771"
                         VPOS="879"
                         HPOS="173">
                  <String HEIGHT="63" WIDTH="108" VPOS="879" HPOS="155" CONTENT="ex"/>
                  <SP HEIGHT="63" WIDTH="18" VPOS="879" HPOS="263"/>
                  <String HEIGHT="63"
                          WIDTH="163"
                          VPOS="879"
                          HPOS="209"
                          CONTENT="parte"/>
                  <SP HEIGHT="63" WIDTH="18" VPOS="879" HPOS="372"/>
                  <String HEIGHT="63"
                          WIDTH="271"
                          VPOS="879"
                          HPOS="318"
                          CONTENT="praelatorum"/>
                  <SP HEIGHT="63" WIDTH="18" VPOS="879" HPOS="589"/>
                  <String HEIGHT="63" WIDTH="108" VPOS="879" HPOS="534" CONTENT="in"/>
                  <SP HEIGHT="63" WIDTH="18" VPOS="879" HPOS="643"/>
                  <String HEIGHT="63" WIDTH="127" VPOS="879" HPOS="589" CONTENT="non"/>
                  <SP HEIGHT="63" WIDTH="18" VPOS="879" HPOS="715"/>
                  <String HEIGHT="63"
                          WIDTH="235"
                          VPOS="879"
                          HPOS="661"
                          CONTENT="coercendo"/>
                  <SP HEIGHT="63" WIDTH="18" VPOS="879" HPOS="896"/>
                  <String HEIGHT="63"
                          WIDTH="199"
                          VPOS="879"
                          HPOS="842"
                          CONTENT="alteros"/>
                  <SP HEIGHT="63" WIDTH="18" VPOS="879" HPOS="1040"/>
                  <String HEIGHT="63"
                          WIDTH="181"
                          VPOS="879"
                          HPOS="986"
                          CONTENT="eorum,"/>
                  <SP HEIGHT="63" WIDTH="18" VPOS="879" HPOS="1167"/>
                  <String HEIGHT="63"
                          WIDTH="145"
                          VPOS="879"
                          HPOS="1113"
                          CONTENT="quod"/>
                  <SP HEIGHT="63" WIDTH="18" VPOS="879" HPOS="1257"/>
                  <String HEIGHT="63"
                          WIDTH="253"
                          VPOS="879"
                          HPOS="1203"
                          CONTENT="necessario"/>
                  <SP HEIGHT="63" WIDTH="18" VPOS="879" HPOS="1456"/>
                  <String HEIGHT="63"
                          WIDTH="217"
                          VPOS="879"
                          HPOS="1402"
                          CONTENT="sequitur"/>
                  <SP HEIGHT="63" WIDTH="18" VPOS="879" HPOS="1619"/>
                  <String HEIGHT="63" WIDTH="108" VPOS="879" HPOS="1565" CONTENT="ex"/>
                  <SP HEIGHT="63" WIDTH="18" VPOS="879" HPOS="1673"/>
                  <String HEIGHT="63"
                          WIDTH="145"
                          VPOS="879"
                          HPOS="1619"
                          CONTENT="modo"/>
                  <SP HEIGHT="63" WIDTH="18" VPOS="879" HPOS="1763"/>
                  <String HEIGHT="63"
                          WIDTH="217"
                          VPOS="879"
                          HPOS="1709"
                          CONTENT="arguendi"/>
                  <SP HEIGHT="63" WIDTH="18" VPOS="879" HPOS="1926"/>
                  <String HEIGHT="63"
                          WIDTH="90"
                          VPOS="879"
                          HPOS="1854"
                          CONTENT="fa"
                          SUBS_TYPE="HypPart1"
                          SUBS_CONTENT="facto,"/>
                  <HYP CONTENT="-"/>
               </TextLine>
               <TextLine ID="r3l13"
                         BASELINE="993"
                         HEIGHT="62"
                         WIDTH="1760"
                         VPOS="931"
                         HPOS="180">
                  <String HEIGHT="62"
                          WIDTH="141"
                          VPOS="931"
                          HPOS="162"
                          CONTENT="cto,"
                          SUBS_TYPE="HypPart2"
                          SUBS_CONTENT="facto,"/>
                  <SP HEIGHT="62" WIDTH="18" VPOS="931" HPOS="303"/>
                  <String HEIGHT="62" WIDTH="106" VPOS="931" HPOS="250" CONTENT="vt"/>
                  <SP HEIGHT="62" WIDTH="18" VPOS="931" HPOS="356"/>
                  <String HEIGHT="62"
                          WIDTH="176"
                          VPOS="931"
                          HPOS="303"
                          CONTENT="dictum"/>
                  <SP HEIGHT="62" WIDTH="18" VPOS="931" HPOS="479"/>
                  <String HEIGHT="62"
                          WIDTH="141"
                          VPOS="931"
                          HPOS="426"
                          CONTENT="est:"/>
                  <SP HEIGHT="62" WIDTH="18" VPOS="931" HPOS="567"/>
                  <String HEIGHT="62"
                          WIDTH="282"
                          VPOS="931"
                          HPOS="514"
                          CONTENT="taciturnitas"/>
                  <SP HEIGHT="62" WIDTH="18" VPOS="931" HPOS="796"/>
                  <String HEIGHT="62"
                          WIDTH="141"
                          VPOS="931"
                          HPOS="743"
                          CONTENT="ergo"/>
                  <SP HEIGHT="62" WIDTH="18" VPOS="931" HPOS="884"/>
                  <String HEIGHT="62"
                          WIDTH="141"
                          VPOS="931"
                          HPOS="831"
                          CONTENT="illa"/>
                  <SP HEIGHT="62" WIDTH="18" VPOS="931" HPOS="972"/>
                  <String HEIGHT="62"
                          WIDTH="176"
                          VPOS="931"
                          HPOS="919"
                          CONTENT="potius"/>
                  <SP HEIGHT="62" WIDTH="18" VPOS="931" HPOS="1095"/>
                  <String HEIGHT="62"
                          WIDTH="141"
                          VPOS="931"
                          HPOS="1042"
                          CONTENT="erat"/>
                  <SP HEIGHT="62" WIDTH="18" VPOS="931" HPOS="1183"/>
                  <String HEIGHT="62"
                          WIDTH="176"
                          VPOS="931"
                          HPOS="1130"
                          CONTENT="signum"/>
                  <SP HEIGHT="62" WIDTH="18" VPOS="931" HPOS="1306"/>
                  <String HEIGHT="62"
                          WIDTH="141"
                          VPOS="931"
                          HPOS="1254"
                          CONTENT="quod"/>
                  <SP HEIGHT="62" WIDTH="18" VPOS="931" HPOS="1394"/>
                  <String HEIGHT="62"
                          WIDTH="194"
                          VPOS="931"
                          HPOS="1342"
                          CONTENT="fratres"/>
                  <SP HEIGHT="62" WIDTH="18" VPOS="931" HPOS="1535"/>
                  <String HEIGHT="62"
                          WIDTH="229"
                          VPOS="931"
                          HPOS="1482"
                          CONTENT="defendunt"/>
                  <SP HEIGHT="62" WIDTH="18" VPOS="931" HPOS="1711"/>
                  <String HEIGHT="62"
                          WIDTH="211"
                          VPOS="931"
                          HPOS="1658"
                          CONTENT="iniustam"/>
                  <SP HEIGHT="62" WIDTH="18" VPOS="931" HPOS="1870"/>
                  <String HEIGHT="62"
                          WIDTH="141"
                          VPOS="931"
                          HPOS="1799"
                          CONTENT="causam"/>
               </TextLine>
               <TextLine ID="r3l14"
                         BASELINE="1049"
                         HEIGHT="62"
                         WIDTH="1755"
                         VPOS="987"
                         HPOS="183">
                  <String HEIGHT="62"
                          WIDTH="169"
                          VPOS="987"
                          HPOS="166"
                          CONTENT="contra"/>
                  <SP HEIGHT="62" WIDTH="17" VPOS="987" HPOS="335"/>
                  <String HEIGHT="62"
                          WIDTH="219"
                          VPOS="987"
                          HPOS="284"
                          CONTENT="praelatos"/>
                  <SP HEIGHT="62" WIDTH="17" VPOS="987" HPOS="504"/>
                  <String HEIGHT="62"
                          WIDTH="135"
                          VPOS="987"
                          HPOS="453"
                          CONTENT="quam"/>
                  <SP HEIGHT="62" WIDTH="17" VPOS="987" HPOS="588"/>
                  <String HEIGHT="62"
                          WIDTH="253"
                          VPOS="987"
                          HPOS="537"
                          CONTENT="econtrario:"/>
                  <SP HEIGHT="62" WIDTH="17" VPOS="987" HPOS="791"/>
                  <String HEIGHT="62" WIDTH="84" VPOS="987" HPOS="740" CONTENT="&amp;"/>
                  <SP HEIGHT="62" WIDTH="17" VPOS="987" HPOS="824"/>
                  <String HEIGHT="62"
                          WIDTH="135"
                          VPOS="987"
                          HPOS="774"
                          CONTENT="quod"/>
                  <SP HEIGHT="62" WIDTH="17" VPOS="987" HPOS="909"/>
                  <String HEIGHT="62"
                          WIDTH="135"
                          VPOS="987"
                          HPOS="858"
                          CONTENT="papa"/>
                  <SP HEIGHT="62" WIDTH="17" VPOS="987" HPOS="993"/>
                  <String HEIGHT="62"
                          WIDTH="169"
                          VPOS="987"
                          HPOS="942"
                          CONTENT="potius"/>
                  <SP HEIGHT="62" WIDTH="17" VPOS="987" HPOS="1111"/>
                  <String HEIGHT="62"
                          WIDTH="169"
                          VPOS="987"
                          HPOS="1061"
                          CONTENT="tacuit"/>
                  <SP HEIGHT="62" WIDTH="17" VPOS="987" HPOS="1229"/>
                  <String HEIGHT="62" WIDTH="84" VPOS="987" HPOS="1179" CONTENT="&amp;"/>
                  <SP HEIGHT="62" WIDTH="17" VPOS="987" HPOS="1263"/>
                  <String HEIGHT="62"
                          WIDTH="219"
                          VPOS="987"
                          HPOS="1212"
                          CONTENT="peccauit,"/>
                  <SP HEIGHT="62" WIDTH="17" VPOS="987" HPOS="1432"/>
                  <String HEIGHT="62" WIDTH="101" VPOS="987" HPOS="1381" CONTENT="si"/>
                  <SP HEIGHT="62" WIDTH="17" VPOS="987" HPOS="1482"/>
                  <String HEIGHT="62"
                          WIDTH="152"
                          VPOS="987"
                          HPOS="1432"
                          CONTENT="tamen"/>
                  <SP HEIGHT="62" WIDTH="17" VPOS="987" HPOS="1584"/>
                  <String HEIGHT="62"
                          WIDTH="219"
                          VPOS="987"
                          HPOS="1533"
                          CONTENT="peccauit,"/>
                  <SP HEIGHT="62" WIDTH="17" VPOS="987" HPOS="1752"/>
                  <String HEIGHT="62"
                          WIDTH="135"
                          VPOS="987"
                          HPOS="1702"
                          CONTENT="plus"/>
                  <SP HEIGHT="62" WIDTH="17" VPOS="987" HPOS="1837"/>
                  <String HEIGHT="62"
                          WIDTH="186"
                          VPOS="987"
                          HPOS="1786"
                          CONTENT="fauendo"/>
                  <SP HEIGHT="62" WIDTH="17" VPOS="987" HPOS="1972"/>
                  <String HEIGHT="62" WIDTH="34" VPOS="987" HPOS="1904" CONTENT=""/>
               </TextLine>
               <TextLine ID="r3l15"
                         BASELINE="1102"
                         HEIGHT="64"
                         WIDTH="1758"
                         VPOS="1038"
                         HPOS="178">
                  <String HEIGHT="64"
                          WIDTH="231"
                          VPOS="1038"
                          HPOS="160"
                          CONTENT="fratribus"/>
                  <SP HEIGHT="64" WIDTH="18" VPOS="1038" HPOS="391"/>
                  <String HEIGHT="64"
                          WIDTH="142"
                          VPOS="1038"
                          HPOS="338"
                          CONTENT="quam"/>
                  <SP HEIGHT="64" WIDTH="18" VPOS="1038" HPOS="480"/>
                  <String HEIGHT="64"
                          WIDTH="249"
                          VPOS="1038"
                          HPOS="427"
                          CONTENT="praelatis."/>
                  <SP HEIGHT="64" WIDTH="18" VPOS="1038" HPOS="675"/>
                  <String HEIGHT="64" WIDTH="107" VPOS="1038" HPOS="622" CONTENT="Ad"/>
                  <SP HEIGHT="64" WIDTH="18" VPOS="1038" HPOS="728"/>
                  <String HEIGHT="64"
                          WIDTH="142"
                          VPOS="1038"
                          HPOS="675"
                          CONTENT="haec"/>
                  <SP HEIGHT="64" WIDTH="18" VPOS="1038" HPOS="817"/>
                  <String HEIGHT="64"
                          WIDTH="195"
                          VPOS="1038"
                          HPOS="764"
                          CONTENT="fratres"/>
                  <SP HEIGHT="64" WIDTH="18" VPOS="1038" HPOS="959"/>
                  <String HEIGHT="64"
                          WIDTH="124"
                          VPOS="1038"
                          HPOS="906"
                          CONTENT="non"/>
                  <SP HEIGHT="64" WIDTH="18" VPOS="1038" HPOS="1030"/>
                  <String HEIGHT="64"
                          WIDTH="266"
                          VPOS="1038"
                          HPOS="977"
                          CONTENT="respondent,"/>
                  <SP HEIGHT="64" WIDTH="18" VPOS="1038" HPOS="1243"/>
                  <String HEIGHT="64"
                          WIDTH="124"
                          VPOS="1038"
                          HPOS="1190"
                          CONTENT="sed"/>
                  <SP HEIGHT="64" WIDTH="18" VPOS="1038" HPOS="1314"/>
                  <String HEIGHT="64"
                          WIDTH="160"
                          VPOS="1038"
                          HPOS="1261"
                          CONTENT="primo"/>
                  <SP HEIGHT="64" WIDTH="18" VPOS="1038" HPOS="1421"/>
                  <String HEIGHT="64"
                          WIDTH="249"
                          VPOS="1038"
                          HPOS="1368"
                          CONTENT="inuehuntur"/>
                  <SP HEIGHT="64" WIDTH="18" VPOS="1038" HPOS="1616"/>
                  <String HEIGHT="64"
                          WIDTH="107"
                          VPOS="1038"
                          HPOS="1563"
                          CONTENT="in"/>
                  <SP HEIGHT="64" WIDTH="18" VPOS="1038" HPOS="1670"/>
                  <String HEIGHT="64"
                          WIDTH="107"
                          VPOS="1038"
                          HPOS="1616"
                          CONTENT="me"/>
                  <SP HEIGHT="64" WIDTH="18" VPOS="1038" HPOS="1723"/>
                  <String HEIGHT="64"
                          WIDTH="231"
                          VPOS="1038"
                          HPOS="1670"
                          CONTENT="dicentes,"/>
                  <SP HEIGHT="64" WIDTH="18" VPOS="1038" HPOS="1900"/>
                  <String HEIGHT="64"
                          WIDTH="107"
                          VPOS="1038"
                          HPOS="1829"
                          CONTENT="ecce"/>
               </TextLine>
               <TextLine ID="r3l16"
                         BASELINE="1158"
                         HEIGHT="60"
                         WIDTH="1758"
                         VPOS="1098"
                         HPOS="189">
                  <String HEIGHT="60"
                          WIDTH="119"
                          VPOS="1098"
                          HPOS="172"
                          CONTENT="vna"/>
                  <SP HEIGHT="60" WIDTH="17" VPOS="1098" HPOS="291"/>
                  <String HEIGHT="60"
                          WIDTH="137"
                          VPOS="1098"
                          HPOS="240"
                          CONTENT="manu"/>
                  <SP HEIGHT="60" WIDTH="17" VPOS="1098" HPOS="377"/>
                  <String HEIGHT="60"
                          WIDTH="154"
                          VPOS="1098"
                          HPOS="326"
                          CONTENT="vngit"/>
                  <SP HEIGHT="60" WIDTH="17" VPOS="1098" HPOS="479"/>
                  <String HEIGHT="60" WIDTH="85" VPOS="1098" HPOS="428" CONTENT="&amp;"/>
                  <SP HEIGHT="60" WIDTH="17" VPOS="1098" HPOS="513"/>
                  <String HEIGHT="60"
                          WIDTH="171"
                          VPOS="1098"
                          HPOS="462"
                          CONTENT="altera"/>
                  <SP HEIGHT="60" WIDTH="17" VPOS="1098" HPOS="633"/>
                  <String HEIGHT="60"
                          WIDTH="188"
                          VPOS="1098"
                          HPOS="582"
                          CONTENT="pungit:"/>
                  <SP HEIGHT="60" WIDTH="17" VPOS="1098" HPOS="769"/>
                  <String HEIGHT="60"
                          WIDTH="154"
                          VPOS="1098"
                          HPOS="718"
                          CONTENT="vngit"/>
                  <SP HEIGHT="60" WIDTH="17" VPOS="1098" HPOS="872"/>
                  <String HEIGHT="60"
                          WIDTH="171"
                          VPOS="1098"
                          HPOS="821"
                          CONTENT="quidem"/>
                  <SP HEIGHT="60" WIDTH="17" VPOS="1098" HPOS="991"/>
                  <String HEIGHT="60" WIDTH="102" VPOS="1098" HPOS="940" CONTENT="in"/>
                  <SP HEIGHT="60" WIDTH="17" VPOS="1098" HPOS="1042"/>
                  <String HEIGHT="60" WIDTH="102" VPOS="1098" HPOS="991" CONTENT="eo"/>
                  <SP HEIGHT="60" WIDTH="17" VPOS="1098" HPOS="1094"/>
                  <String HEIGHT="60"
                          WIDTH="137"
                          VPOS="1098"
                          HPOS="1042"
                          CONTENT="quod"/>
                  <SP HEIGHT="60" WIDTH="17" VPOS="1098" HPOS="1179"/>
                  <String HEIGHT="60"
                          WIDTH="154"
                          VPOS="1098"
                          HPOS="1128"
                          CONTENT="dicit"/>
                  <SP HEIGHT="60" WIDTH="17" VPOS="1098" HPOS="1281"/>
                  <String HEIGHT="60"
                          WIDTH="119"
                          VPOS="1098"
                          HPOS="1230"
                          CONTENT="nos"/>
                  <SP HEIGHT="60" WIDTH="17" VPOS="1098" HPOS="1350"/>
                  <String HEIGHT="60"
                          WIDTH="137"
                          VPOS="1098"
                          HPOS="1298"
                          CONTENT="esse"/>
                  <SP HEIGHT="60" WIDTH="17" VPOS="1098" HPOS="1435"/>
                  <String HEIGHT="60"
                          WIDTH="256"
                          VPOS="1098"
                          HPOS="1384"
                          CONTENT="fauorabiles"/>
                  <SP HEIGHT="60" WIDTH="17" VPOS="1098" HPOS="1640"/>
                  <String HEIGHT="60"
                          WIDTH="171"
                          VPOS="1098"
                          HPOS="1589"
                          CONTENT="papae:"/>
                  <SP HEIGHT="60" WIDTH="17" VPOS="1098" HPOS="1759"/>
                  <String HEIGHT="60"
                          WIDTH="171"
                          VPOS="1098"
                          HPOS="1708"
                          CONTENT="pungit"/>
                  <SP HEIGHT="60" WIDTH="17" VPOS="1098" HPOS="1879"/>
                  <String HEIGHT="60"
                          WIDTH="154"
                          VPOS="1098"
                          HPOS="1828"
                          CONTENT="autem"/>
                  <SP HEIGHT="60" WIDTH="17" VPOS="1098" HPOS="1981"/>
                  <String HEIGHT="60" WIDTH="34" VPOS="1098" HPOS="1913" CONTENT=""/>
               </TextLine>
               <TextLine ID="r3l17"
                         BASELINE="1210"
                         HEIGHT="61"
                         WIDTH="1756"
                         VPOS="1149"
                         HPOS="176">
                  <String HEIGHT="61" WIDTH="101" VPOS="1149" HPOS="159" CONTENT="in"/>
                  <SP HEIGHT="61" WIDTH="17" VPOS="1149" HPOS="260"/>
                  <String HEIGHT="61" WIDTH="101" VPOS="1149" HPOS="210" CONTENT="eo"/>
                  <SP HEIGHT="61" WIDTH="17" VPOS="1149" HPOS="311"/>
                  <String HEIGHT="61"
                          WIDTH="135"
                          VPOS="1149"
                          HPOS="260"
                          CONTENT="quod"/>
                  <SP HEIGHT="61" WIDTH="17" VPOS="1149" HPOS="395"/>
                  <String HEIGHT="61"
                          WIDTH="152"
                          VPOS="1149"
                          HPOS="345"
                          CONTENT="dicit"/>
                  <SP HEIGHT="61" WIDTH="17" VPOS="1149" HPOS="497"/>
                  <String HEIGHT="61"
                          WIDTH="118"
                          VPOS="1149"
                          HPOS="446"
                          CONTENT="nos"/>
                  <SP HEIGHT="61" WIDTH="17" VPOS="1149" HPOS="564"/>
                  <String HEIGHT="61"
                          WIDTH="169"
                          VPOS="1149"
                          HPOS="514"
                          CONTENT="habere"/>
                  <SP HEIGHT="61" WIDTH="17" VPOS="1149" HPOS="683"/>
                  <String HEIGHT="61"
                          WIDTH="169"
                          VPOS="1149"
                          HPOS="632"
                          CONTENT="causam"/>
                  <SP HEIGHT="61" WIDTH="17" VPOS="1149" HPOS="801"/>
                  <String HEIGHT="61"
                          WIDTH="220"
                          VPOS="1149"
                          HPOS="750"
                          CONTENT="iniustam."/>
                  <SP HEIGHT="61" WIDTH="17" VPOS="1149" HPOS="970"/>
                  <String HEIGHT="61"
                          WIDTH="135"
                          VPOS="1149"
                          HPOS="919"
                          CONTENT="ltem"/>
                  <SP HEIGHT="61" WIDTH="17" VPOS="1149" HPOS="1054"/>
                  <String HEIGHT="61"
                          WIDTH="186"
                          VPOS="1149"
                          HPOS="1003"
                          CONTENT="secundo"/>
                  <SP HEIGHT="61" WIDTH="17" VPOS="1149" HPOS="1189"/>
                  <String HEIGHT="61"
                          WIDTH="236"
                          VPOS="1149"
                          HPOS="1138"
                          CONTENT="inuehuntur"/>
                  <SP HEIGHT="61" WIDTH="17" VPOS="1149" HPOS="1375"/>
                  <String HEIGHT="61"
                          WIDTH="101"
                          VPOS="1149"
                          HPOS="1324"
                          CONTENT="in"/>
                  <SP HEIGHT="61" WIDTH="17" VPOS="1149" HPOS="1425"/>
                  <String HEIGHT="61"
                          WIDTH="101"
                          VPOS="1149"
                          HPOS="1375"
                          CONTENT="me"/>
                  <SP HEIGHT="61" WIDTH="17" VPOS="1149" HPOS="1476"/>
                  <String HEIGHT="61"
                          WIDTH="220"
                          VPOS="1149"
                          HPOS="1425"
                          CONTENT="dicentes,"/>
                  <SP HEIGHT="61" WIDTH="17" VPOS="1149" HPOS="1645"/>
                  <String HEIGHT="61"
                          WIDTH="135"
                          VPOS="1149"
                          HPOS="1594"
                          CONTENT="ecce"/>
                  <SP HEIGHT="61" WIDTH="17" VPOS="1149" HPOS="1729"/>
                  <String HEIGHT="61"
                          WIDTH="186"
                          VPOS="1149"
                          HPOS="1679"
                          CONTENT="quomodo"/>
                  <SP HEIGHT="61" WIDTH="17" VPOS="1149" HPOS="1864"/>
                  <String HEIGHT="61"
                          WIDTH="135"
                          VPOS="1149"
                          HPOS="1797"
                          CONTENT="impin"
                          SUBS_TYPE="HypPart1"
                          SUBS_CONTENT="impingit"/>
                  <HYP CONTENT="-"/>
               </TextLine>
               <TextLine ID="r3l18"
                         BASELINE="1268"
                         HEIGHT="78"
                         WIDTH="1755"
                         VPOS="1190"
                         HPOS="188">
                  <String HEIGHT="78"
                          WIDTH="119"
                          VPOS="1190"
                          HPOS="171"
                          CONTENT="git"
                          SUBS_TYPE="HypPart2"
                          SUBS_CONTENT="impingit"/>
                  <SP HEIGHT="78" WIDTH="17" VPOS="1190" HPOS="290"/>
                  <String HEIGHT="78" WIDTH="102" VPOS="1190" HPOS="239" CONTENT="in"/>
                  <SP HEIGHT="78" WIDTH="17" VPOS="1190" HPOS="341"/>
                  <String HEIGHT="78"
                          WIDTH="153"
                          VPOS="1190"
                          HPOS="290"
                          CONTENT="papam"/>
                  <SP HEIGHT="78" WIDTH="17" VPOS="1190" HPOS="444"/>
                  <String HEIGHT="78"
                          WIDTH="119"
                          VPOS="1190"
                          HPOS="392"
                          CONTENT="cum"/>
                  <SP HEIGHT="78" WIDTH="17" VPOS="1190" HPOS="512"/>
                  <String HEIGHT="78"
                          WIDTH="153"
                          VPOS="1190"
                          HPOS="461"
                          CONTENT="dicit"/>
                  <SP HEIGHT="78" WIDTH="17" VPOS="1190" HPOS="614"/>
                  <String HEIGHT="78"
                          WIDTH="119"
                          VPOS="1190"
                          HPOS="563"
                          CONTENT="eum"/>
                  <SP HEIGHT="78" WIDTH="17" VPOS="1190" HPOS="682"/>
                  <String HEIGHT="78"
                          WIDTH="170"
                          VPOS="1190"
                          HPOS="631"
                          CONTENT="fouere"/>
                  <SP HEIGHT="78" WIDTH="17" VPOS="1190" HPOS="801"/>
                  <String HEIGHT="78"
                          WIDTH="204"
                          VPOS="1190"
                          HPOS="750"
                          CONTENT="iniustam"/>
                  <SP HEIGHT="78" WIDTH="17" VPOS="1190" HPOS="955"/>
                  <String HEIGHT="78"
                          WIDTH="187"
                          VPOS="1190"
                          HPOS="904"
                          CONTENT="causam,"/>
                  <SP HEIGHT="78" WIDTH="17" VPOS="1190" HPOS="1091"/>
                  <String HEIGHT="78" WIDTH="85" VPOS="1190" HPOS="1040" CONTENT="&amp;"/>
                  <SP HEIGHT="78" WIDTH="17" VPOS="1190" HPOS="1125"/>
                  <String HEIGHT="78"
                          WIDTH="222"
                          VPOS="1190"
                          HPOS="1074"
                          CONTENT="scribatur"/>
                  <SP HEIGHT="78" WIDTH="17" VPOS="1190" HPOS="1296"/>
                  <String HEIGHT="78"
                          WIDTH="102"
                          VPOS="1190"
                          HPOS="1244"
                          CONTENT="in"/>
                  <SP HEIGHT="78" WIDTH="17" VPOS="1190" HPOS="1347"/>
                  <String HEIGHT="78"
                          WIDTH="204"
                          VPOS="1190"
                          HPOS="1296"
                          CONTENT="prouerb."/>
                  <SP HEIGHT="78" WIDTH="17" VPOS="1190" HPOS="1500"/>
                  <String HEIGHT="78"
                          WIDTH="204"
                          VPOS="1190"
                          HPOS="1449"
                          CONTENT="Accipere"/>
                  <SP HEIGHT="78" WIDTH="17" VPOS="1190" HPOS="1653"/>
                  <String HEIGHT="78"
                          WIDTH="204"
                          VPOS="1190"
                          HPOS="1602"
                          CONTENT="personam"/>
                  <SP HEIGHT="78" WIDTH="17" VPOS="1190" HPOS="1807"/>
                  <String HEIGHT="78"
                          WIDTH="102"
                          VPOS="1190"
                          HPOS="1756"
                          CONTENT="in"/>
                  <SP HEIGHT="78" WIDTH="17" VPOS="1190" HPOS="1858"/>
                  <String HEIGHT="78"
                          WIDTH="153"
                          VPOS="1190"
                          HPOS="1790"
                          CONTENT="iudicio"/>
               </TextLine>
               <TextLine ID="r3l19"
                         BASELINE="1324"
                         HEIGHT="69"
                         WIDTH="1764"
                         VPOS="1255"
                         HPOS="176">
                  <String HEIGHT="69"
                          WIDTH="108"
                          VPOS="1255"
                          HPOS="161"
                          CONTENT="non"/>
                  <SP HEIGHT="69" WIDTH="15" VPOS="1255" HPOS="269"/>
                  <String HEIGHT="69"
                          WIDTH="108"
                          VPOS="1255"
                          HPOS="222"
                          CONTENT="est"/>
                  <SP HEIGHT="69" WIDTH="15" VPOS="1255" HPOS="331"/>
                  <String HEIGHT="69"
                          WIDTH="155"
                          VPOS="1255"
                          HPOS="284"
                          CONTENT="bonum."/>
                  <SP HEIGHT="69" WIDTH="15" VPOS="1255" HPOS="439"/>
                  <String HEIGHT="69"
                          WIDTH="124"
                          VPOS="1255"
                          HPOS="393"
                          CONTENT="ltem"/>
                  <SP HEIGHT="69" WIDTH="15" VPOS="1255" HPOS="516"/>
                  <String HEIGHT="69"
                          WIDTH="155"
                          VPOS="1255"
                          HPOS="470"
                          CONTENT="tertio"/>
                  <SP HEIGHT="69" WIDTH="15" VPOS="1255" HPOS="625"/>
                  <String HEIGHT="69"
                          WIDTH="155"
                          VPOS="1255"
                          HPOS="578"
                          CONTENT="dicunt"/>
                  <SP HEIGHT="69" WIDTH="15" VPOS="1255" HPOS="733"/>
                  <String HEIGHT="69"
                          WIDTH="124"
                          VPOS="1255"
                          HPOS="687"
                          CONTENT="quod"/>
                  <SP HEIGHT="69" WIDTH="15" VPOS="1255" HPOS="810"/>
                  <String HEIGHT="69"
                          WIDTH="108"
                          VPOS="1255"
                          HPOS="764"
                          CONTENT="non"/>
                  <SP HEIGHT="69" WIDTH="15" VPOS="1255" HPOS="872"/>
                  <String HEIGHT="69"
                          WIDTH="108"
                          VPOS="1255"
                          HPOS="826"
                          CONTENT="est"/>
                  <SP HEIGHT="69" WIDTH="15" VPOS="1255" HPOS="934"/>
                  <String HEIGHT="69"
                          WIDTH="155"
                          VPOS="1255"
                          HPOS="888"
                          CONTENT="simile"/>
                  <SP HEIGHT="69" WIDTH="15" VPOS="1255" HPOS="1043"/>
                  <String HEIGHT="69" WIDTH="93" VPOS="1255" HPOS="996" CONTENT="de"/>
                  <SP HEIGHT="69" WIDTH="15" VPOS="1255" HPOS="1089"/>
                  <String HEIGHT="69"
                          WIDTH="263"
                          VPOS="1255"
                          HPOS="1043"
                          CONTENT="taciturnitate"/>
                  <SP HEIGHT="69" WIDTH="15" VPOS="1255" HPOS="1306"/>
                  <String HEIGHT="69"
                          WIDTH="139"
                          VPOS="1255"
                          HPOS="1259"
                          CONTENT="papae"/>
                  <SP HEIGHT="69" WIDTH="15" VPOS="1255" HPOS="1398"/>
                  <String HEIGHT="69" WIDTH="93" VPOS="1255" HPOS="1352" CONTENT="in"/>
                  <SP HEIGHT="69" WIDTH="15" VPOS="1255" HPOS="1445"/>
                  <String HEIGHT="69"
                          WIDTH="139"
                          VPOS="1255"
                          HPOS="1398"
                          CONTENT="facto"/>
                  <SP HEIGHT="69" WIDTH="15" VPOS="1255" HPOS="1538"/>
                  <String HEIGHT="69"
                          WIDTH="170"
                          VPOS="1255"
                          HPOS="1491"
                          CONTENT="fratrum"/>
                  <SP HEIGHT="69" WIDTH="15" VPOS="1255" HPOS="1661"/>
                  <String HEIGHT="69" WIDTH="77" VPOS="1255" HPOS="1615" CONTENT="&amp;"/>
                  <SP HEIGHT="69" WIDTH="15" VPOS="1255" HPOS="1692"/>
                  <String HEIGHT="69"
                          WIDTH="248"
                          VPOS="1255"
                          HPOS="1646"
                          CONTENT="praelatorum:"/>
                  <SP HEIGHT="69" WIDTH="15" VPOS="1255" HPOS="1894"/>
                  <String HEIGHT="69"
                          WIDTH="124"
                          VPOS="1255"
                          HPOS="1847"
                          CONTENT="quia"/>
                  <SP HEIGHT="69" WIDTH="15" VPOS="1255" HPOS="1971"/>
                  <String HEIGHT="69" WIDTH="31" VPOS="1255" HPOS="1909" CONTENT=""/>
               </TextLine>
               <TextLine ID="r3l20"
                         BASELINE="1372"
                         HEIGHT="67"
                         WIDTH="1769"
                         VPOS="1305"
                         HPOS="170">
                  <String HEIGHT="67"
                          WIDTH="191"
                          VPOS="1305"
                          HPOS="153"
                          CONTENT="fratres"/>
                  <SP HEIGHT="67" WIDTH="17" VPOS="1305" HPOS="343"/>
                  <String HEIGHT="67"
                          WIDTH="139"
                          VPOS="1305"
                          HPOS="291"
                          CONTENT="bene"/>
                  <SP HEIGHT="67" WIDTH="17" VPOS="1305" HPOS="430"/>
                  <String HEIGHT="67"
                          WIDTH="191"
                          VPOS="1305"
                          HPOS="378"
                          CONTENT="vtuntur"/>
                  <SP HEIGHT="67" WIDTH="17" VPOS="1305" HPOS="569"/>
                  <String HEIGHT="67"
                          WIDTH="243"
                          VPOS="1305"
                          HPOS="517"
                          CONTENT="priuilegio"/>
                  <SP HEIGHT="67" WIDTH="17" VPOS="1305" HPOS="760"/>
                  <String HEIGHT="67"
                          WIDTH="121"
                          VPOS="1305"
                          HPOS="708"
                          CONTENT="suo"/>
                  <SP HEIGHT="67" WIDTH="17" VPOS="1305" HPOS="829"/>
                  <String HEIGHT="67" WIDTH="104" VPOS="1305" HPOS="777" CONTENT="in"/>
                  <SP HEIGHT="67" WIDTH="17" VPOS="1305" HPOS="881"/>
                  <String HEIGHT="67"
                          WIDTH="121"
                          VPOS="1305"
                          HPOS="829"
                          CONTENT="quo"/>
                  <SP HEIGHT="67" WIDTH="17" VPOS="1305" HPOS="950"/>
                  <String HEIGHT="67"
                          WIDTH="208"
                          VPOS="1305"
                          HPOS="898"
                          CONTENT="praelati"/>
                  <SP HEIGHT="67" WIDTH="17" VPOS="1305" HPOS="1107"/>
                  <String HEIGHT="67"
                          WIDTH="121"
                          VPOS="1305"
                          HPOS="1055"
                          CONTENT="eos"/>
                  <SP HEIGHT="67" WIDTH="17" VPOS="1305" HPOS="1176"/>
                  <String HEIGHT="67"
                          WIDTH="243"
                          VPOS="1305"
                          HPOS="1124"
                          CONTENT="impediunt:"/>
                  <SP HEIGHT="67" WIDTH="17" VPOS="1305" HPOS="1367"/>
                  <String HEIGHT="67" WIDTH="87" VPOS="1305" HPOS="1315" CONTENT="&amp;"/>
                  <SP HEIGHT="67" WIDTH="17" VPOS="1305" HPOS="1401"/>
                  <String HEIGHT="67"
                          WIDTH="139"
                          VPOS="1305"
                          HPOS="1349"
                          CONTENT="ideo"/>
                  <SP HEIGHT="67" WIDTH="17" VPOS="1305" HPOS="1488"/>
                  <String HEIGHT="67"
                          WIDTH="139"
                          VPOS="1305"
                          HPOS="1436"
                          CONTENT="bene"/>
                  <SP HEIGHT="67" WIDTH="17" VPOS="1305" HPOS="1575"/>
                  <String HEIGHT="67"
                          WIDTH="139"
                          VPOS="1305"
                          HPOS="1523"
                          CONTENT="egit"/>
                  <SP HEIGHT="67" WIDTH="17" VPOS="1305" HPOS="1662"/>
                  <String HEIGHT="67"
                          WIDTH="139"
                          VPOS="1305"
                          HPOS="1609"
                          CONTENT="papa"/>
                  <SP HEIGHT="67" WIDTH="17" VPOS="1305" HPOS="1748"/>
                  <String HEIGHT="67"
                          WIDTH="139"
                          VPOS="1305"
                          HPOS="1696"
                          CONTENT="quod"/>
                  <SP HEIGHT="67" WIDTH="17" VPOS="1305" HPOS="1835"/>
                  <String HEIGHT="67"
                          WIDTH="173"
                          VPOS="1305"
                          HPOS="1783"
                          CONTENT="tacuit"/>
                  <SP HEIGHT="67" WIDTH="17" VPOS="1305" HPOS="1956"/>
                  <String HEIGHT="67" WIDTH="52" VPOS="1305" HPOS="1887" CONTENT="&amp;"/>
               </TextLine>
               <TextLine ID="r3l21"
                         BASELINE="1424"
                         HEIGHT="66"
                         WIDTH="1771"
                         VPOS="1358"
                         HPOS="170">
                  <String HEIGHT="66"
                          WIDTH="170"
                          VPOS="1358"
                          HPOS="153"
                          CONTENT="noluit"/>
                  <SP HEIGHT="66" WIDTH="17" VPOS="1358" HPOS="323"/>
                  <String HEIGHT="66"
                          WIDTH="170"
                          VPOS="1358"
                          HPOS="272"
                          CONTENT="contra"/>
                  <SP HEIGHT="66" WIDTH="17" VPOS="1358" HPOS="442"/>
                  <String HEIGHT="66"
                          WIDTH="119"
                          VPOS="1358"
                          HPOS="391"
                          CONTENT="eos"/>
                  <SP HEIGHT="66" WIDTH="17" VPOS="1358" HPOS="511"/>
                  <String HEIGHT="66"
                          WIDTH="204"
                          VPOS="1358"
                          HPOS="459"
                          CONTENT="exaudire"/>
                  <SP HEIGHT="66" WIDTH="17" VPOS="1358" HPOS="664"/>
                  <String HEIGHT="66"
                          WIDTH="221"
                          VPOS="1358"
                          HPOS="613"
                          CONTENT="praelatos"/>
                  <SP HEIGHT="66" WIDTH="17" VPOS="1358" HPOS="834"/>
                  <String HEIGHT="66" WIDTH="85" VPOS="1358" HPOS="783" CONTENT="&amp;"/>
                  <SP HEIGHT="66" WIDTH="17" VPOS="1358" HPOS="868"/>
                  <String HEIGHT="66"
                          WIDTH="204"
                          VPOS="1358"
                          HPOS="817"
                          CONTENT="permisit"/>
                  <SP HEIGHT="66" WIDTH="17" VPOS="1358" HPOS="1021"/>
                  <String HEIGHT="66"
                          WIDTH="136"
                          VPOS="1358"
                          HPOS="970"
                          CONTENT="vsum"/>
                  <SP HEIGHT="66" WIDTH="17" VPOS="1358" HPOS="1107"/>
                  <String HEIGHT="66"
                          WIDTH="204"
                          VPOS="1358"
                          HPOS="1056"
                          CONTENT="fratrum."/>
                  <SP HEIGHT="66" WIDTH="17" VPOS="1358" HPOS="1260"/>
                  <String HEIGHT="66"
                          WIDTH="136"
                          VPOS="1358"
                          HPOS="1209"
                          CONTENT="ltem"/>
                  <SP HEIGHT="66" WIDTH="17" VPOS="1358" HPOS="1345"/>
                  <String HEIGHT="66"
                          WIDTH="170"
                          VPOS="1358"
                          HPOS="1294"
                          CONTENT="quarto"/>
                  <SP HEIGHT="66" WIDTH="17" VPOS="1358" HPOS="1464"/>
                  <String HEIGHT="66"
                          WIDTH="170"
                          VPOS="1358"
                          HPOS="1413"
                          CONTENT="dicunt"/>
                  <SP HEIGHT="66" WIDTH="17" VPOS="1358" HPOS="1583"/>
                  <String HEIGHT="66"
                          WIDTH="136"
                          VPOS="1358"
                          HPOS="1532"
                          CONTENT="quod"/>
                  <SP HEIGHT="66" WIDTH="17" VPOS="1358" HPOS="1669"/>
                  <String HEIGHT="66"
                          WIDTH="272"
                          VPOS="1358"
                          HPOS="1617"
                          CONTENT="taciturnitas"/>
                  <SP HEIGHT="66" WIDTH="17" VPOS="1358" HPOS="1890"/>
                  <String HEIGHT="66"
                          WIDTH="119"
                          VPOS="1358"
                          HPOS="1822"
                          CONTENT="papae"/>
               </TextLine>
               <TextLine ID="r3l22"
                         BASELINE="1476"
                         HEIGHT="64"
                         WIDTH="1762"
                         VPOS="1412"
                         HPOS="176">
                  <String HEIGHT="64"
                          WIDTH="146"
                          VPOS="1412"
                          HPOS="161"
                          CONTENT="potest"/>
                  <SP HEIGHT="64" WIDTH="15" VPOS="1412" HPOS="307"/>
                  <String HEIGHT="64"
                          WIDTH="116"
                          VPOS="1412"
                          HPOS="263"
                          CONTENT="esse"/>
                  <SP HEIGHT="64" WIDTH="15" VPOS="1412" HPOS="380"/>
                  <String HEIGHT="64"
                          WIDTH="102"
                          VPOS="1412"
                          HPOS="336"
                          CONTENT="pro"/>
                  <SP HEIGHT="64" WIDTH="15" VPOS="1412" HPOS="438"/>
                  <String HEIGHT="64"
                          WIDTH="116"
                          VPOS="1412"
                          HPOS="394"
                          CONTENT="eis,"/>
                  <SP HEIGHT="64" WIDTH="15" VPOS="1412" HPOS="511"/>
                  <String HEIGHT="64"
                          WIDTH="102"
                          VPOS="1412"
                          HPOS="467"
                          CONTENT="non"/>
                  <SP HEIGHT="64" WIDTH="15" VPOS="1412" HPOS="569"/>
                  <String HEIGHT="64"
                          WIDTH="131"
                          VPOS="1412"
                          HPOS="525"
                          CONTENT="autem"/>
                  <SP HEIGHT="64" WIDTH="15" VPOS="1412" HPOS="657"/>
                  <String HEIGHT="64"
                          WIDTH="102"
                          VPOS="1412"
                          HPOS="613"
                          CONTENT="pro"/>
                  <SP HEIGHT="64" WIDTH="15" VPOS="1412" HPOS="715"/>
                  <String HEIGHT="64"
                          WIDTH="204"
                          VPOS="1412"
                          HPOS="671"
                          CONTENT="praelatis,"/>
                  <SP HEIGHT="64" WIDTH="15" VPOS="1412" HPOS="875"/>
                  <String HEIGHT="64"
                          WIDTH="116"
                          VPOS="1412"
                          HPOS="831"
                          CONTENT="quia"/>
                  <SP HEIGHT="64" WIDTH="15" VPOS="1412" HPOS="948"/>
                  <String HEIGHT="64" WIDTH="87" VPOS="1412" HPOS="904" CONTENT="si"/>
                  <SP HEIGHT="64" WIDTH="15" VPOS="1412" HPOS="991"/>
                  <String HEIGHT="64"
                          WIDTH="160"
                          VPOS="1412"
                          HPOS="948"
                          CONTENT="aliquis"/>
                  <SP HEIGHT="64" WIDTH="15" VPOS="1412" HPOS="1108"/>
                  <String HEIGHT="64" WIDTH="87" VPOS="1412" HPOS="1064" CONTENT="ex"/>
                  <SP HEIGHT="64" WIDTH="15" VPOS="1412" HPOS="1152"/>
                  <String HEIGHT="64"
                          WIDTH="116"
                          VPOS="1412"
                          HPOS="1108"
                          CONTENT="aelo"/>
                  <SP HEIGHT="64" WIDTH="15" VPOS="1412" HPOS="1224"/>
                  <String HEIGHT="64" WIDTH="87" VPOS="1412" HPOS="1181" CONTENT="in"/>
                  <SP HEIGHT="64" WIDTH="15" VPOS="1412" HPOS="1268"/>
                  <String HEIGHT="64"
                          WIDTH="146"
                          VPOS="1412"
                          HPOS="1224"
                          CONTENT="aliqua"/>
                  <SP HEIGHT="64" WIDTH="15" VPOS="1412" HPOS="1370"/>
                  <String HEIGHT="64"
                          WIDTH="175"
                          VPOS="1412"
                          HPOS="1326"
                          CONTENT="parochia"/>
                  <SP HEIGHT="64" WIDTH="15" VPOS="1412" HPOS="1501"/>
                  <String HEIGHT="64"
                          WIDTH="160"
                          VPOS="1412"
                          HPOS="1457"
                          CONTENT="audiret"/>
                  <SP HEIGHT="64" WIDTH="15" VPOS="1412" HPOS="1618"/>
                  <String HEIGHT="64"
                          WIDTH="233"
                          VPOS="1412"
                          HPOS="1574"
                          CONTENT="confessionem"/>
                  <SP HEIGHT="64" WIDTH="15" VPOS="1412" HPOS="1807"/>
                  <String HEIGHT="64"
                          WIDTH="146"
                          VPOS="1412"
                          HPOS="1763"
                          CONTENT="nullam"/>
                  <SP HEIGHT="64" WIDTH="15" VPOS="1412" HPOS="1909"/>
                  <String HEIGHT="64"
                          WIDTH="102"
                          VPOS="1412"
                          HPOS="1865"
                          CONTENT="ha-"/>
                  <SP HEIGHT="64" WIDTH="15" VPOS="1412" HPOS="1967"/>
                  <String HEIGHT="64" WIDTH="29" VPOS="1412" HPOS="1909" CONTENT=""/>
               </TextLine>
               <TextLine ID="r3l23"
                         BASELINE="1526"
                         HEIGHT="60"
                         WIDTH="1775"
                         VPOS="1466"
                         HPOS="170">
                  <String HEIGHT="60"
                          WIDTH="128"
                          VPOS="1466"
                          HPOS="154"
                          CONTENT="bens"/>
                  <SP HEIGHT="60" WIDTH="16" VPOS="1466" HPOS="282"/>
                  <String HEIGHT="60"
                          WIDTH="304"
                          VPOS="1466"
                          HPOS="234"
                          CONTENT="iurisdictionem,"/>
                  <SP HEIGHT="60" WIDTH="16" VPOS="1466" HPOS="538"/>
                  <String HEIGHT="60" WIDTH="80" VPOS="1466" HPOS="490" CONTENT="&amp;"/>
                  <SP HEIGHT="60" WIDTH="16" VPOS="1466" HPOS="570"/>
                  <String HEIGHT="60"
                          WIDTH="240"
                          VPOS="1466"
                          HPOS="522"
                          CONTENT="quaerimonia"/>
                  <SP HEIGHT="60" WIDTH="16" VPOS="1466" HPOS="762"/>
                  <String HEIGHT="60"
                          WIDTH="160"
                          VPOS="1466"
                          HPOS="714"
                          CONTENT="contra"/>
                  <SP HEIGHT="60" WIDTH="16" VPOS="1466" HPOS="874"/>
                  <String HEIGHT="60"
                          WIDTH="144"
                          VPOS="1466"
                          HPOS="826"
                          CONTENT="illum"/>
                  <SP HEIGHT="60" WIDTH="16" VPOS="1466" HPOS="970"/>
                  <String HEIGHT="60" WIDTH="96" VPOS="1466" HPOS="922" CONTENT="de"/>
                  <SP HEIGHT="60" WIDTH="16" VPOS="1466" HPOS="1018"/>
                  <String HEIGHT="60" WIDTH="96" VPOS="1466" HPOS="970" CONTENT="eo"/>
                  <SP HEIGHT="60" WIDTH="16" VPOS="1466" HPOS="1065"/>
                  <String HEIGHT="60"
                          WIDTH="176"
                          VPOS="1466"
                          HPOS="1018"
                          CONTENT="veniret"/>
                  <SP HEIGHT="60" WIDTH="16" VPOS="1466" HPOS="1193"/>
                  <String HEIGHT="60" WIDTH="96" VPOS="1466" HPOS="1145" CONTENT="ad"/>
                  <SP HEIGHT="60" WIDTH="16" VPOS="1466" HPOS="1241"/>
                  <String HEIGHT="60"
                          WIDTH="224"
                          VPOS="1466"
                          HPOS="1193"
                          CONTENT="episcopum,"/>
                  <SP HEIGHT="60" WIDTH="16" VPOS="1466" HPOS="1417"/>
                  <String HEIGHT="60" WIDTH="80" VPOS="1466" HPOS="1369" CONTENT="&amp;"/>
                  <SP HEIGHT="60" WIDTH="16" VPOS="1466" HPOS="1449"/>
                  <String HEIGHT="60"
                          WIDTH="128"
                          VPOS="1466"
                          HPOS="1401"
                          CONTENT="ipse"/>
                  <SP HEIGHT="60" WIDTH="16" VPOS="1466" HPOS="1529"/>
                  <String HEIGHT="60"
                          WIDTH="176"
                          VPOS="1466"
                          HPOS="1481"
                          CONTENT="taceret"/>
                  <SP HEIGHT="60" WIDTH="16" VPOS="1466" HPOS="1657"/>
                  <String HEIGHT="60"
                          WIDTH="112"
                          VPOS="1466"
                          HPOS="1609"
                          CONTENT="nec"/>
                  <SP HEIGHT="60" WIDTH="16" VPOS="1466" HPOS="1721"/>
                  <String HEIGHT="60"
                          WIDTH="144"
                          VPOS="1466"
                          HPOS="1673"
                          CONTENT="illum"/>
                  <SP HEIGHT="60" WIDTH="16" VPOS="1466" HPOS="1817"/>
                  <String HEIGHT="60"
                          WIDTH="192"
                          VPOS="1466"
                          HPOS="1753"
                          CONTENT="prohiberet"/>
               </TextLine>
               <TextLine ID="r3l24"
                         BASELINE="1583"
                         HEIGHT="66"
                         WIDTH="1760"
                         VPOS="1517"
                         HPOS="174">
                  <String HEIGHT="66"
                          WIDTH="125"
                          VPOS="1517"
                          HPOS="158"
                          CONTENT="sola"/>
                  <SP HEIGHT="66" WIDTH="16" VPOS="1517" HPOS="283"/>
                  <String HEIGHT="66"
                          WIDTH="249"
                          VPOS="1517"
                          HPOS="236"
                          CONTENT="taciturnitas"/>
                  <SP HEIGHT="66" WIDTH="16" VPOS="1517" HPOS="486"/>
                  <String HEIGHT="66"
                          WIDTH="187"
                          VPOS="1517"
                          HPOS="439"
                          CONTENT="episcopi"/>
                  <SP HEIGHT="66" WIDTH="16" VPOS="1517" HPOS="626"/>
                  <String HEIGHT="66"
                          WIDTH="140"
                          VPOS="1517"
                          HPOS="579"
                          CONTENT="esset"/>
                  <SP HEIGHT="66" WIDTH="16" VPOS="1517" HPOS="719"/>
                  <String HEIGHT="66"
                          WIDTH="140"
                          VPOS="1517"
                          HPOS="672"
                          CONTENT="facti"/>
                  <SP HEIGHT="66" WIDTH="16" VPOS="1517" HPOS="813"/>
                  <String HEIGHT="66"
                          WIDTH="156"
                          VPOS="1517"
                          HPOS="766"
                          CONTENT="illius"/>
                  <SP HEIGHT="66" WIDTH="16" VPOS="1517" HPOS="922"/>
                  <String HEIGHT="66"
                          WIDTH="234"
                          VPOS="1517"
                          HPOS="875"
                          CONTENT="confirmatio"/>
                  <SP HEIGHT="66" WIDTH="16" VPOS="1517" HPOS="1109"/>
                  <String HEIGHT="66" WIDTH="78" VPOS="1517" HPOS="1062" CONTENT="&amp;"/>
                  <SP HEIGHT="66" WIDTH="16" VPOS="1517" HPOS="1140"/>
                  <String HEIGHT="66"
                          WIDTH="140"
                          VPOS="1517"
                          HPOS="1093"
                          CONTENT="daret"/>
                  <SP HEIGHT="66" WIDTH="16" VPOS="1517" HPOS="1233"/>
                  <String HEIGHT="66" WIDTH="93" VPOS="1517" HPOS="1186" CONTENT="ei"/>
                  <SP HEIGHT="66" WIDTH="16" VPOS="1517" HPOS="1280"/>
                  <String HEIGHT="66"
                          WIDTH="234"
                          VPOS="1517"
                          HPOS="1233"
                          CONTENT="potestatem,"/>
                  <SP HEIGHT="66" WIDTH="16" VPOS="1517" HPOS="1467"/>
                  <String HEIGHT="66" WIDTH="78" VPOS="1517" HPOS="1420" CONTENT="&amp;"/>
                  <SP HEIGHT="66" WIDTH="16" VPOS="1517" HPOS="1498"/>
                  <String HEIGHT="66"
                          WIDTH="109"
                          VPOS="1517"
                          HPOS="1451"
                          CONTENT="sic"/>
                  <SP HEIGHT="66" WIDTH="16" VPOS="1517" HPOS="1560"/>
                  <String HEIGHT="66"
                          WIDTH="265"
                          VPOS="1517"
                          HPOS="1513"
                          CONTENT="taciturnitate"/>
                  <SP HEIGHT="66" WIDTH="16" VPOS="1517" HPOS="1778"/>
                  <String HEIGHT="66"
                          WIDTH="125"
                          VPOS="1517"
                          HPOS="1732"
                          CONTENT="vsum"/>
                  <SP HEIGHT="66" WIDTH="16" VPOS="1517" HPOS="1856"/>
                  <String HEIGHT="66"
                          WIDTH="140"
                          VPOS="1517"
                          HPOS="1794"
                          CONTENT="fratrum"/>
               </TextLine>
               <TextLine ID="r3l25"
                         BASELINE="1643"
                         HEIGHT="73"
                         WIDTH="1757"
                         VPOS="1570"
                         HPOS="174">
                  <String HEIGHT="73"
                          WIDTH="220"
                          VPOS="1570"
                          HPOS="158"
                          CONTENT="approbauit"/>
                  <SP HEIGHT="73" WIDTH="16" VPOS="1570" HPOS="378"/>
                  <String HEIGHT="73" WIDTH="78" VPOS="1570" HPOS="331" CONTENT="&amp;"/>
                  <SP HEIGHT="73" WIDTH="16" VPOS="1570" HPOS="409"/>
                  <String HEIGHT="73"
                          WIDTH="157"
                          VPOS="1570"
                          HPOS="362"
                          CONTENT="multum"/>
                  <SP HEIGHT="73" WIDTH="16" VPOS="1570" HPOS="519"/>
                  <String HEIGHT="73"
                          WIDTH="173"
                          VPOS="1570"
                          HPOS="472"
                          CONTENT="meruit."/>
                  <SP HEIGHT="73" WIDTH="16" VPOS="1570" HPOS="645"/>
                  <String HEIGHT="73" WIDTH="94" VPOS="1570" HPOS="598" CONTENT="AD"/>
                  <SP HEIGHT="73" WIDTH="16" VPOS="1570" HPOS="692"/>
                  <String HEIGHT="73"
                          WIDTH="126"
                          VPOS="1570"
                          HPOS="645"
                          CONTENT="ista"/>
                  <SP HEIGHT="73" WIDTH="16" VPOS="1570" HPOS="770"/>
                  <String HEIGHT="73"
                          WIDTH="126"
                          VPOS="1570"
                          HPOS="723"
                          CONTENT="dico"/>
                  <SP HEIGHT="73" WIDTH="16" VPOS="1570" HPOS="849"/>
                  <String HEIGHT="73"
                          WIDTH="110"
                          VPOS="1570"
                          HPOS="801"
                          CONTENT="per"/>
                  <SP HEIGHT="73" WIDTH="16" VPOS="1570" HPOS="911"/>
                  <String HEIGHT="73"
                          WIDTH="188"
                          VPOS="1570"
                          HPOS="864"
                          CONTENT="ordinem."/>
                  <SP HEIGHT="73" WIDTH="16" VPOS="1570" HPOS="1053"/>
                  <String HEIGHT="73" WIDTH="94" VPOS="1570" HPOS="1005" CONTENT="Ad"/>
                  <SP HEIGHT="73" WIDTH="16" VPOS="1570" HPOS="1100"/>
                  <String HEIGHT="73"
                          WIDTH="157"
                          VPOS="1570"
                          HPOS="1053"
                          CONTENT="primum"/>
                  <SP HEIGHT="73" WIDTH="16" VPOS="1570" HPOS="1209"/>
                  <String HEIGHT="73"
                          WIDTH="126"
                          VPOS="1570"
                          HPOS="1162"
                          CONTENT="enim"/>
                  <SP HEIGHT="73" WIDTH="16" VPOS="1570" HPOS="1288"/>
                  <String HEIGHT="73"
                          WIDTH="126"
                          VPOS="1570"
                          HPOS="1241"
                          CONTENT="dico"/>
                  <SP HEIGHT="73" WIDTH="16" VPOS="1570" HPOS="1366"/>
                  <String HEIGHT="73"
                          WIDTH="126"
                          VPOS="1570"
                          HPOS="1319"
                          CONTENT="quod"/>
                  <SP HEIGHT="73" WIDTH="16" VPOS="1570" HPOS="1445"/>
                  <String HEIGHT="73"
                          WIDTH="173"
                          VPOS="1570"
                          HPOS="1398"
                          CONTENT="numquam"/>
                  <SP HEIGHT="73" WIDTH="16" VPOS="1570" HPOS="1570"/>
                  <String HEIGHT="73"
                          WIDTH="126"
                          VPOS="1570"
                          HPOS="1523"
                          CONTENT="fuit"/>
                  <SP HEIGHT="73" WIDTH="16" VPOS="1570" HPOS="1649"/>
                  <String HEIGHT="73"
                          WIDTH="235"
                          VPOS="1570"
                          HPOS="1602"
                          CONTENT="intentionis"/>
                  <SP HEIGHT="73" WIDTH="16" VPOS="1570" HPOS="1837"/>
                  <String HEIGHT="73"
                          WIDTH="126"
                          VPOS="1570"
                          HPOS="1790"
                          CONTENT="meae"/>
                  <SP HEIGHT="73" WIDTH="16" VPOS="1570" HPOS="1915"/>
                  <String HEIGHT="73" WIDTH="94" VPOS="1570" HPOS="1868" CONTENT="vn"/>
                  <SP HEIGHT="73" WIDTH="16" VPOS="1570" HPOS="1962"/>
                  <String HEIGHT="73" WIDTH="31" VPOS="1570" HPOS="1900" CONTENT=""/>
               </TextLine>
               <TextLine ID="r3l26"
                         BASELINE="1698"
                         HEIGHT="72"
                         WIDTH="1755"
                         VPOS="1626"
                         HPOS="178">
                  <String HEIGHT="72"
                          WIDTH="113"
                          VPOS="1626"
                          HPOS="164"
                          CONTENT="gere"/>
                  <SP HEIGHT="72" WIDTH="14" VPOS="1626" HPOS="277"/>
                  <String HEIGHT="72" WIDTH="99" VPOS="1626" HPOS="235" CONTENT="eos"/>
                  <SP HEIGHT="72" WIDTH="14" VPOS="1626" HPOS="334"/>
                  <String HEIGHT="72"
                          WIDTH="113"
                          VPOS="1626"
                          HPOS="291"
                          CONTENT="ole."/>
                  <SP HEIGHT="72" WIDTH="14" VPOS="1626" HPOS="404"/>
                  <String HEIGHT="72"
                          WIDTH="170"
                          VPOS="1626"
                          HPOS="362"
                          CONTENT="scilicet"/>
                  <SP HEIGHT="72" WIDTH="14" VPOS="1626" HPOS="532"/>
                  <String HEIGHT="72"
                          WIDTH="198"
                          VPOS="1626"
                          HPOS="489"
                          CONTENT="peccatoris"/>
                  <SP HEIGHT="72" WIDTH="14" VPOS="1626" HPOS="688"/>
                  <String HEIGHT="72"
                          WIDTH="212"
                          VPOS="1626"
                          HPOS="645"
                          CONTENT="impinguando"/>
                  <SP HEIGHT="72" WIDTH="14" VPOS="1626" HPOS="857"/>
                  <String HEIGHT="72"
                          WIDTH="142"
                          VPOS="1626"
                          HPOS="815"
                          CONTENT="capita"/>
                  <SP HEIGHT="72" WIDTH="14" VPOS="1626" HPOS="956"/>
                  <String HEIGHT="72"
                          WIDTH="113"
                          VPOS="1626"
                          HPOS="914"
                          CONTENT="ipso"/>
                  <SP HEIGHT="72" WIDTH="14" VPOS="1626" HPOS="1027"/>
                  <String HEIGHT="72" WIDTH="99" VPOS="1626" HPOS="985" CONTENT="rum"/>
                  <SP HEIGHT="72" WIDTH="14" VPOS="1626" HPOS="1084"/>
                  <String HEIGHT="72" WIDTH="85" VPOS="1626" HPOS="1041" CONTENT="vt"/>
                  <SP HEIGHT="72" WIDTH="14" VPOS="1626" HPOS="1126"/>
                  <String HEIGHT="72"
                          WIDTH="127"
                          VPOS="1626"
                          HPOS="1084"
                          CONTENT="corda"/>
                  <SP HEIGHT="72" WIDTH="14" VPOS="1626" HPOS="1211"/>
                  <String HEIGHT="72"
                          WIDTH="127"
                          VPOS="1626"
                          HPOS="1169"
                          CONTENT="eorum"/>
                  <SP HEIGHT="72" WIDTH="14" VPOS="1626" HPOS="1296"/>
                  <String HEIGHT="72"
                          WIDTH="156"
                          VPOS="1626"
                          HPOS="1254"
                          CONTENT="tamquam"/>
                  <SP HEIGHT="72" WIDTH="14" VPOS="1626" HPOS="1409"/>
                  <String HEIGHT="72"
                          WIDTH="212"
                          VPOS="1626"
                          HPOS="1367"
                          CONTENT="innocentium"/>
                  <SP HEIGHT="72" WIDTH="14" VPOS="1626" HPOS="1579"/>
                  <String HEIGHT="72"
                          WIDTH="212"
                          VPOS="1626"
                          HPOS="1537"
                          CONTENT="subuerterem"/>
                  <SP HEIGHT="72" WIDTH="14" VPOS="1626" HPOS="1749"/>
                  <String HEIGHT="72"
                          WIDTH="99"
                          VPOS="1626"
                          HPOS="1707"
                          CONTENT="per"/>
                  <SP HEIGHT="72" WIDTH="14" VPOS="1626" HPOS="1806"/>
                  <String HEIGHT="72"
                          WIDTH="184"
                          VPOS="1626"
                          HPOS="1749"
                          CONTENT="benedictio"
                          SUBS_TYPE="HypPart1"
                          SUBS_CONTENT="benedictiones"/>
                  <HYP CONTENT="-"/>
               </TextLine>
               <TextLine ID="r3l27"
                         BASELINE="1745"
                         HEIGHT="63"
                         WIDTH="1758"
                         VPOS="1682"
                         HPOS="179">
                  <String HEIGHT="63"
                          WIDTH="124"
                          VPOS="1682"
                          HPOS="161"
                          CONTENT="nes"
                          SUBS_TYPE="HypPart2"
                          SUBS_CONTENT="benedictiones"/>
                  <SP HEIGHT="63" WIDTH="18" VPOS="1682" HPOS="286"/>
                  <String HEIGHT="63" WIDTH="89" VPOS="1682" HPOS="232" CONTENT="&amp;"/>
                  <SP HEIGHT="63" WIDTH="18" VPOS="1682" HPOS="321"/>
                  <String HEIGHT="63"
                          WIDTH="178"
                          VPOS="1682"
                          HPOS="268"
                          CONTENT="dulces"/>
                  <SP HEIGHT="63" WIDTH="18" VPOS="1682" HPOS="445"/>
                  <String HEIGHT="63"
                          WIDTH="231"
                          VPOS="1682"
                          HPOS="392"
                          CONTENT="sermones:"/>
                  <SP HEIGHT="63" WIDTH="18" VPOS="1682" HPOS="623"/>
                  <String HEIGHT="63"
                          WIDTH="124"
                          VPOS="1682"
                          HPOS="570"
                          CONTENT="nec"/>
                  <SP HEIGHT="63" WIDTH="18" VPOS="1682" HPOS="694"/>
                  <String HEIGHT="63"
                          WIDTH="160"
                          VPOS="1682"
                          HPOS="641"
                          CONTENT="etiam"/>
                  <SP HEIGHT="63" WIDTH="18" VPOS="1682" HPOS="801"/>
                  <String HEIGHT="63"
                          WIDTH="178"
                          VPOS="1682"
                          HPOS="747"
                          CONTENT="vnquam"/>
                  <SP HEIGHT="63" WIDTH="18" VPOS="1682" HPOS="925"/>
                  <String HEIGHT="63"
                          WIDTH="142"
                          VPOS="1682"
                          HPOS="872"
                          CONTENT="fuit"/>
                  <SP HEIGHT="63" WIDTH="18" VPOS="1682" HPOS="1014"/>
                  <String HEIGHT="63"
                          WIDTH="266"
                          VPOS="1682"
                          HPOS="960"
                          CONTENT="intentionis"/>
                  <SP HEIGHT="63" WIDTH="18" VPOS="1682" HPOS="1227"/>
                  <String HEIGHT="63"
                          WIDTH="142"
                          VPOS="1682"
                          HPOS="1173"
                          CONTENT="meae"/>
                  <SP HEIGHT="63" WIDTH="18" VPOS="1682" HPOS="1315"/>
                  <String HEIGHT="63"
                          WIDTH="195"
                          VPOS="1682"
                          HPOS="1262"
                          CONTENT="pungere"/>
                  <SP HEIGHT="63" WIDTH="18" VPOS="1682" HPOS="1458"/>
                  <String HEIGHT="63"
                          WIDTH="124"
                          VPOS="1682"
                          HPOS="1404"
                          CONTENT="eos"/>
                  <SP HEIGHT="63" WIDTH="18" VPOS="1682" HPOS="1529"/>
                  <String HEIGHT="63"
                          WIDTH="107"
                          VPOS="1682"
                          HPOS="1475"
                          CONTENT="ad"/>
                  <SP HEIGHT="63" WIDTH="18" VPOS="1682" HPOS="1582"/>
                  <String HEIGHT="63"
                          WIDTH="337"
                          VPOS="1682"
                          HPOS="1529"
                          CONTENT="reprehendendum,"/>
                  <SP HEIGHT="63" WIDTH="18" VPOS="1682" HPOS="1866"/>
                  <String HEIGHT="63"
                          WIDTH="124"
                          VPOS="1682"
                          HPOS="1813"
                          CONTENT="sed"/>
                  <SP HEIGHT="63" WIDTH="18" VPOS="1682" HPOS="1937"/>
                  <String HEIGHT="63" WIDTH="71" VPOS="1682" HPOS="1866" CONTENT="so"/>
               </TextLine>
               <TextLine ID="r3l28"
                         BASELINE="1795"
                         HEIGHT="57"
                         WIDTH="1769"
                         VPOS="1738"
                         HPOS="171">
                  <String HEIGHT="57"
                          WIDTH="153"
                          VPOS="1738"
                          HPOS="154"
                          CONTENT="lummo"/>
                  <SP HEIGHT="57" WIDTH="17" VPOS="1738" HPOS="307"/>
                  <String HEIGHT="57" WIDTH="102" VPOS="1738" HPOS="256" CONTENT="ad"/>
                  <SP HEIGHT="57" WIDTH="17" VPOS="1738" HPOS="358"/>
                  <String HEIGHT="57"
                          WIDTH="272"
                          VPOS="1738"
                          HPOS="307"
                          CONTENT="corripiendum"/>
                  <SP HEIGHT="57" WIDTH="17" VPOS="1738" HPOS="579"/>
                  <String HEIGHT="57" WIDTH="102" VPOS="1738" HPOS="528" CONTENT="in"/>
                  <SP HEIGHT="57" WIDTH="17" VPOS="1738" HPOS="630"/>
                  <String HEIGHT="57"
                          WIDTH="272"
                          VPOS="1738"
                          HPOS="579"
                          CONTENT="misericordia"/>
                  <SP HEIGHT="57" WIDTH="17" VPOS="1738" HPOS="851"/>
                  <String HEIGHT="57" WIDTH="85" VPOS="1738" HPOS="800" CONTENT="&amp;"/>
                  <SP HEIGHT="57" WIDTH="17" VPOS="1738" HPOS="885"/>
                  <String HEIGHT="57"
                          WIDTH="306"
                          VPOS="1738"
                          HPOS="834"
                          CONTENT="interpellandum"/>
                  <SP HEIGHT="57" WIDTH="17" VPOS="1738" HPOS="1141"/>
                  <String HEIGHT="57"
                          WIDTH="102"
                          VPOS="1738"
                          HPOS="1090"
                          CONTENT="vt"/>
                  <SP HEIGHT="57" WIDTH="17" VPOS="1738" HPOS="1192"/>
                  <String HEIGHT="57"
                          WIDTH="119"
                          VPOS="1738"
                          HPOS="1141"
                          CONTENT="per"/>
                  <SP HEIGHT="57" WIDTH="17" VPOS="1738" HPOS="1260"/>
                  <String HEIGHT="57"
                          WIDTH="153"
                          VPOS="1738"
                          HPOS="1209"
                          CONTENT="verba"/>
                  <SP HEIGHT="57" WIDTH="17" VPOS="1738" HPOS="1362"/>
                  <String HEIGHT="57"
                          WIDTH="221"
                          VPOS="1738"
                          HPOS="1311"
                          CONTENT="veritatis"/>
                  <SP HEIGHT="57" WIDTH="17" VPOS="1738" HPOS="1532"/>
                  <String HEIGHT="57"
                          WIDTH="221"
                          VPOS="1738"
                          HPOS="1481"
                          CONTENT="commoniti"/>
                  <SP HEIGHT="57" WIDTH="17" VPOS="1738" HPOS="1702"/>
                  <String HEIGHT="57"
                          WIDTH="255"
                          VPOS="1738"
                          HPOS="1651"
                          CONTENT="custodirent"/>
                  <SP HEIGHT="57" WIDTH="17" VPOS="1738" HPOS="1906"/>
                  <String HEIGHT="57"
                          WIDTH="102"
                          VPOS="1738"
                          HPOS="1838"
                          CONTENT="viam"/>
               </TextLine>
               <TextLine ID="r3l29"
                         BASELINE="1861"
                         HEIGHT="69"
                         WIDTH="1755"
                         VPOS="1792"
                         HPOS="175">
                  <String HEIGHT="69"
                          WIDTH="216"
                          VPOS="1792"
                          HPOS="161"
                          CONTENT="aequitatis."/>
                  <SP HEIGHT="69" WIDTH="14" VPOS="1792" HPOS="376"/>
                  <String HEIGHT="69"
                          WIDTH="101"
                          VPOS="1792"
                          HPOS="333"
                          CONTENT="Non"/>
                  <SP HEIGHT="69" WIDTH="14" VPOS="1792" HPOS="434"/>
                  <String HEIGHT="69"
                          WIDTH="101"
                          VPOS="1792"
                          HPOS="391"
                          CONTENT="est"/>
                  <SP HEIGHT="69" WIDTH="14" VPOS="1792" HPOS="491"/>
                  <String HEIGHT="69"
                          WIDTH="101"
                          VPOS="1792"
                          HPOS="448"
                          CONTENT="est"/>
                  <SP HEIGHT="69" WIDTH="14" VPOS="1792" HPOS="549"/>
                  <String HEIGHT="69"
                          WIDTH="129"
                          VPOS="1792"
                          HPOS="506"
                          CONTENT="verum"/>
                  <SP HEIGHT="69" WIDTH="14" VPOS="1792" HPOS="635"/>
                  <String HEIGHT="69"
                          WIDTH="115"
                          VPOS="1792"
                          HPOS="592"
                          CONTENT="quod"/>
                  <SP HEIGHT="69" WIDTH="14" VPOS="1792" HPOS="707"/>
                  <String HEIGHT="69"
                          WIDTH="158"
                          VPOS="1792"
                          HPOS="664"
                          CONTENT="dixerim"/>
                  <SP HEIGHT="69" WIDTH="14" VPOS="1792" HPOS="822"/>
                  <String HEIGHT="69"
                          WIDTH="158"
                          VPOS="1792"
                          HPOS="779"
                          CONTENT="fratres"/>
                  <SP HEIGHT="69" WIDTH="14" VPOS="1792" HPOS="937"/>
                  <String HEIGHT="69"
                          WIDTH="158"
                          VPOS="1792"
                          HPOS="894"
                          CONTENT="hatbene"/>
                  <SP HEIGHT="69" WIDTH="14" VPOS="1792" HPOS="1053"/>
                  <String HEIGHT="69"
                          WIDTH="173"
                          VPOS="1792"
                          HPOS="1009"
                          CONTENT="iniustam"/>
                  <SP HEIGHT="69" WIDTH="14" VPOS="1792" HPOS="1182"/>
                  <String HEIGHT="69"
                          WIDTH="144"
                          VPOS="1792"
                          HPOS="1139"
                          CONTENT="cauam,"/>
                  <SP HEIGHT="69" WIDTH="14" VPOS="1792" HPOS="1283"/>
                  <String HEIGHT="69"
                          WIDTH="101"
                          VPOS="1792"
                          HPOS="1240"
                          CONTENT="imo"/>
                  <SP HEIGHT="69" WIDTH="14" VPOS="1792" HPOS="1340"/>
                  <String HEIGHT="69"
                          WIDTH="158"
                          VPOS="1792"
                          HPOS="1297"
                          CONTENT="solummo"/>
                  <SP HEIGHT="69" WIDTH="14" VPOS="1792" HPOS="1455"/>
                  <String HEIGHT="69"
                          WIDTH="115"
                          VPOS="1792"
                          HPOS="1412"
                          CONTENT="dixi"/>
                  <SP HEIGHT="69" WIDTH="14" VPOS="1792" HPOS="1527"/>
                  <String HEIGHT="69"
                          WIDTH="115"
                          VPOS="1792"
                          HPOS="1484"
                          CONTENT="quod"/>
                  <SP HEIGHT="69" WIDTH="14" VPOS="1792" HPOS="1599"/>
                  <String HEIGHT="69"
                          WIDTH="230"
                          VPOS="1792"
                          HPOS="1556"
                          CONTENT="taciturnitas"/>
                  <SP HEIGHT="69" WIDTH="14" VPOS="1792" HPOS="1786"/>
                  <String HEIGHT="69"
                          WIDTH="129"
                          VPOS="1792"
                          HPOS="1743"
                          CONTENT="papae"/>
                  <SP HEIGHT="69" WIDTH="14" VPOS="1792" HPOS="1872"/>
                  <String HEIGHT="69"
                          WIDTH="115"
                          VPOS="1792"
                          HPOS="1815"
                          CONTENT="potius"/>
               </TextLine>
               <TextLine ID="r3l30"
                         BASELINE="1913"
                         HEIGHT="64"
                         WIDTH="1762"
                         VPOS="1849"
                         HPOS="166">
                  <String HEIGHT="64" WIDTH="98" VPOS="1849" HPOS="152" CONTENT="est"/>
                  <SP HEIGHT="64" WIDTH="14" VPOS="1849" HPOS="250"/>
                  <String HEIGHT="64"
                          WIDTH="140"
                          VPOS="1849"
                          HPOS="208"
                          CONTENT="signum"/>
                  <SP HEIGHT="64" WIDTH="14" VPOS="1849" HPOS="348"/>
                  <String HEIGHT="64"
                          WIDTH="112"
                          VPOS="1849"
                          HPOS="306"
                          CONTENT="quod"/>
                  <SP HEIGHT="64" WIDTH="14" VPOS="1849" HPOS="418"/>
                  <String HEIGHT="64"
                          WIDTH="112"
                          VPOS="1849"
                          HPOS="376"
                          CONTENT="ipsi"/>
                  <SP HEIGHT="64" WIDTH="14" VPOS="1849" HPOS="488"/>
                  <String HEIGHT="64"
                          WIDTH="168"
                          VPOS="1849"
                          HPOS="446"
                          CONTENT="iniustam"/>
                  <SP HEIGHT="64" WIDTH="14" VPOS="1849" HPOS="613"/>
                  <String HEIGHT="64"
                          WIDTH="126"
                          VPOS="1849"
                          HPOS="572"
                          CONTENT="causm"/>
                  <SP HEIGHT="64" WIDTH="14" VPOS="1849" HPOS="697"/>
                  <String HEIGHT="64"
                          WIDTH="182"
                          VPOS="1849"
                          HPOS="655"
                          CONTENT="defendant"/>
                  <SP HEIGHT="64" WIDTH="14" VPOS="1849" HPOS="837"/>
                  <String HEIGHT="64"
                          WIDTH="112"
                          VPOS="1849"
                          HPOS="795"
                          CONTENT="quam"/>
                  <SP HEIGHT="64" WIDTH="14" VPOS="1849" HPOS="907"/>
                  <String HEIGHT="64"
                          WIDTH="182"
                          VPOS="1849"
                          HPOS="865"
                          CONTENT="praelati:"/>
                  <SP HEIGHT="64" WIDTH="14" VPOS="1849" HPOS="1047"/>
                  <String HEIGHT="64"
                          WIDTH="112"
                          VPOS="1849"
                          HPOS="1005"
                          CONTENT="quid"/>
                  <SP HEIGHT="64" WIDTH="14" VPOS="1849" HPOS="1117"/>
                  <String HEIGHT="64"
                          WIDTH="126"
                          VPOS="1849"
                          HPOS="1075"
                          CONTENT="etiam"/>
                  <SP HEIGHT="64" WIDTH="14" VPOS="1849" HPOS="1201"/>
                  <String HEIGHT="64"
                          WIDTH="98"
                          VPOS="1849"
                          HPOS="1159"
                          CONTENT="ego"/>
                  <SP HEIGHT="64" WIDTH="14" VPOS="1849" HPOS="1257"/>
                  <String HEIGHT="64"
                          WIDTH="168"
                          VPOS="1849"
                          HPOS="1215"
                          CONTENT="firmitur"/>
                  <SP HEIGHT="64" WIDTH="14" VPOS="1849" HPOS="1383"/>
                  <String HEIGHT="64"
                          WIDTH="154"
                          VPOS="1849"
                          HPOS="1341"
                          CONTENT="opinor."/>
                  <SP HEIGHT="64" WIDTH="14" VPOS="1849" HPOS="1494"/>
                  <String HEIGHT="64" WIDTH="84" VPOS="1849" HPOS="1453" CONTENT="Ad"/>
                  <SP HEIGHT="64" WIDTH="14" VPOS="1849" HPOS="1536"/>
                  <String HEIGHT="64"
                          WIDTH="182"
                          VPOS="1849"
                          HPOS="1494"
                          CONTENT="secundum:"/>
                  <SP HEIGHT="64" WIDTH="14" VPOS="1849" HPOS="1676"/>
                  <String HEIGHT="64"
                          WIDTH="112"
                          VPOS="1849"
                          HPOS="1634"
                          CONTENT="quod"/>
                  <SP HEIGHT="64" WIDTH="14" VPOS="1849" HPOS="1746"/>
                  <String HEIGHT="64"
                          WIDTH="140"
                          VPOS="1849"
                          HPOS="1704"
                          CONTENT="dixeri"/>
                  <SP HEIGHT="64" WIDTH="14" VPOS="1849" HPOS="1844"/>
                  <String HEIGHT="64"
                          WIDTH="126"
                          VPOS="1849"
                          HPOS="1802"
                          CONTENT="papam"/>
                  <SP HEIGHT="64" WIDTH="14" VPOS="1849" HPOS="1928"/>
                  <String HEIGHT="64" WIDTH="56" VPOS="1849" HPOS="1872" CONTENT="fo"/>
               </TextLine>
               <TextLine ID="r3l31"
                         BASELINE="1965"
                         HEIGHT="66"
                         WIDTH="1760"
                         VPOS="1899"
                         HPOS="178">
                  <String HEIGHT="66"
                          WIDTH="119"
                          VPOS="1899"
                          HPOS="163"
                          CONTENT="uere"/>
                  <SP HEIGHT="66" WIDTH="15" VPOS="1899" HPOS="282"/>
                  <String HEIGHT="66"
                          WIDTH="179"
                          VPOS="1899"
                          HPOS="238"
                          CONTENT="iniustam"/>
                  <SP HEIGHT="66" WIDTH="15" VPOS="1899" HPOS="417"/>
                  <String HEIGHT="66"
                          WIDTH="149"
                          VPOS="1899"
                          HPOS="372"
                          CONTENT="cauam,"/>
                  <SP HEIGHT="66" WIDTH="15" VPOS="1899" HPOS="521"/>
                  <String HEIGHT="66" WIDTH="75" VPOS="1899" HPOS="476" CONTENT="&amp;"/>
                  <SP HEIGHT="66" WIDTH="15" VPOS="1899" HPOS="551"/>
                  <String HEIGHT="66"
                          WIDTH="119"
                          VPOS="1899"
                          HPOS="506"
                          CONTENT="quod"/>
                  <SP HEIGHT="66" WIDTH="15" VPOS="1899" HPOS="625"/>
                  <String HEIGHT="66"
                          WIDTH="104"
                          VPOS="1899"
                          HPOS="581"
                          CONTENT="sic"/>
                  <SP HEIGHT="66" WIDTH="15" VPOS="1899" HPOS="685"/>
                  <String HEIGHT="66"
                          WIDTH="164"
                          VPOS="1899"
                          HPOS="640"
                          CONTENT="impingo"/>
                  <SP HEIGHT="66" WIDTH="15" VPOS="1899" HPOS="804"/>
                  <String HEIGHT="66" WIDTH="89" VPOS="1899" HPOS="760" CONTENT="in"/>
                  <SP HEIGHT="66" WIDTH="15" VPOS="1899" HPOS="849"/>
                  <String HEIGHT="66"
                          WIDTH="119"
                          VPOS="1899"
                          HPOS="804"
                          CONTENT="eum:"/>
                  <SP HEIGHT="66" WIDTH="15" VPOS="1899" HPOS="924"/>
                  <String HEIGHT="66"
                          WIDTH="119"
                          VPOS="1899"
                          HPOS="879"
                          CONTENT="dico"/>
                  <SP HEIGHT="66" WIDTH="15" VPOS="1899" HPOS="998"/>
                  <String HEIGHT="66"
                          WIDTH="119"
                          VPOS="1899"
                          HPOS="954"
                          CONTENT="quod"/>
                  <SP HEIGHT="66" WIDTH="15" VPOS="1899" HPOS="1073"/>
                  <String HEIGHT="66"
                          WIDTH="104"
                          VPOS="1899"
                          HPOS="1028"
                          CONTENT="non"/>
                  <SP HEIGHT="66" WIDTH="15" VPOS="1899" HPOS="1133"/>
                  <String HEIGHT="66"
                          WIDTH="104"
                          VPOS="1899"
                          HPOS="1088"
                          CONTENT="est"/>
                  <SP HEIGHT="66" WIDTH="15" VPOS="1899" HPOS="1192"/>
                  <String HEIGHT="66"
                          WIDTH="149"
                          VPOS="1899"
                          HPOS="1147"
                          CONTENT="verum."/>
                  <SP HEIGHT="66" WIDTH="15" VPOS="1899" HPOS="1297"/>
                  <String HEIGHT="66"
                          WIDTH="104"
                          VPOS="1899"
                          HPOS="1252"
                          CONTENT="non"/>
                  <SP HEIGHT="66" WIDTH="15" VPOS="1899" HPOS="1356"/>
                  <String HEIGHT="66"
                          WIDTH="119"
                          VPOS="1899"
                          HPOS="1312"
                          CONTENT="enim"/>
                  <SP HEIGHT="66" WIDTH="15" VPOS="1899" HPOS="1431"/>
                  <String HEIGHT="66"
                          WIDTH="119"
                          VPOS="1899"
                          HPOS="1386"
                          CONTENT="dixi"/>
                  <SP HEIGHT="66" WIDTH="15" VPOS="1899" HPOS="1505"/>
                  <String HEIGHT="66"
                          WIDTH="134"
                          VPOS="1899"
                          HPOS="1461"
                          CONTENT="papam"/>
                  <SP HEIGHT="66" WIDTH="15" VPOS="1899" HPOS="1595"/>
                  <String HEIGHT="66"
                          WIDTH="149"
                          VPOS="1899"
                          HPOS="1550"
                          CONTENT="fouere"/>
                  <SP HEIGHT="66" WIDTH="15" VPOS="1899" HPOS="1699"/>
                  <String HEIGHT="66"
                          WIDTH="179"
                          VPOS="1899"
                          HPOS="1655"
                          CONTENT="iniustam"/>
                  <SP HEIGHT="66" WIDTH="15" VPOS="1899" HPOS="1834"/>
                  <String HEIGHT="66"
                          WIDTH="119"
                          VPOS="1899"
                          HPOS="1789"
                          CONTENT="cam:"/>
                  <SP HEIGHT="66" WIDTH="15" VPOS="1899" HPOS="1908"/>
                  <String HEIGHT="66"
                          WIDTH="89"
                          VPOS="1899"
                          HPOS="1849"
                          CONTENT="immo"/>
               </TextLine>
               <TextLine ID="r3l32"
                         BASELINE="2013"
                         HEIGHT="58"
                         WIDTH="1760"
                         VPOS="1955"
                         HPOS="177">
                  <String HEIGHT="58"
                          WIDTH="108"
                          VPOS="1955"
                          HPOS="163"
                          CONTENT="dixi"/>
                  <SP HEIGHT="58" WIDTH="14" VPOS="1955" HPOS="272"/>
                  <String HEIGHT="58"
                          WIDTH="108"
                          VPOS="1955"
                          HPOS="231"
                          CONTENT="quod"/>
                  <SP HEIGHT="58" WIDTH="14" VPOS="1955" HPOS="339"/>
                  <String HEIGHT="58"
                          WIDTH="217"
                          VPOS="1955"
                          HPOS="299"
                          CONTENT="taciturnitas"/>
                  <SP HEIGHT="58" WIDTH="14" VPOS="1955" HPOS="515"/>
                  <String HEIGHT="58"
                          WIDTH="122"
                          VPOS="1955"
                          HPOS="475"
                          CONTENT="papae"/>
                  <SP HEIGHT="58" WIDTH="14" VPOS="1955" HPOS="597"/>
                  <String HEIGHT="58"
                          WIDTH="135"
                          VPOS="1955"
                          HPOS="556"
                          CONTENT="potius"/>
                  <SP HEIGHT="58" WIDTH="14" VPOS="1955" HPOS="691"/>
                  <String HEIGHT="58"
                          WIDTH="122"
                          VPOS="1955"
                          HPOS="651"
                          CONTENT="esset"/>
                  <SP HEIGHT="58" WIDTH="14" VPOS="1955" HPOS="773"/>
                  <String HEIGHT="58"
                          WIDTH="135"
                          VPOS="1955"
                          HPOS="732"
                          CONTENT="signum"/>
                  <SP HEIGHT="58" WIDTH="14" VPOS="1955" HPOS="867"/>
                  <String HEIGHT="58"
                          WIDTH="108"
                          VPOS="1955"
                          HPOS="827"
                          CONTENT="quod"/>
                  <SP HEIGHT="58" WIDTH="14" VPOS="1955" HPOS="935"/>
                  <String HEIGHT="58"
                          WIDTH="149"
                          VPOS="1955"
                          HPOS="895"
                          CONTENT="fratres"/>
                  <SP HEIGHT="58" WIDTH="14" VPOS="1955" HPOS="1043"/>
                  <String HEIGHT="58"
                          WIDTH="203"
                          VPOS="1955"
                          HPOS="1003"
                          CONTENT="defendebant"/>
                  <SP HEIGHT="58" WIDTH="14" VPOS="1955" HPOS="1206"/>
                  <String HEIGHT="58"
                          WIDTH="162"
                          VPOS="1955"
                          HPOS="1165"
                          CONTENT="iniustam"/>
                  <SP HEIGHT="58" WIDTH="14" VPOS="1955" HPOS="1328"/>
                  <String HEIGHT="58"
                          WIDTH="149"
                          VPOS="1955"
                          HPOS="1287"
                          CONTENT="causaam"/>
                  <SP HEIGHT="58" WIDTH="14" VPOS="1955" HPOS="1436"/>
                  <String HEIGHT="58"
                          WIDTH="108"
                          VPOS="1955"
                          HPOS="1395"
                          CONTENT="quam"/>
                  <SP HEIGHT="58" WIDTH="14" VPOS="1955" HPOS="1504"/>
                  <String HEIGHT="58"
                          WIDTH="108"
                          VPOS="1955"
                          HPOS="1463"
                          CONTENT="quod"/>
                  <SP HEIGHT="58" WIDTH="14" VPOS="1955" HPOS="1571"/>
                  <String HEIGHT="58"
                          WIDTH="176"
                          VPOS="1955"
                          HPOS="1531"
                          CONTENT="praelati,"/>
                  <SP HEIGHT="58" WIDTH="14" VPOS="1955" HPOS="1707"/>
                  <String HEIGHT="58" WIDTH="81" VPOS="1955" HPOS="1666" CONTENT="si"/>
                  <SP HEIGHT="58" WIDTH="14" VPOS="1955" HPOS="1747"/>
                  <String HEIGHT="58"
                          WIDTH="108"
                          VPOS="1955"
                          HPOS="1707"
                          CONTENT="ipse"/>
                  <SP HEIGHT="58" WIDTH="14" VPOS="1955" HPOS="1815"/>
                  <String HEIGHT="58"
                          WIDTH="95"
                          VPOS="1955"
                          HPOS="1775"
                          CONTENT="sua"/>
                  <SP HEIGHT="58" WIDTH="14" VPOS="1955" HPOS="1869"/>
                  <String HEIGHT="58"
                          WIDTH="122"
                          VPOS="1955"
                          HPOS="1815"
                          CONTENT="tacitur"/>
               </TextLine>
               <TextLine ID="r3l33"
                         BASELINE="2073"
                         HEIGHT="64"
                         WIDTH="1768"
                         VPOS="2009"
                         HPOS="178">
                  <String HEIGHT="64"
                          WIDTH="144"
                          VPOS="2009"
                          HPOS="164"
                          CONTENT="nitate"/>
                  <SP HEIGHT="64" WIDTH="14" VPOS="2009" HPOS="307"/>
                  <String HEIGHT="64"
                          WIDTH="129"
                          VPOS="2009"
                          HPOS="264"
                          CONTENT="esset"/>
                  <SP HEIGHT="64" WIDTH="14" VPOS="2009" HPOS="394"/>
                  <String HEIGHT="64" WIDTH="86" VPOS="2009" HPOS="350" CONTENT="in"/>
                  <SP HEIGHT="64" WIDTH="14" VPOS="2009" HPOS="437"/>
                  <String HEIGHT="64"
                          WIDTH="144"
                          VPOS="2009"
                          HPOS="394"
                          CONTENT="culpa:"/>
                  <SP HEIGHT="64" WIDTH="14" VPOS="2009" HPOS="537"/>
                  <String HEIGHT="64"
                          WIDTH="115"
                          VPOS="2009"
                          HPOS="494"
                          CONTENT="quod"/>
                  <SP HEIGHT="64" WIDTH="14" VPOS="2009" HPOS="609"/>
                  <String HEIGHT="64"
                          WIDTH="201"
                          VPOS="2009"
                          HPOS="566"
                          CONTENT="necessario"/>
                  <SP HEIGHT="64" WIDTH="14" VPOS="2009" HPOS="767"/>
                  <String HEIGHT="64"
                          WIDTH="172"
                          VPOS="2009"
                          HPOS="724"
                          CONTENT="sequitur"/>
                  <SP HEIGHT="64" WIDTH="14" VPOS="2009" HPOS="897"/>
                  <String HEIGHT="64" WIDTH="86" VPOS="2009" HPOS="854" CONTENT="ex"/>
                  <SP HEIGHT="64" WIDTH="14" VPOS="2009" HPOS="940"/>
                  <String HEIGHT="64"
                          WIDTH="115"
                          VPOS="2009"
                          HPOS="897"
                          CONTENT="modo"/>
                  <SP HEIGHT="64" WIDTH="14" VPOS="2009" HPOS="1012"/>
                  <String HEIGHT="64"
                          WIDTH="172"
                          VPOS="2009"
                          HPOS="969"
                          CONTENT="arguendi"/>
                  <SP HEIGHT="64" WIDTH="14" VPOS="2009" HPOS="1141"/>
                  <String HEIGHT="64"
                          WIDTH="158"
                          VPOS="2009"
                          HPOS="1098"
                          CONTENT="fratrum"/>
                  <SP HEIGHT="64" WIDTH="14" VPOS="2009" HPOS="1256"/>
                  <String HEIGHT="64" WIDTH="86" VPOS="2009" HPOS="1213" CONTENT="sm"/>
                  <SP HEIGHT="64" WIDTH="14" VPOS="2009" HPOS="1299"/>
                  <String HEIGHT="64"
                          WIDTH="201"
                          VPOS="2009"
                          HPOS="1256"
                          CONTENT="praedicta."/>
                  <SP HEIGHT="64" WIDTH="14" VPOS="2009" HPOS="1457"/>
                  <String HEIGHT="64" WIDTH="86" VPOS="2009" HPOS="1414" CONTENT="Vt"/>
                  <SP HEIGHT="64" WIDTH="14" VPOS="2009" HPOS="1500"/>
                  <String HEIGHT="64"
                          WIDTH="115"
                          VPOS="2009"
                          HPOS="1457"
                          CONTENT="esnt"/>
                  <SP HEIGHT="64" WIDTH="14" VPOS="2009" HPOS="1572"/>
                  <String HEIGHT="64"
                          WIDTH="101"
                          VPOS="2009"
                          HPOS="1529"
                          CONTENT="iam"/>
                  <SP HEIGHT="64" WIDTH="14" VPOS="2009" HPOS="1630"/>
                  <String HEIGHT="64"
                          WIDTH="129"
                          VPOS="2009"
                          HPOS="1587"
                          CONTENT="dicam"/>
                  <SP HEIGHT="64" WIDTH="14" VPOS="2009" HPOS="1716"/>
                  <String HEIGHT="64"
                          WIDTH="129"
                          VPOS="2009"
                          HPOS="1673"
                          CONTENT="nullo"/>
                  <SP HEIGHT="64" WIDTH="14" VPOS="2009" HPOS="1802"/>
                  <String HEIGHT="64"
                          WIDTH="115"
                          VPOS="2009"
                          HPOS="1759"
                          CONTENT="modo"/>
                  <SP HEIGHT="64" WIDTH="14" VPOS="2009" HPOS="1874"/>
                  <String HEIGHT="64"
                          WIDTH="129"
                          VPOS="2009"
                          HPOS="1817"
                          CONTENT="necessa"/>
               </TextLine>
               <TextLine ID="r3l34"
                         BASELINE="2127"
                         HEIGHT="64"
                         WIDTH="1767"
                         VPOS="2063"
                         HPOS="166">
                  <String HEIGHT="64"
                          WIDTH="122"
                          VPOS="2063"
                          HPOS="151"
                          CONTENT="rium"/>
                  <SP HEIGHT="64" WIDTH="15" VPOS="2063" HPOS="273"/>
                  <String HEIGHT="64"
                          WIDTH="122"
                          VPOS="2063"
                          HPOS="227"
                          CONTENT="fuit"/>
                  <SP HEIGHT="64" WIDTH="15" VPOS="2063" HPOS="349"/>
                  <String HEIGHT="64"
                          WIDTH="152"
                          VPOS="2063"
                          HPOS="303"
                          CONTENT="ponere"/>
                  <SP HEIGHT="64" WIDTH="15" VPOS="2063" HPOS="455"/>
                  <String HEIGHT="64"
                          WIDTH="137"
                          VPOS="2063"
                          HPOS="410"
                          CONTENT="papam"/>
                  <SP HEIGHT="64" WIDTH="15" VPOS="2063" HPOS="547"/>
                  <String HEIGHT="64"
                          WIDTH="152"
                          VPOS="2063"
                          HPOS="501"
                          CONTENT="fuisse"/>
                  <SP HEIGHT="64" WIDTH="15" VPOS="2063" HPOS="653"/>
                  <String HEIGHT="64" WIDTH="91" VPOS="2063" HPOS="608" CONTENT="in"/>
                  <SP HEIGHT="64" WIDTH="15" VPOS="2063" HPOS="699"/>
                  <String HEIGHT="64"
                          WIDTH="137"
                          VPOS="2063"
                          HPOS="653"
                          CONTENT="culpa"/>
                  <SP HEIGHT="64" WIDTH="15" VPOS="2063" HPOS="791"/>
                  <String HEIGHT="64"
                          WIDTH="107"
                          VPOS="2063"
                          HPOS="745"
                          CONTENT="pro"/>
                  <SP HEIGHT="64" WIDTH="15" VPOS="2063" HPOS="851"/>
                  <String HEIGHT="64"
                          WIDTH="259"
                          VPOS="2063"
                          HPOS="806"
                          CONTENT="taciturnitate"/>
                  <SP HEIGHT="64" WIDTH="15" VPOS="2063" HPOS="1065"/>
                  <String HEIGHT="64"
                          WIDTH="122"
                          VPOS="2063"
                          HPOS="1019"
                          CONTENT="sua,"/>
                  <SP HEIGHT="64" WIDTH="15" VPOS="2063" HPOS="1141"/>
                  <String HEIGHT="64"
                          WIDTH="107"
                          VPOS="2063"
                          HPOS="1095"
                          CONTENT="per"/>
                  <SP HEIGHT="64" WIDTH="15" VPOS="2063" HPOS="1202"/>
                  <String HEIGHT="64"
                          WIDTH="107"
                          VPOS="2063"
                          HPOS="1156"
                          CONTENT="hoc"/>
                  <SP HEIGHT="64" WIDTH="15" VPOS="2063" HPOS="1263"/>
                  <String HEIGHT="64"
                          WIDTH="213"
                          VPOS="2063"
                          HPOS="1217"
                          CONTENT="declarando"/>
                  <SP HEIGHT="64" WIDTH="15" VPOS="2063" HPOS="1430"/>
                  <String HEIGHT="64"
                          WIDTH="122"
                          VPOS="2063"
                          HPOS="1385"
                          CONTENT="quod"/>
                  <SP HEIGHT="64" WIDTH="15" VPOS="2063" HPOS="1506"/>
                  <String HEIGHT="64"
                          WIDTH="137"
                          VPOS="2063"
                          HPOS="1461"
                          CONTENT="modus"/>
                  <SP HEIGHT="64" WIDTH="15" VPOS="2063" HPOS="1598"/>
                  <String HEIGHT="64"
                          WIDTH="183"
                          VPOS="2063"
                          HPOS="1552"
                          CONTENT="arguendi"/>
                  <SP HEIGHT="64" WIDTH="15" VPOS="2063" HPOS="1735"/>
                  <String HEIGHT="64"
                          WIDTH="122"
                          VPOS="2063"
                          HPOS="1689"
                          CONTENT="frum"/>
                  <SP HEIGHT="64" WIDTH="15" VPOS="2063" HPOS="1811"/>
                  <String HEIGHT="64"
                          WIDTH="183"
                          VPOS="2063"
                          HPOS="1750"
                          CONTENT="praedictus"/>
               </TextLine>
               <TextLine ID="r3l35"
                         BASELINE="2178"
                         HEIGHT="70"
                         WIDTH="1768"
                         VPOS="2108"
                         HPOS="173">
                  <String HEIGHT="70"
                          WIDTH="115"
                          VPOS="2108"
                          HPOS="157"
                          CONTENT="non"/>
                  <SP HEIGHT="70" WIDTH="16" VPOS="2108" HPOS="271"/>
                  <String HEIGHT="70"
                          WIDTH="180"
                          VPOS="2108"
                          HPOS="222"
                          CONTENT="valuit,"/>
                  <SP HEIGHT="70" WIDTH="16" VPOS="2108" HPOS="402"/>
                  <String HEIGHT="70" WIDTH="82" VPOS="2108" HPOS="353" CONTENT="&amp;"/>
                  <SP HEIGHT="70" WIDTH="16" VPOS="2108" HPOS="435"/>
                  <String HEIGHT="70"
                          WIDTH="115"
                          VPOS="2108"
                          HPOS="386"
                          CONTENT="hoc"/>
                  <SP HEIGHT="70" WIDTH="16" VPOS="2108" HPOS="500"/>
                  <String HEIGHT="70" WIDTH="98" VPOS="2108" HPOS="451" CONTENT="ad"/>
                  <SP HEIGHT="70" WIDTH="16" VPOS="2108" HPOS="550"/>
                  <String HEIGHT="70"
                          WIDTH="246"
                          VPOS="2108"
                          HPOS="500"
                          CONTENT="ostendendum"/>
                  <SP HEIGHT="70" WIDTH="16" VPOS="2108" HPOS="746"/>
                  <String HEIGHT="70"
                          WIDTH="131"
                          VPOS="2108"
                          HPOS="697"
                          CONTENT="quod"/>
                  <SP HEIGHT="70" WIDTH="16" VPOS="2108" HPOS="828"/>
                  <String HEIGHT="70"
                          WIDTH="147"
                          VPOS="2108"
                          HPOS="779"
                          CONTENT="papae"/>
                  <SP HEIGHT="70" WIDTH="16" VPOS="2108" HPOS="926"/>
                  <String HEIGHT="70"
                          WIDTH="262"
                          VPOS="2108"
                          HPOS="877"
                          CONTENT="taciturnitas"/>
                  <SP HEIGHT="70" WIDTH="16" VPOS="2108" HPOS="1139"/>
                  <String HEIGHT="70" WIDTH="98" VPOS="2108" HPOS="1090" CONTENT="in"/>
                  <SP HEIGHT="70" WIDTH="16" VPOS="2108" HPOS="1188"/>
                  <String HEIGHT="70"
                          WIDTH="147"
                          VPOS="2108"
                          HPOS="1139"
                          CONTENT="nullo"/>
                  <SP HEIGHT="70" WIDTH="16" VPOS="2108" HPOS="1286"/>
                  <String HEIGHT="70"
                          WIDTH="131"
                          VPOS="2108"
                          HPOS="1237"
                          CONTENT="vsum"/>
                  <SP HEIGHT="70" WIDTH="16" VPOS="2108" HPOS="1368"/>
                  <String HEIGHT="70"
                          WIDTH="180"
                          VPOS="2108"
                          HPOS="1319"
                          CONTENT="ipsorum"/>
                  <SP HEIGHT="70" WIDTH="16" VPOS="2108" HPOS="1499"/>
                  <String HEIGHT="70"
                          WIDTH="147"
                          VPOS="2108"
                          HPOS="1450"
                          CONTENT="circa"/>
                  <SP HEIGHT="70" WIDTH="16" VPOS="2108" HPOS="1597"/>
                  <String HEIGHT="70"
                          WIDTH="246"
                          VPOS="2108"
                          HPOS="1548"
                          CONTENT="priuilegium"/>
                  <SP HEIGHT="70" WIDTH="16" VPOS="2108" HPOS="1794"/>
                  <String HEIGHT="70"
                          WIDTH="213"
                          VPOS="2108"
                          HPOS="1728"
                          CONTENT="approbaret."/>
               </TextLine>
               <TextLine ID="line_1586462097908_1106"
                         BASELINE="2229"
                         HEIGHT="61"
                         WIDTH="1766"
                         VPOS="2168"
                         HPOS="169">
                  <String HEIGHT="61" WIDTH="78" VPOS="2168" HPOS="156" CONTENT="Ad"/>
                  <SP HEIGHT="61" WIDTH="13" VPOS="2168" HPOS="234"/>
                  <String HEIGHT="61"
                          WIDTH="143"
                          VPOS="2168"
                          HPOS="195"
                          CONTENT="tertium"/>
                  <SP HEIGHT="61" WIDTH="13" VPOS="2168" HPOS="338"/>
                  <String HEIGHT="61"
                          WIDTH="104"
                          VPOS="2168"
                          HPOS="299"
                          CONTENT="dico"/>
                  <SP HEIGHT="61" WIDTH="13" VPOS="2168" HPOS="403"/>
                  <String HEIGHT="61"
                          WIDTH="104"
                          VPOS="2168"
                          HPOS="364"
                          CONTENT="quod"/>
                  <SP HEIGHT="61" WIDTH="13" VPOS="2168" HPOS="468"/>
                  <String HEIGHT="61"
                          WIDTH="130"
                          VPOS="2168"
                          HPOS="429"
                          CONTENT="omnino"/>
                  <SP HEIGHT="61" WIDTH="13" VPOS="2168" HPOS="559"/>
                  <String HEIGHT="61" WIDTH="91" VPOS="2168" HPOS="520" CONTENT="est"/>
                  <SP HEIGHT="61" WIDTH="13" VPOS="2168" HPOS="611"/>
                  <String HEIGHT="61"
                          WIDTH="130"
                          VPOS="2168"
                          HPOS="572"
                          CONTENT="simile"/>
                  <SP HEIGHT="61" WIDTH="13" VPOS="2168" HPOS="701"/>
                  <String HEIGHT="61" WIDTH="78" VPOS="2168" HPOS="662" CONTENT="de"/>
                  <SP HEIGHT="61" WIDTH="13" VPOS="2168" HPOS="740"/>
                  <String HEIGHT="61"
                          WIDTH="221"
                          VPOS="2168"
                          HPOS="701"
                          CONTENT="taciturnitate"/>
                  <SP HEIGHT="61" WIDTH="13" VPOS="2168" HPOS="922"/>
                  <String HEIGHT="61"
                          WIDTH="117"
                          VPOS="2168"
                          HPOS="883"
                          CONTENT="papae"/>
                  <SP HEIGHT="61" WIDTH="13" VPOS="2168" HPOS="1000"/>
                  <String HEIGHT="61" WIDTH="78" VPOS="2168" HPOS="961" CONTENT="in"/>
                  <SP HEIGHT="61" WIDTH="13" VPOS="2168" HPOS="1039"/>
                  <String HEIGHT="61"
                          WIDTH="117"
                          VPOS="2168"
                          HPOS="1000"
                          CONTENT="facto"/>
                  <SP HEIGHT="61" WIDTH="13" VPOS="2168" HPOS="1117"/>
                  <String HEIGHT="61"
                          WIDTH="117"
                          VPOS="2168"
                          HPOS="1078"
                          CONTENT="fisum"/>
                  <SP HEIGHT="61" WIDTH="13" VPOS="2168" HPOS="1195"/>
                  <String HEIGHT="61" WIDTH="65" VPOS="2168" HPOS="1156" CONTENT="&amp;"/>
                  <SP HEIGHT="61" WIDTH="13" VPOS="2168" HPOS="1221"/>
                  <String HEIGHT="61"
                          WIDTH="208"
                          VPOS="2168"
                          HPOS="1182"
                          CONTENT="praelatorum:"/>
                  <SP HEIGHT="61" WIDTH="13" VPOS="2168" HPOS="1390"/>
                  <String HEIGHT="61"
                          WIDTH="143"
                          VPOS="2168"
                          HPOS="1351"
                          CONTENT="praeter"/>
                  <SP HEIGHT="61" WIDTH="13" VPOS="2168" HPOS="1494"/>
                  <String HEIGHT="61"
                          WIDTH="91"
                          VPOS="2168"
                          HPOS="1455"
                          CONTENT="hoc"/>
                  <SP HEIGHT="61" WIDTH="13" VPOS="2168" HPOS="1545"/>
                  <String HEIGHT="61"
                          WIDTH="104"
                          VPOS="2168"
                          HPOS="1506"
                          CONTENT="quod"/>
                  <SP HEIGHT="61" WIDTH="13" VPOS="2168" HPOS="1610"/>
                  <String HEIGHT="61" WIDTH="78" VPOS="2168" HPOS="1571" CONTENT="si"/>
                  <SP HEIGHT="61" WIDTH="13" VPOS="2168" HPOS="1649"/>
                  <String HEIGHT="61"
                          WIDTH="208"
                          VPOS="2168"
                          HPOS="1610"
                          CONTENT="praesumendum"/>
                  <SP HEIGHT="61" WIDTH="13" VPOS="2168" HPOS="1818"/>
                  <String HEIGHT="61"
                          WIDTH="117"
                          VPOS="2168"
                          HPOS="1779"
                          CONTENT="esset"/>
                  <SP HEIGHT="61" WIDTH="13" VPOS="2168" HPOS="1896"/>
                  <String HEIGHT="61"
                          WIDTH="104"
                          VPOS="2168"
                          HPOS="1857"
                          CONTENT="quod"/>
                  <SP HEIGHT="61" WIDTH="13" VPOS="2168" HPOS="1961"/>
                  <String HEIGHT="61" WIDTH="26" VPOS="2168" HPOS="1909" CONTENT=""/>
               </TextLine>
               <TextLine ID="r3l37"
                         BASELINE="2290"
                         HEIGHT="74"
                         WIDTH="1762"
                         VPOS="2216"
                         HPOS="176">
                  <String HEIGHT="74"
                          WIDTH="181"
                          VPOS="2216"
                          HPOS="160"
                          CONTENT="propter"/>
                  <SP HEIGHT="74" WIDTH="16" VPOS="2216" HPOS="341"/>
                  <String HEIGHT="74"
                          WIDTH="198"
                          VPOS="2216"
                          HPOS="291"
                          CONTENT="iniustam"/>
                  <SP HEIGHT="74" WIDTH="16" VPOS="2216" HPOS="489"/>
                  <String HEIGHT="74"
                          WIDTH="115"
                          VPOS="2216"
                          HPOS="439"
                          CONTENT="cam"/>
                  <SP HEIGHT="74" WIDTH="16" VPOS="2216" HPOS="555"/>
                  <String HEIGHT="74"
                          WIDTH="198"
                          VPOS="2216"
                          HPOS="505"
                          CONTENT="alterius"/>
                  <SP HEIGHT="74" WIDTH="16" VPOS="2216" HPOS="703"/>
                  <String HEIGHT="74"
                          WIDTH="165"
                          VPOS="2216"
                          HPOS="654"
                          CONTENT="partis"/>
                  <SP HEIGHT="74" WIDTH="16" VPOS="2216" HPOS="818"/>
                  <String HEIGHT="74"
                          WIDTH="132"
                          VPOS="2216"
                          HPOS="769"
                          CONTENT="papa"/>
                  <SP HEIGHT="74" WIDTH="16" VPOS="2216" HPOS="901"/>
                  <String HEIGHT="74"
                          WIDTH="231"
                          VPOS="2216"
                          HPOS="851"
                          CONTENT="tacuisset,"/>
                  <SP HEIGHT="74" WIDTH="16" VPOS="2216" HPOS="1082"/>
                  <String HEIGHT="74"
                          WIDTH="165"
                          VPOS="2216"
                          HPOS="1032"
                          CONTENT="potius"/>
                  <SP HEIGHT="74" WIDTH="16" VPOS="2216" HPOS="1197"/>
                  <String HEIGHT="74"
                          WIDTH="263"
                          VPOS="2216"
                          HPOS="1148"
                          CONTENT="praesumendum"/>
                  <SP HEIGHT="74" WIDTH="16" VPOS="2216" HPOS="1411"/>
                  <String HEIGHT="74"
                          WIDTH="148"
                          VPOS="2216"
                          HPOS="1362"
                          CONTENT="esset"/>
                  <SP HEIGHT="74" WIDTH="16" VPOS="2216" HPOS="1510"/>
                  <String HEIGHT="74"
                          WIDTH="132"
                          VPOS="2216"
                          HPOS="1460"
                          CONTENT="quod"/>
                  <SP HEIGHT="74" WIDTH="16" VPOS="2216" HPOS="1592"/>
                  <String HEIGHT="74"
                          WIDTH="181"
                          VPOS="2216"
                          HPOS="1543"
                          CONTENT="propter"/>
                  <SP HEIGHT="74" WIDTH="16" VPOS="2216" HPOS="1724"/>
                  <String HEIGHT="74"
                          WIDTH="198"
                          VPOS="2216"
                          HPOS="1675"
                          CONTENT="iniustam"/>
                  <SP HEIGHT="74" WIDTH="16" VPOS="2216" HPOS="1872"/>
                  <String HEIGHT="74"
                          WIDTH="132"
                          VPOS="2216"
                          HPOS="1806"
                          CONTENT="causam"/>
               </TextLine>
               <TextLine ID="r3l38"
                         BASELINE="2341"
                         HEIGHT="67"
                         WIDTH="1764"
                         VPOS="2274"
                         HPOS="171">
                  <String HEIGHT="67" WIDTH="87" VPOS="2274" HPOS="157" CONTENT="ex"/>
                  <SP HEIGHT="67" WIDTH="14" VPOS="2274" HPOS="243"/>
                  <String HEIGHT="67"
                          WIDTH="130"
                          VPOS="2274"
                          HPOS="200"
                          CONTENT="parte"/>
                  <SP HEIGHT="67" WIDTH="14" VPOS="2274" HPOS="330"/>
                  <String HEIGHT="67"
                          WIDTH="174"
                          VPOS="2274"
                          HPOS="287"
                          CONTENT="fratrum,"/>
                  <SP HEIGHT="67" WIDTH="14" VPOS="2274" HPOS="460"/>
                  <String HEIGHT="67"
                          WIDTH="116"
                          VPOS="2274"
                          HPOS="417"
                          CONTENT="quam"/>
                  <SP HEIGHT="67" WIDTH="14" VPOS="2274" HPOS="532"/>
                  <String HEIGHT="67" WIDTH="87" VPOS="2274" HPOS="489" CONTENT="ex"/>
                  <SP HEIGHT="67" WIDTH="14" VPOS="2274" HPOS="576"/>
                  <String HEIGHT="67"
                          WIDTH="130"
                          VPOS="2274"
                          HPOS="532"
                          CONTENT="parte"/>
                  <SP HEIGHT="67" WIDTH="14" VPOS="2274" HPOS="663"/>
                  <String HEIGHT="67"
                          WIDTH="217"
                          VPOS="2274"
                          HPOS="619"
                          CONTENT="praelatorum"/>
                  <SP HEIGHT="67" WIDTH="14" VPOS="2274" HPOS="836"/>
                  <String HEIGHT="67"
                          WIDTH="202"
                          VPOS="2274"
                          HPOS="793"
                          CONTENT="tacuisset,"/>
                  <SP HEIGHT="67" WIDTH="14" VPOS="2274" HPOS="995"/>
                  <String HEIGHT="67" WIDTH="87" VPOS="2274" HPOS="952" CONTENT="vt"/>
                  <SP HEIGHT="67" WIDTH="14" VPOS="2274" HPOS="1039"/>
                  <String HEIGHT="67"
                          WIDTH="145"
                          VPOS="2274"
                          HPOS="995"
                          CONTENT="dictum"/>
                  <SP HEIGHT="67" WIDTH="14" VPOS="2274" HPOS="1140"/>
                  <String HEIGHT="67"
                          WIDTH="116"
                          VPOS="2274"
                          HPOS="1096"
                          CONTENT="est."/>
                  <SP HEIGHT="67" WIDTH="14" VPOS="2274" HPOS="1212"/>
                  <String HEIGHT="67" WIDTH="87" VPOS="2274" HPOS="1169" CONTENT="Et"/>
                  <SP HEIGHT="67" WIDTH="14" VPOS="2274" HPOS="1255"/>
                  <String HEIGHT="67"
                          WIDTH="101"
                          VPOS="2274"
                          HPOS="1212"
                          CONTENT="per"/>
                  <SP HEIGHT="67" WIDTH="14" VPOS="2274" HPOS="1313"/>
                  <String HEIGHT="67"
                          WIDTH="101"
                          VPOS="2274"
                          HPOS="1270"
                          CONTENT="hoc"/>
                  <SP HEIGHT="67" WIDTH="14" VPOS="2274" HPOS="1371"/>
                  <String HEIGHT="67"
                          WIDTH="202"
                          VPOS="2274"
                          HPOS="1328"
                          CONTENT="econtrario"/>
                  <SP HEIGHT="67" WIDTH="14" VPOS="2274" HPOS="1530"/>
                  <String HEIGHT="67"
                          WIDTH="130"
                          VPOS="2274"
                          HPOS="1487"
                          CONTENT="etiam"/>
                  <SP HEIGHT="67" WIDTH="14" VPOS="2274" HPOS="1617"/>
                  <String HEIGHT="67"
                          WIDTH="231"
                          VPOS="2274"
                          HPOS="1574"
                          CONTENT="praesumendum"/>
                  <SP HEIGHT="67" WIDTH="14" VPOS="2274" HPOS="1805"/>
                  <String HEIGHT="67"
                          WIDTH="101"
                          VPOS="2274"
                          HPOS="1761"
                          CONTENT="est"/>
                  <SP HEIGHT="67" WIDTH="14" VPOS="2274" HPOS="1863"/>
                  <String HEIGHT="67"
                          WIDTH="116"
                          VPOS="2274"
                          HPOS="1819"
                          CONTENT="quod"/>
                  <SP HEIGHT="67" WIDTH="14" VPOS="2274" HPOS="1935"/>
                  <String HEIGHT="67" WIDTH="58" VPOS="2274" HPOS="1877" CONTENT="si"/>
               </TextLine>
               <TextLine ID="r3l39"
                         BASELINE="2391"
                         HEIGHT="66"
                         WIDTH="1769"
                         VPOS="2325"
                         HPOS="174">
                  <String HEIGHT="66"
                          WIDTH="162"
                          VPOS="2325"
                          HPOS="159"
                          CONTENT="propter"/>
                  <SP HEIGHT="66" WIDTH="15" VPOS="2325" HPOS="321"/>
                  <String HEIGHT="66"
                          WIDTH="147"
                          VPOS="2325"
                          HPOS="277"
                          CONTENT="iustam"/>
                  <SP HEIGHT="66" WIDTH="15" VPOS="2325" HPOS="425"/>
                  <String HEIGHT="66"
                          WIDTH="133"
                          VPOS="2325"
                          HPOS="380"
                          CONTENT="cauam"/>
                  <SP HEIGHT="66" WIDTH="15" VPOS="2325" HPOS="513"/>
                  <String HEIGHT="66"
                          WIDTH="118"
                          VPOS="2325"
                          HPOS="469"
                          CONTENT="quam"/>
                  <SP HEIGHT="66" WIDTH="15" VPOS="2325" HPOS="587"/>
                  <String HEIGHT="66"
                          WIDTH="147"
                          VPOS="2325"
                          HPOS="543"
                          CONTENT="altera"/>
                  <SP HEIGHT="66" WIDTH="15" VPOS="2325" HPOS="690"/>
                  <String HEIGHT="66"
                          WIDTH="162"
                          VPOS="2325"
                          HPOS="646"
                          CONTENT="partium"/>
                  <SP HEIGHT="66" WIDTH="15" VPOS="2325" HPOS="808"/>
                  <String HEIGHT="66"
                          WIDTH="236"
                          VPOS="2325"
                          HPOS="764"
                          CONTENT="defendisset,"/>
                  <SP HEIGHT="66" WIDTH="15" VPOS="2325" HPOS="1000"/>
                  <String HEIGHT="66"
                          WIDTH="206"
                          VPOS="2325"
                          HPOS="955"
                          CONTENT="festinasse"/>
                  <SP HEIGHT="66" WIDTH="15" VPOS="2325" HPOS="1162"/>
                  <String HEIGHT="66"
                          WIDTH="192"
                          VPOS="2325"
                          HPOS="1117"
                          CONTENT="debuisset"/>
                  <SP HEIGHT="66" WIDTH="15" VPOS="2325" HPOS="1309"/>
                  <String HEIGHT="66"
                          WIDTH="118"
                          VPOS="2325"
                          HPOS="1265"
                          CONTENT="suam"/>
                  <SP HEIGHT="66" WIDTH="15" VPOS="2325" HPOS="1383"/>
                  <String HEIGHT="66"
                          WIDTH="265"
                          VPOS="2325"
                          HPOS="1339"
                          CONTENT="declarationem,"/>
                  <SP HEIGHT="66" WIDTH="15" VPOS="2325" HPOS="1604"/>
                  <String HEIGHT="66"
                          WIDTH="118"
                          VPOS="2325"
                          HPOS="1560"
                          CONTENT="quod"/>
                  <SP HEIGHT="66" WIDTH="15" VPOS="2325" HPOS="1678"/>
                  <String HEIGHT="66"
                          WIDTH="147"
                          VPOS="2325"
                          HPOS="1633"
                          CONTENT="potius"/>
                  <SP HEIGHT="66" WIDTH="15" VPOS="2325" HPOS="1781"/>
                  <String HEIGHT="66"
                          WIDTH="206"
                          VPOS="2325"
                          HPOS="1737"
                          CONTENT="festinasse"/>
                  <SP HEIGHT="66" WIDTH="15" VPOS="2325" HPOS="1943"/>
                  <String HEIGHT="66" WIDTH="59" VPOS="2325" HPOS="1884" CONTENT="de"/>
               </TextLine>
               <TextLine ID="r3l40"
                         BASELINE="2439"
                         HEIGHT="63"
                         WIDTH="1775"
                         VPOS="2376"
                         HPOS="169">
                  <String HEIGHT="63"
                          WIDTH="151"
                          VPOS="2376"
                          HPOS="155"
                          CONTENT="buisset"/>
                  <SP HEIGHT="63" WIDTH="14" VPOS="2376" HPOS="307"/>
                  <String HEIGHT="63" WIDTH="96" VPOS="2376" HPOS="265" CONTENT="eam"/>
                  <SP HEIGHT="63" WIDTH="14" VPOS="2376" HPOS="362"/>
                  <String HEIGHT="63"
                          WIDTH="151"
                          VPOS="2376"
                          HPOS="320"
                          CONTENT="propter"/>
                  <SP HEIGHT="63" WIDTH="14" VPOS="2376" HPOS="472"/>
                  <String HEIGHT="63"
                          WIDTH="138"
                          VPOS="2376"
                          HPOS="430"
                          CONTENT="iustam"/>
                  <SP HEIGHT="63" WIDTH="14" VPOS="2376" HPOS="568"/>
                  <String HEIGHT="63"
                          WIDTH="138"
                          VPOS="2376"
                          HPOS="527"
                          CONTENT="causam"/>
                  <SP HEIGHT="63" WIDTH="14" VPOS="2376" HPOS="664"/>
                  <String HEIGHT="63" WIDTH="83" VPOS="2376" HPOS="623" CONTENT="ex"/>
                  <SP HEIGHT="63" WIDTH="14" VPOS="2376" HPOS="706"/>
                  <String HEIGHT="63"
                          WIDTH="124"
                          VPOS="2376"
                          HPOS="664"
                          CONTENT="parte"/>
                  <SP HEIGHT="63" WIDTH="14" VPOS="2376" HPOS="788"/>
                  <String HEIGHT="63"
                          WIDTH="110"
                          VPOS="2376"
                          HPOS="747"
                          CONTENT="frum"/>
                  <SP HEIGHT="63" WIDTH="14" VPOS="2376" HPOS="857"/>
                  <String HEIGHT="63"
                          WIDTH="110"
                          VPOS="2376"
                          HPOS="816"
                          CONTENT="quam"/>
                  <SP HEIGHT="63" WIDTH="14" VPOS="2376" HPOS="926"/>
                  <String HEIGHT="63" WIDTH="83" VPOS="2376" HPOS="885" CONTENT="ex"/>
                  <SP HEIGHT="63" WIDTH="14" VPOS="2376" HPOS="967"/>
                  <String HEIGHT="63"
                          WIDTH="124"
                          VPOS="2376"
                          HPOS="926"
                          CONTENT="parte"/>
                  <SP HEIGHT="63" WIDTH="14" VPOS="2376" HPOS="1050"/>
                  <String HEIGHT="63"
                          WIDTH="220"
                          VPOS="2376"
                          HPOS="1008"
                          CONTENT="praelatorum."/>
                  <SP HEIGHT="63" WIDTH="14" VPOS="2376" HPOS="1228"/>
                  <String HEIGHT="63" WIDTH="69" VPOS="2376" HPOS="1187" CONTENT="&amp;"/>
                  <SP HEIGHT="63" WIDTH="14" VPOS="2376" HPOS="1256"/>
                  <String HEIGHT="63"
                          WIDTH="96"
                          VPOS="2376"
                          HPOS="1215"
                          CONTENT="sic"/>
                  <SP HEIGHT="63" WIDTH="14" VPOS="2376" HPOS="1311"/>
                  <String HEIGHT="63" WIDTH="83" VPOS="2376" HPOS="1270" CONTENT="in"/>
                  <SP HEIGHT="63" WIDTH="14" VPOS="2376" HPOS="1352"/>
                  <String HEIGHT="63" WIDTH="83" VPOS="2376" HPOS="1311" CONTENT="eo"/>
                  <SP HEIGHT="63" WIDTH="14" VPOS="2376" HPOS="1394"/>
                  <String HEIGHT="63"
                          WIDTH="110"
                          VPOS="2376"
                          HPOS="1352"
                          CONTENT="quod"/>
                  <SP HEIGHT="63" WIDTH="14" VPOS="2376" HPOS="1462"/>
                  <String HEIGHT="63"
                          WIDTH="234"
                          VPOS="2376"
                          HPOS="1421"
                          CONTENT="taciturnitate"/>
                  <SP HEIGHT="63" WIDTH="14" VPOS="2376" HPOS="1655"/>
                  <String HEIGHT="63"
                          WIDTH="96"
                          VPOS="2376"
                          HPOS="1614"
                          CONTENT="sua"/>
                  <SP HEIGHT="63" WIDTH="14" VPOS="2376" HPOS="1710"/>
                  <String HEIGHT="63"
                          WIDTH="151"
                          VPOS="2376"
                          HPOS="1669"
                          CONTENT="vterque"/>
                  <SP HEIGHT="63" WIDTH="14" VPOS="2376" HPOS="1820"/>
                  <String HEIGHT="63"
                          WIDTH="110"
                          VPOS="2376"
                          HPOS="1779"
                          CONTENT="papa"/>
                  <SP HEIGHT="63" WIDTH="14" VPOS="2376" HPOS="1889"/>
                  <String HEIGHT="63"
                          WIDTH="110"
                          VPOS="2376"
                          HPOS="1834"
                          CONTENT="distu"
                          SUBS_TYPE="HypPart1"
                          SUBS_CONTENT="distulit"/>
                  <HYP CONTENT="-"/>
               </TextLine>
               <TextLine ID="r3l41"
                         BASELINE="2499"
                         HEIGHT="65"
                         WIDTH="1776"
                         VPOS="2434"
                         HPOS="163">
                  <String HEIGHT="65"
                          WIDTH="99"
                          VPOS="2434"
                          HPOS="149"
                          CONTENT="lit"
                          SUBS_TYPE="HypPart2"
                          SUBS_CONTENT="distulit"/>
                  <SP HEIGHT="65" WIDTH="14" VPOS="2434" HPOS="248"/>
                  <String HEIGHT="65"
                          WIDTH="197"
                          VPOS="2434"
                          HPOS="205"
                          CONTENT="priuilegii"/>
                  <SP HEIGHT="65" WIDTH="14" VPOS="2434" HPOS="403"/>
                  <String HEIGHT="65"
                          WIDTH="254"
                          VPOS="2434"
                          HPOS="360"
                          CONTENT="declarationem,"/>
                  <SP HEIGHT="65" WIDTH="14" VPOS="2434" HPOS="614"/>
                  <String HEIGHT="65"
                          WIDTH="141"
                          VPOS="2434"
                          HPOS="572"
                          CONTENT="omnino"/>
                  <SP HEIGHT="65" WIDTH="14" VPOS="2434" HPOS="713"/>
                  <String HEIGHT="65" WIDTH="85" VPOS="2434" HPOS="670" CONTENT="ex"/>
                  <SP HEIGHT="65" WIDTH="14" VPOS="2434" HPOS="755"/>
                  <String HEIGHT="65" WIDTH="99" VPOS="2434" HPOS="713" CONTENT="hoc"/>
                  <SP HEIGHT="65" WIDTH="14" VPOS="2434" HPOS="811"/>
                  <String HEIGHT="65"
                          WIDTH="226"
                          VPOS="2434"
                          HPOS="769"
                          CONTENT="praesumendum"/>
                  <SP HEIGHT="65" WIDTH="14" VPOS="2434" HPOS="995"/>
                  <String HEIGHT="65" WIDTH="99" VPOS="2434" HPOS="952" CONTENT="est"/>
                  <SP HEIGHT="65" WIDTH="14" VPOS="2434" HPOS="1051"/>
                  <String HEIGHT="65"
                          WIDTH="141"
                          VPOS="2434"
                          HPOS="1009"
                          CONTENT="potius"/>
                  <SP HEIGHT="65" WIDTH="14" VPOS="2434" HPOS="1150"/>
                  <String HEIGHT="65"
                          WIDTH="113"
                          VPOS="2434"
                          HPOS="1107"
                          CONTENT="quod"/>
                  <SP HEIGHT="65" WIDTH="14" VPOS="2434" HPOS="1220"/>
                  <String HEIGHT="65"
                          WIDTH="141"
                          VPOS="2434"
                          HPOS="1178"
                          CONTENT="iustam"/>
                  <SP HEIGHT="65" WIDTH="14" VPOS="2434" HPOS="1319"/>
                  <String HEIGHT="65"
                          WIDTH="141"
                          VPOS="2434"
                          HPOS="1277"
                          CONTENT="causam"/>
                  <SP HEIGHT="65" WIDTH="14" VPOS="2434" HPOS="1417"/>
                  <String HEIGHT="65"
                          WIDTH="211"
                          VPOS="2434"
                          HPOS="1375"
                          CONTENT="defendebant"/>
                  <SP HEIGHT="65" WIDTH="14" VPOS="2434" HPOS="1587"/>
                  <String HEIGHT="65"
                          WIDTH="169"
                          VPOS="2434"
                          HPOS="1544"
                          CONTENT="praelati"/>
                  <SP HEIGHT="65" WIDTH="14" VPOS="2434" HPOS="1713"/>
                  <String HEIGHT="65"
                          WIDTH="113"
                          VPOS="2434"
                          HPOS="1671"
                          CONTENT="quam"/>
                  <SP HEIGHT="65" WIDTH="14" VPOS="2434" HPOS="1784"/>
                  <String HEIGHT="65"
                          WIDTH="113"
                          VPOS="2434"
                          HPOS="1742"
                          CONTENT="quod"/>
                  <SP HEIGHT="65" WIDTH="14" VPOS="2434" HPOS="1854"/>
                  <String HEIGHT="65"
                          WIDTH="127"
                          VPOS="2434"
                          HPOS="1812"
                          CONTENT="ipsam"/>
                  <SP HEIGHT="65" WIDTH="14" VPOS="2434" HPOS="1939"/>
                  <String HEIGHT="65" WIDTH="56" VPOS="2434" HPOS="1883" CONTENT="de"/>
               </TextLine>
               <TextLine ID="r3l42"
                         BASELINE="2547"
                         HEIGHT="60"
                         WIDTH="1765"
                         VPOS="2487"
                         HPOS="170">
                  <String HEIGHT="60"
                          WIDTH="209"
                          VPOS="2487"
                          HPOS="154"
                          CONTENT="fendebant"/>
                  <SP HEIGHT="60" WIDTH="16" VPOS="2487" HPOS="363"/>
                  <String HEIGHT="60"
                          WIDTH="193"
                          VPOS="2487"
                          HPOS="314"
                          CONTENT="fratres,"/>
                  <SP HEIGHT="60" WIDTH="16" VPOS="2487" HPOS="507"/>
                  <String HEIGHT="60" WIDTH="96" VPOS="2487" HPOS="459" CONTENT="vt"/>
                  <SP HEIGHT="60" WIDTH="16" VPOS="2487" HPOS="555"/>
                  <String HEIGHT="60"
                          WIDTH="177"
                          VPOS="2487"
                          HPOS="507"
                          CONTENT="videtur"/>
                  <SP HEIGHT="60" WIDTH="16" VPOS="2487" HPOS="683"/>
                  <String HEIGHT="60"
                          WIDTH="273"
                          VPOS="2487"
                          HPOS="635"
                          CONTENT="probabiliter,"/>
                  <SP HEIGHT="60" WIDTH="16" VPOS="2487" HPOS="908"/>
                  <String HEIGHT="60" WIDTH="96" VPOS="2487" HPOS="860" CONTENT="in"/>
                  <SP HEIGHT="60" WIDTH="16" VPOS="2487" HPOS="956"/>
                  <String HEIGHT="60"
                          WIDTH="112"
                          VPOS="2487"
                          HPOS="908"
                          CONTENT="hoc"/>
                  <SP HEIGHT="60" WIDTH="16" VPOS="2487" HPOS="1020"/>
                  <String HEIGHT="60"
                          WIDTH="160"
                          VPOS="2487"
                          HPOS="972"
                          CONTENT="potius"/>
                  <SP HEIGHT="60" WIDTH="16" VPOS="2487" HPOS="1133"/>
                  <String HEIGHT="60"
                          WIDTH="209"
                          VPOS="2487"
                          HPOS="1085"
                          CONTENT="deferendo"/>
                  <SP HEIGHT="60" WIDTH="16" VPOS="2487" HPOS="1293"/>
                  <String HEIGHT="60"
                          WIDTH="209"
                          VPOS="2487"
                          HPOS="1245"
                          CONTENT="fratribus"/>
                  <SP HEIGHT="60" WIDTH="16" VPOS="2487" HPOS="1454"/>
                  <String HEIGHT="60"
                          WIDTH="128"
                          VPOS="2487"
                          HPOS="1406"
                          CONTENT="quam"/>
                  <SP HEIGHT="60" WIDTH="16" VPOS="2487" HPOS="1534"/>
                  <String HEIGHT="60"
                          WIDTH="225"
                          VPOS="2487"
                          HPOS="1486"
                          CONTENT="praelatis."/>
                  <SP HEIGHT="60" WIDTH="16" VPOS="2487" HPOS="1710"/>
                  <String HEIGHT="60"
                          WIDTH="128"
                          VPOS="2487"
                          HPOS="1662"
                          CONTENT="Quid"/>
                  <SP HEIGHT="60" WIDTH="16" VPOS="2487" HPOS="1791"/>
                  <String HEIGHT="60"
                          WIDTH="144"
                          VPOS="2487"
                          HPOS="1742"
                          CONTENT="autem"/>
                  <SP HEIGHT="60" WIDTH="16" VPOS="2487" HPOS="1887"/>
                  <String HEIGHT="60"
                          WIDTH="112"
                          VPOS="2487"
                          HPOS="1823"
                          CONTENT="assu"
                          SUBS_TYPE="HypPart1"
                          SUBS_CONTENT="assumunt"/>
                  <HYP CONTENT="-"/>
               </TextLine>
               <TextLine ID="r3l43"
                         BASELINE="2604"
                         HEIGHT="62"
                         WIDTH="1764"
                         VPOS="2542"
                         HPOS="174">
                  <String HEIGHT="62"
                          WIDTH="141"
                          VPOS="2542"
                          HPOS="156"
                          CONTENT="munt"
                          SUBS_TYPE="HypPart2"
                          SUBS_CONTENT="assumunt"/>
                  <SP HEIGHT="62" WIDTH="18" VPOS="2542" HPOS="297"/>
                  <String HEIGHT="62" WIDTH="106" VPOS="2542" HPOS="245" CONTENT="ad"/>
                  <SP HEIGHT="62" WIDTH="18" VPOS="2542" HPOS="350"/>
                  <String HEIGHT="62"
                          WIDTH="265"
                          VPOS="2542"
                          HPOS="297"
                          CONTENT="ostendendum"/>
                  <SP HEIGHT="62" WIDTH="18" VPOS="2542" HPOS="562"/>
                  <String HEIGHT="62"
                          WIDTH="194"
                          VPOS="2542"
                          HPOS="509"
                          CONTENT="quomodo"/>
                  <SP HEIGHT="62" WIDTH="18" VPOS="2542" HPOS="703"/>
                  <String HEIGHT="62"
                          WIDTH="123"
                          VPOS="2542"
                          HPOS="650"
                          CONTENT="non"/>
                  <SP HEIGHT="62" WIDTH="18" VPOS="2542" HPOS="774"/>
                  <String HEIGHT="62"
                          WIDTH="123"
                          VPOS="2542"
                          HPOS="721"
                          CONTENT="est"/>
                  <SP HEIGHT="62" WIDTH="18" VPOS="2542" HPOS="844"/>
                  <String HEIGHT="62"
                          WIDTH="194"
                          VPOS="2542"
                          HPOS="791"
                          CONTENT="simile,"/>
                  <SP HEIGHT="62" WIDTH="18" VPOS="2542" HPOS="985"/>
                  <String HEIGHT="62"
                          WIDTH="212"
                          VPOS="2542"
                          HPOS="933"
                          CONTENT="scilicet"/>
                  <SP HEIGHT="62" WIDTH="18" VPOS="2542" HPOS="1144"/>
                  <String HEIGHT="62"
                          WIDTH="141"
                          VPOS="2542"
                          HPOS="1091"
                          CONTENT="quod"/>
                  <SP HEIGHT="62" WIDTH="18" VPOS="2542" HPOS="1232"/>
                  <String HEIGHT="62"
                          WIDTH="194"
                          VPOS="2542"
                          HPOS="1179"
                          CONTENT="fratres"/>
                  <SP HEIGHT="62" WIDTH="18" VPOS="2542" HPOS="1374"/>
                  <String HEIGHT="62"
                          WIDTH="141"
                          VPOS="2542"
                          HPOS="1321"
                          CONTENT="bene"/>
                  <SP HEIGHT="62" WIDTH="18" VPOS="2542" HPOS="1462"/>
                  <String HEIGHT="62"
                          WIDTH="194"
                          VPOS="2542"
                          HPOS="1409"
                          CONTENT="vtuntur"/>
                  <SP HEIGHT="62" WIDTH="18" VPOS="2542" HPOS="1603"/>
                  <String HEIGHT="62"
                          WIDTH="247"
                          VPOS="2542"
                          HPOS="1550"
                          CONTENT="priuilegio"/>
                  <SP HEIGHT="62" WIDTH="18" VPOS="2542" HPOS="1797"/>
                  <String HEIGHT="62"
                          WIDTH="123"
                          VPOS="2542"
                          HPOS="1744"
                          CONTENT="suo"/>
                  <SP HEIGHT="62" WIDTH="18" VPOS="2542" HPOS="1867"/>
                  <String HEIGHT="62"
                          WIDTH="123"
                          VPOS="2542"
                          HPOS="1815"
                          CONTENT="&amp;c."/>
                  <SP HEIGHT="62" WIDTH="18" VPOS="2542" HPOS="1938"/>
                  <String HEIGHT="62" WIDTH="71" VPOS="2542" HPOS="1867" CONTENT="Di"/>
               </TextLine>
               <TextLine ID="r3l44"
                         BASELINE="2661"
                         HEIGHT="65"
                         WIDTH="1754"
                         VPOS="2596"
                         HPOS="180">
                  <String HEIGHT="65" WIDTH="97" VPOS="2596" HPOS="164" CONTENT="co"/>
                  <SP HEIGHT="65" WIDTH="16" VPOS="2596" HPOS="260"/>
                  <String HEIGHT="65"
                          WIDTH="129"
                          VPOS="2596"
                          HPOS="212"
                          CONTENT="quod"/>
                  <SP HEIGHT="65" WIDTH="16" VPOS="2596" HPOS="341"/>
                  <String HEIGHT="65"
                          WIDTH="145"
                          VPOS="2596"
                          HPOS="293"
                          CONTENT="eadem"/>
                  <SP HEIGHT="65" WIDTH="16" VPOS="2596" HPOS="437"/>
                  <String HEIGHT="65"
                          WIDTH="177"
                          VPOS="2596"
                          HPOS="389"
                          CONTENT="ratione"/>
                  <SP HEIGHT="65" WIDTH="16" VPOS="2596" HPOS="566"/>
                  <String HEIGHT="65"
                          WIDTH="161"
                          VPOS="2596"
                          HPOS="518"
                          CONTENT="potest"/>
                  <SP HEIGHT="65" WIDTH="16" VPOS="2596" HPOS="679"/>
                  <String HEIGHT="65"
                          WIDTH="129"
                          VPOS="2596"
                          HPOS="631"
                          CONTENT="dici"/>
                  <SP HEIGHT="65" WIDTH="16" VPOS="2596" HPOS="759"/>
                  <String HEIGHT="65"
                          WIDTH="129"
                          VPOS="2596"
                          HPOS="711"
                          CONTENT="quod"/>
                  <SP HEIGHT="65" WIDTH="16" VPOS="2596" HPOS="840"/>
                  <String HEIGHT="65"
                          WIDTH="193"
                          VPOS="2596"
                          HPOS="791"
                          CONTENT="praelati"/>
                  <SP HEIGHT="65" WIDTH="16" VPOS="2596" HPOS="985"/>
                  <String HEIGHT="65"
                          WIDTH="129"
                          VPOS="2596"
                          HPOS="936"
                          CONTENT="bene"/>
                  <SP HEIGHT="65" WIDTH="16" VPOS="2596" HPOS="1065"/>
                  <String HEIGHT="65" WIDTH="80" VPOS="2596" HPOS="1017" CONTENT="&amp;"/>
                  <SP HEIGHT="65" WIDTH="16" VPOS="2596" HPOS="1097"/>
                  <String HEIGHT="65"
                          WIDTH="290"
                          VPOS="2596"
                          HPOS="1049"
                          CONTENT="rationabiliter"/>
                  <SP HEIGHT="65" WIDTH="16" VPOS="2596" HPOS="1339"/>
                  <String HEIGHT="65"
                          WIDTH="241"
                          VPOS="2596"
                          HPOS="1290"
                          CONTENT="resistebant"/>
                  <SP HEIGHT="65" WIDTH="16" VPOS="2596" HPOS="1532"/>
                  <String HEIGHT="65"
                          WIDTH="209"
                          VPOS="2596"
                          HPOS="1483"
                          CONTENT="fratribus"/>
                  <SP HEIGHT="65" WIDTH="16" VPOS="2596" HPOS="1693"/>
                  <String HEIGHT="65" WIDTH="97" VPOS="2596" HPOS="1644" CONTENT="in"/>
                  <SP HEIGHT="65" WIDTH="16" VPOS="2596" HPOS="1741"/>
                  <String HEIGHT="65"
                          WIDTH="113"
                          VPOS="2596"
                          HPOS="1693"
                          CONTENT="vsu"/>
                  <SP HEIGHT="65" WIDTH="16" VPOS="2596" HPOS="1805"/>
                  <String HEIGHT="65"
                          WIDTH="193"
                          VPOS="2596"
                          HPOS="1741"
                          CONTENT="priuilegii"/>
               </TextLine>
               <TextLine ID="r3l45"
                         BASELINE="2706"
                         HEIGHT="59"
                         WIDTH="1763"
                         VPOS="2647"
                         HPOS="169">
                  <String HEIGHT="59"
                          WIDTH="180"
                          VPOS="2647"
                          HPOS="151"
                          CONTENT="eorum,"/>
                  <SP HEIGHT="59" WIDTH="18" VPOS="2647" HPOS="331"/>
                  <String HEIGHT="59" WIDTH="90" VPOS="2647" HPOS="277" CONTENT="&amp;"/>
                  <SP HEIGHT="59" WIDTH="18" VPOS="2647" HPOS="367"/>
                  <String HEIGHT="59"
                          WIDTH="144"
                          VPOS="2647"
                          HPOS="313"
                          CONTENT="ideo"/>
                  <SP HEIGHT="59" WIDTH="18" VPOS="2647" HPOS="457"/>
                  <String HEIGHT="59"
                          WIDTH="144"
                          VPOS="2647"
                          HPOS="403"
                          CONTENT="bene"/>
                  <SP HEIGHT="59" WIDTH="18" VPOS="2647" HPOS="547"/>
                  <String HEIGHT="59"
                          WIDTH="144"
                          VPOS="2647"
                          HPOS="493"
                          CONTENT="egit"/>
                  <SP HEIGHT="59" WIDTH="18" VPOS="2647" HPOS="637"/>
                  <String HEIGHT="59"
                          WIDTH="144"
                          VPOS="2647"
                          HPOS="583"
                          CONTENT="papa"/>
                  <SP HEIGHT="59" WIDTH="18" VPOS="2647" HPOS="727"/>
                  <String HEIGHT="59"
                          WIDTH="144"
                          VPOS="2647"
                          HPOS="673"
                          CONTENT="quod"/>
                  <SP HEIGHT="59" WIDTH="18" VPOS="2647" HPOS="817"/>
                  <String HEIGHT="59"
                          WIDTH="180"
                          VPOS="2647"
                          HPOS="763"
                          CONTENT="tacuit"/>
                  <SP HEIGHT="59" WIDTH="18" VPOS="2647" HPOS="943"/>
                  <String HEIGHT="59" WIDTH="90" VPOS="2647" HPOS="889" CONTENT="&amp;"/>
                  <SP HEIGHT="59" WIDTH="18" VPOS="2647" HPOS="979"/>
                  <String HEIGHT="59"
                          WIDTH="180"
                          VPOS="2647"
                          HPOS="925"
                          CONTENT="noluit"/>
                  <SP HEIGHT="59" WIDTH="18" VPOS="2647" HPOS="1104"/>
                  <String HEIGHT="59"
                          WIDTH="126"
                          VPOS="2647"
                          HPOS="1051"
                          CONTENT="eos"/>
                  <SP HEIGHT="59" WIDTH="18" VPOS="2647" HPOS="1176"/>
                  <String HEIGHT="59"
                          WIDTH="234"
                          VPOS="2647"
                          HPOS="1122"
                          CONTENT="reprimere"/>
                  <SP HEIGHT="59" WIDTH="18" VPOS="2647" HPOS="1356"/>
                  <String HEIGHT="59" WIDTH="90" VPOS="2647" HPOS="1302" CONTENT="&amp;"/>
                  <SP HEIGHT="59" WIDTH="18" VPOS="2647" HPOS="1392"/>
                  <String HEIGHT="59"
                          WIDTH="216"
                          VPOS="2647"
                          HPOS="1338"
                          CONTENT="permisit"/>
                  <SP HEIGHT="59" WIDTH="18" VPOS="2647" HPOS="1554"/>
                  <String HEIGHT="59"
                          WIDTH="126"
                          VPOS="2647"
                          HPOS="1500"
                          CONTENT="eos"/>
                  <SP HEIGHT="59" WIDTH="18" VPOS="2647" HPOS="1626"/>
                  <String HEIGHT="59"
                          WIDTH="234"
                          VPOS="2647"
                          HPOS="1572"
                          CONTENT="fratribus"/>
                  <SP HEIGHT="59" WIDTH="18" VPOS="2647" HPOS="1806"/>
                  <String HEIGHT="59"
                          WIDTH="198"
                          VPOS="2647"
                          HPOS="1734"
                          CONTENT="resistere"/>
               </TextLine>
               <TextLine ID="r3l46"
                         BASELINE="2767"
                         HEIGHT="66"
                         WIDTH="1760"
                         VPOS="2701"
                         HPOS="174">
                  <String HEIGHT="66" WIDTH="103" VPOS="2701" HPOS="157" CONTENT="in"/>
                  <SP HEIGHT="66" WIDTH="17" VPOS="2701" HPOS="259"/>
                  <String HEIGHT="66"
                          WIDTH="120"
                          VPOS="2701"
                          HPOS="208"
                          CONTENT="hoc"/>
                  <SP HEIGHT="66" WIDTH="17" VPOS="2701" HPOS="328"/>
                  <String HEIGHT="66"
                          WIDTH="222"
                          VPOS="2701"
                          HPOS="277"
                          CONTENT="deferendo"/>
                  <SP HEIGHT="66" WIDTH="17" VPOS="2701" HPOS="499"/>
                  <String HEIGHT="66"
                          WIDTH="222"
                          VPOS="2701"
                          HPOS="447"
                          CONTENT="fratribus"/>
                  <SP HEIGHT="66" WIDTH="17" VPOS="2701" HPOS="670"/>
                  <String HEIGHT="66"
                          WIDTH="137"
                          VPOS="2701"
                          HPOS="618"
                          CONTENT="quod"/>
                  <SP HEIGHT="66" WIDTH="17" VPOS="2701" HPOS="755"/>
                  <String HEIGHT="66"
                          WIDTH="120"
                          VPOS="2701"
                          HPOS="704"
                          CONTENT="non"/>
                  <SP HEIGHT="66" WIDTH="17" VPOS="2701" HPOS="823"/>
                  <String HEIGHT="66"
                          WIDTH="171"
                          VPOS="2701"
                          HPOS="772"
                          CONTENT="statim"/>
                  <SP HEIGHT="66" WIDTH="17" VPOS="2701" HPOS="943"/>
                  <String HEIGHT="66"
                          WIDTH="120"
                          VPOS="2701"
                          HPOS="892"
                          CONTENT="pro"/>
                  <SP HEIGHT="66" WIDTH="17" VPOS="2701" HPOS="1011"/>
                  <String HEIGHT="66"
                          WIDTH="222"
                          VPOS="2701"
                          HPOS="960"
                          CONTENT="praelatis"/>
                  <SP HEIGHT="66" WIDTH="17" VPOS="2701" HPOS="1182"/>
                  <String HEIGHT="66"
                          WIDTH="290"
                          VPOS="2701"
                          HPOS="1131"
                          CONTENT="sententiauit."/>
                  <SP HEIGHT="66" WIDTH="17" VPOS="2701" HPOS="1421"/>
                  <String HEIGHT="66" WIDTH="85" VPOS="2701" HPOS="1370" CONTENT="&amp;"/>
                  <SP HEIGHT="66" WIDTH="17" VPOS="2701" HPOS="1456"/>
                  <String HEIGHT="66"
                          WIDTH="120"
                          VPOS="2701"
                          HPOS="1404"
                          CONTENT="sic"/>
                  <SP HEIGHT="66" WIDTH="17" VPOS="2701" HPOS="1524"/>
                  <String HEIGHT="66"
                          WIDTH="103"
                          VPOS="2701"
                          HPOS="1473"
                          CONTENT="in"/>
                  <SP HEIGHT="66" WIDTH="17" VPOS="2701" HPOS="1575"/>
                  <String HEIGHT="66"
                          WIDTH="137"
                          VPOS="2701"
                          HPOS="1524"
                          CONTENT="tali"/>
                  <SP HEIGHT="66" WIDTH="17" VPOS="2701" HPOS="1661"/>
                  <String HEIGHT="66"
                          WIDTH="154"
                          VPOS="2701"
                          HPOS="1609"
                          CONTENT="dicto"/>
                  <SP HEIGHT="66" WIDTH="17" VPOS="2701" HPOS="1763"/>
                  <String HEIGHT="66"
                          WIDTH="205"
                          VPOS="2701"
                          HPOS="1712"
                          CONTENT="fratrum:"/>
                  <SP HEIGHT="66" WIDTH="17" VPOS="2701" HPOS="1917"/>
                  <String HEIGHT="66"
                          WIDTH="85"
                          VPOS="2701"
                          HPOS="1849"
                          CONTENT="est"/>
               </TextLine>
               <TextLine ID="r3l47"
                         BASELINE="2832"
                         HEIGHT="79"
                         WIDTH="1756"
                         VPOS="2753"
                         HPOS="177">
                  <String HEIGHT="79"
                          WIDTH="199"
                          VPOS="2753"
                          HPOS="159"
                          CONTENT="petitio"/>
                  <SP HEIGHT="79" WIDTH="18" VPOS="2753" HPOS="358"/>
                  <String HEIGHT="79"
                          WIDTH="145"
                          VPOS="2753"
                          HPOS="304"
                          CONTENT="eius"/>
                  <SP HEIGHT="79" WIDTH="18" VPOS="2753" HPOS="449"/>
                  <String HEIGHT="79"
                          WIDTH="145"
                          VPOS="2753"
                          HPOS="394"
                          CONTENT="quod"/>
                  <SP HEIGHT="79" WIDTH="18" VPOS="2753" HPOS="539"/>
                  <String HEIGHT="79"
                          WIDTH="181"
                          VPOS="2753"
                          HPOS="485"
                          CONTENT="debent"/>
                  <SP HEIGHT="79" WIDTH="18" VPOS="2753" HPOS="666"/>
                  <String HEIGHT="79"
                          WIDTH="199"
                          VPOS="2753"
                          HPOS="611"
                          CONTENT="probare"/>
                  <SP HEIGHT="79" WIDTH="18" VPOS="2753" HPOS="811"/>
                  <String HEIGHT="79" WIDTH="91" VPOS="2753" HPOS="756" CONTENT="&amp;"/>
                  <SP HEIGHT="79" WIDTH="18" VPOS="2753" HPOS="847"/>
                  <String HEIGHT="79"
                          WIDTH="145"
                          VPOS="2753"
                          HPOS="793"
                          CONTENT="quod"/>
                  <SP HEIGHT="79" WIDTH="18" VPOS="2753" HPOS="937"/>
                  <String HEIGHT="79"
                          WIDTH="127"
                          VPOS="2753"
                          HPOS="883"
                          CONTENT="eis"/>
                  <SP HEIGHT="79" WIDTH="18" VPOS="2753" HPOS="1010"/>
                  <String HEIGHT="79"
                          WIDTH="217"
                          VPOS="2753"
                          HPOS="955"
                          CONTENT="negatur."/>
                  <SP HEIGHT="79" WIDTH="18" VPOS="2753" HPOS="1173"/>
                  <String HEIGHT="79"
                          WIDTH="109"
                          VPOS="2753"
                          HPOS="1118"
                          CONTENT="Et"/>
                  <SP HEIGHT="79" WIDTH="18" VPOS="2753" HPOS="1227"/>
                  <String HEIGHT="79"
                          WIDTH="235"
                          VPOS="2753"
                          HPOS="1173"
                          CONTENT="praeterea"/>
                  <SP HEIGHT="79" WIDTH="18" VPOS="2753" HPOS="1408"/>
                  <String HEIGHT="79"
                          WIDTH="163"
                          VPOS="2753"
                          HPOS="1354"
                          CONTENT="licet"/>
                  <SP HEIGHT="79" WIDTH="18" VPOS="2753" HPOS="1517"/>
                  <String HEIGHT="79"
                          WIDTH="145"
                          VPOS="2753"
                          HPOS="1462"
                          CONTENT="bene"/>
                  <SP HEIGHT="79" WIDTH="18" VPOS="2753" HPOS="1607"/>
                  <String HEIGHT="79"
                          WIDTH="199"
                          VPOS="2753"
                          HPOS="1553"
                          CONTENT="egisset"/>
                  <SP HEIGHT="79" WIDTH="18" VPOS="2753" HPOS="1752"/>
                  <String HEIGHT="79"
                          WIDTH="199"
                          VPOS="2753"
                          HPOS="1698"
                          CONTENT="vterque"/>
                  <SP HEIGHT="79" WIDTH="18" VPOS="2753" HPOS="1897"/>
                  <String HEIGHT="79"
                          WIDTH="109"
                          VPOS="2753"
                          HPOS="1824"
                          CONTENT="papa"/>
               </TextLine>
               <TextLine ID="r3l48"
                         BASELINE="2880"
                         HEIGHT="60"
                         WIDTH="1756"
                         VPOS="2820"
                         HPOS="179">
                  <String HEIGHT="60"
                          WIDTH="148"
                          VPOS="2820"
                          HPOS="161"
                          CONTENT="quod"/>
                  <SP HEIGHT="60" WIDTH="18" VPOS="2820" HPOS="308"/>
                  <String HEIGHT="60"
                          WIDTH="185"
                          VPOS="2820"
                          HPOS="253"
                          CONTENT="tacuit"/>
                  <SP HEIGHT="60" WIDTH="18" VPOS="2820" HPOS="438"/>
                  <String HEIGHT="60" WIDTH="92" VPOS="2820" HPOS="382" CONTENT="&amp;"/>
                  <SP HEIGHT="60" WIDTH="18" VPOS="2820" HPOS="475"/>
                  <String HEIGHT="60"
                          WIDTH="185"
                          VPOS="2820"
                          HPOS="419"
                          CONTENT="noluit"/>
                  <SP HEIGHT="60" WIDTH="18" VPOS="2820" HPOS="604"/>
                  <String HEIGHT="60"
                          WIDTH="222"
                          VPOS="2820"
                          HPOS="549"
                          CONTENT="exaudire"/>
                  <SP HEIGHT="60" WIDTH="18" VPOS="2820" HPOS="770"/>
                  <String HEIGHT="60"
                          WIDTH="259"
                          VPOS="2820"
                          HPOS="715"
                          CONTENT="praelatos,"/>
                  <SP HEIGHT="60" WIDTH="18" VPOS="2820" HPOS="974"/>
                  <String HEIGHT="60" WIDTH="92" VPOS="2820" HPOS="918" CONTENT="&amp;"/>
                  <SP HEIGHT="60" WIDTH="18" VPOS="2820" HPOS="1011"/>
                  <String HEIGHT="60"
                          WIDTH="222"
                          VPOS="2820"
                          HPOS="955"
                          CONTENT="permisit"/>
                  <SP HEIGHT="60" WIDTH="18" VPOS="2820" HPOS="1177"/>
                  <String HEIGHT="60"
                          WIDTH="148"
                          VPOS="2820"
                          HPOS="1122"
                          CONTENT="vsum"/>
                  <SP HEIGHT="60" WIDTH="18" VPOS="2820" HPOS="1270"/>
                  <String HEIGHT="60"
                          WIDTH="203"
                          VPOS="2820"
                          HPOS="1214"
                          CONTENT="fratrum"/>
                  <SP HEIGHT="60" WIDTH="18" VPOS="2820" HPOS="1417"/>
                  <String HEIGHT="60"
                          WIDTH="111"
                          VPOS="2820"
                          HPOS="1362"
                          CONTENT="si"/>
                  <SP HEIGHT="60" WIDTH="18" VPOS="2820" HPOS="1473"/>
                  <String HEIGHT="60"
                          WIDTH="166"
                          VPOS="2820"
                          HPOS="1417"
                          CONTENT="bonus"/>
                  <SP HEIGHT="60" WIDTH="18" VPOS="2820" HPOS="1584"/>
                  <String HEIGHT="60"
                          WIDTH="166"
                          VPOS="2820"
                          HPOS="1528"
                          CONTENT="fuit,"/>
                  <SP HEIGHT="60" WIDTH="18" VPOS="2820" HPOS="1695"/>
                  <String HEIGHT="60"
                          WIDTH="277"
                          VPOS="2820"
                          HPOS="1639"
                          CONTENT="nihilominus"/>
                  <SP HEIGHT="60" WIDTH="18" VPOS="2820" HPOS="1917"/>
                  <String HEIGHT="60"
                          WIDTH="92"
                          VPOS="2820"
                          HPOS="1843"
                          CONTENT="ta"
                          SUBS_TYPE="HypPart1"
                          SUBS_CONTENT="tamen"/>
                  <HYP CONTENT="-"/>
               </TextLine>
               <TextLine ID="r3l49"
                         BASELINE="2931"
                         HEIGHT="60"
                         WIDTH="1764"
                         VPOS="2871"
                         HPOS="172">
                  <String HEIGHT="60"
                          WIDTH="144"
                          VPOS="2871"
                          HPOS="151"
                          CONTENT="men"
                          SUBS_TYPE="HypPart2"
                          SUBS_CONTENT="tamen"/>
                  <SP HEIGHT="60" WIDTH="21" VPOS="2871" HPOS="295"/>
                  <String HEIGHT="60"
                          WIDTH="246"
                          VPOS="2871"
                          HPOS="234"
                          CONTENT="secundum"/>
                  <SP HEIGHT="60" WIDTH="21" VPOS="2871" HPOS="480"/>
                  <String HEIGHT="60"
                          WIDTH="205"
                          VPOS="2871"
                          HPOS="418"
                          CONTENT="dictum"/>
                  <SP HEIGHT="60" WIDTH="21" VPOS="2871" HPOS="623"/>
                  <String HEIGHT="60"
                          WIDTH="185"
                          VPOS="2871"
                          HPOS="562"
                          CONTENT="modum"/>
                  <SP HEIGHT="60" WIDTH="21" VPOS="2871" HPOS="746"/>
                  <String HEIGHT="60"
                          WIDTH="246"
                          VPOS="2871"
                          HPOS="685"
                          CONTENT="arguendi"/>
                  <SP HEIGHT="60" WIDTH="21" VPOS="2871" HPOS="931"/>
                  <String HEIGHT="60"
                          WIDTH="226"
                          VPOS="2871"
                          HPOS="869"
                          CONTENT="fratrum"/>
                  <SP HEIGHT="60" WIDTH="21" VPOS="2871" HPOS="1095"/>
                  <String HEIGHT="60"
                          WIDTH="267"
                          VPOS="2871"
                          HPOS="1033"
                          CONTENT="peccasset"/>
                  <SP HEIGHT="60" WIDTH="21" VPOS="2871" HPOS="1300"/>
                  <String HEIGHT="60"
                          WIDTH="226"
                          VPOS="2871"
                          HPOS="1239"
                          CONTENT="vterque"/>
                  <SP HEIGHT="60" WIDTH="21" VPOS="2871" HPOS="1464"/>
                  <String HEIGHT="60"
                          WIDTH="185"
                          VPOS="2871"
                          HPOS="1403"
                          CONTENT="eorum"/>
                  <SP HEIGHT="60" WIDTH="21" VPOS="2871" HPOS="1587"/>
                  <String HEIGHT="60"
                          WIDTH="123"
                          VPOS="2871"
                          HPOS="1526"
                          CONTENT="in"/>
                  <SP HEIGHT="60" WIDTH="21" VPOS="2871" HPOS="1649"/>
                  <String HEIGHT="60"
                          WIDTH="144"
                          VPOS="2871"
                          HPOS="1587"
                          CONTENT="non"/>
                  <SP HEIGHT="60" WIDTH="21" VPOS="2871" HPOS="1731"/>
                  <String HEIGHT="60"
                          WIDTH="287"
                          VPOS="2871"
                          HPOS="1649"
                          CONTENT="reprehenden"
                          SUBS_TYPE="HypPart1"
                          SUBS_CONTENT="reprehendendo"/>
                  <HYP CONTENT="-"/>
               </TextLine>
               <TextLine ID="r3l50"
                         BASELINE="2991"
                         HEIGHT="70"
                         WIDTH="1767"
                         VPOS="2921"
                         HPOS="172">
                  <String HEIGHT="70"
                          WIDTH="118"
                          VPOS="2921"
                          HPOS="152"
                          CONTENT="do"
                          SUBS_TYPE="HypPart2"
                          SUBS_CONTENT="reprehendendo"/>
                  <SP HEIGHT="70" WIDTH="20" VPOS="2921" HPOS="270"/>
                  <String HEIGHT="70" WIDTH="98" VPOS="2921" HPOS="211" CONTENT="&amp;"/>
                  <SP HEIGHT="70" WIDTH="20" VPOS="2921" HPOS="309"/>
                  <String HEIGHT="70"
                          WIDTH="255"
                          VPOS="2921"
                          HPOS="251"
                          CONTENT="cohibendo"/>
                  <SP HEIGHT="70" WIDTH="20" VPOS="2921" HPOS="506"/>
                  <String HEIGHT="70"
                          WIDTH="255"
                          VPOS="2921"
                          HPOS="447"
                          CONTENT="praelatos"/>
                  <SP HEIGHT="70" WIDTH="20" VPOS="2921" HPOS="702"/>
                  <String HEIGHT="70"
                          WIDTH="157"
                          VPOS="2921"
                          HPOS="643"
                          CONTENT="quia"/>
                  <SP HEIGHT="70" WIDTH="20" VPOS="2921" HPOS="800"/>
                  <String HEIGHT="70"
                          WIDTH="177"
                          VPOS="2921"
                          HPOS="741"
                          CONTENT="bonum"/>
                  <SP HEIGHT="70" WIDTH="20" VPOS="2921" HPOS="918"/>
                  <String HEIGHT="70"
                          WIDTH="157"
                          VPOS="2921"
                          HPOS="859"
                          CONTENT="vsum"/>
                  <SP HEIGHT="70" WIDTH="20" VPOS="2921" HPOS="1016"/>
                  <String HEIGHT="70"
                          WIDTH="216"
                          VPOS="2921"
                          HPOS="957"
                          CONTENT="fratrum"/>
                  <SP HEIGHT="70" WIDTH="20" VPOS="2921" HPOS="1173"/>
                  <String HEIGHT="70"
                          WIDTH="314"
                          VPOS="2921"
                          HPOS="1114"
                          CONTENT="impedissent."/>
                  <SP HEIGHT="70" WIDTH="20" VPOS="2921" HPOS="1429"/>
                  <String HEIGHT="70"
                          WIDTH="118"
                          VPOS="2921"
                          HPOS="1370"
                          CONTENT="Ad"/>
                  <SP HEIGHT="70" WIDTH="20" VPOS="2921" HPOS="1487"/>
                  <String HEIGHT="70"
                          WIDTH="216"
                          VPOS="2921"
                          HPOS="1429"
                          CONTENT="quartum"/>
                  <SP HEIGHT="70" WIDTH="20" VPOS="2921" HPOS="1644"/>
                  <String HEIGHT="70"
                          WIDTH="137"
                          VPOS="2921"
                          HPOS="1586"
                          CONTENT="quo"/>
                  <SP HEIGHT="70" WIDTH="20" VPOS="2921" HPOS="1723"/>
                  <String HEIGHT="70"
                          WIDTH="216"
                          VPOS="2921"
                          HPOS="1664"
                          CONTENT="arguunt"/>
                  <SP HEIGHT="70" WIDTH="20" VPOS="2921" HPOS="1880"/>
                  <String HEIGHT="70"
                          WIDTH="157"
                          VPOS="2921"
                          HPOS="1821"
                          CONTENT="quod"/>
                  <SP HEIGHT="70" WIDTH="20" VPOS="2921" HPOS="1978"/>
                  <String HEIGHT="70" WIDTH="39" VPOS="2921" HPOS="1900" CONTENT=""/>
               </TextLine>
               <TextLine ID="r3l51"
                         BASELINE="3045"
                         HEIGHT="75"
                         WIDTH="1752"
                         VPOS="2970"
                         HPOS="180">
                  <String HEIGHT="75"
                          WIDTH="159"
                          VPOS="2970"
                          HPOS="162"
                          CONTENT="papae"/>
                  <SP HEIGHT="75" WIDTH="18" VPOS="2970" HPOS="322"/>
                  <String HEIGHT="75"
                          WIDTH="283"
                          VPOS="2970"
                          HPOS="268"
                          CONTENT="taciturnitas"/>
                  <SP HEIGHT="75" WIDTH="18" VPOS="2970" HPOS="552"/>
                  <String HEIGHT="75"
                          WIDTH="142"
                          VPOS="2970"
                          HPOS="499"
                          CONTENT="erat"/>
                  <SP HEIGHT="75" WIDTH="18" VPOS="2970" HPOS="640"/>
                  <String HEIGHT="75"
                          WIDTH="124"
                          VPOS="2970"
                          HPOS="587"
                          CONTENT="pro"/>
                  <SP HEIGHT="75" WIDTH="18" VPOS="2970" HPOS="711"/>
                  <String HEIGHT="75"
                          WIDTH="124"
                          VPOS="2970"
                          HPOS="658"
                          CONTENT="eis"/>
                  <SP HEIGHT="75" WIDTH="18" VPOS="2970" HPOS="782"/>
                  <String HEIGHT="75"
                          WIDTH="124"
                          VPOS="2970"
                          HPOS="729"
                          CONTENT="per"/>
                  <SP HEIGHT="75" WIDTH="18" VPOS="2970" HPOS="852"/>
                  <String HEIGHT="75"
                          WIDTH="177"
                          VPOS="2970"
                          HPOS="799"
                          CONTENT="simile"/>
                  <SP HEIGHT="75" WIDTH="18" VPOS="2970" HPOS="976"/>
                  <String HEIGHT="75" WIDTH="106" VPOS="2970" HPOS="923" CONTENT="de"/>
                  <SP HEIGHT="75" WIDTH="18" VPOS="2970" HPOS="1029"/>
                  <String HEIGHT="75"
                          WIDTH="212"
                          VPOS="2970"
                          HPOS="976"
                          CONTENT="audiente"/>
                  <SP HEIGHT="75" WIDTH="18" VPOS="2970" HPOS="1189"/>
                  <String HEIGHT="75"
                          WIDTH="283"
                          VPOS="2970"
                          HPOS="1136"
                          CONTENT="confessiones"/>
                  <SP HEIGHT="75" WIDTH="18" VPOS="2970" HPOS="1419"/>
                  <String HEIGHT="75"
                          WIDTH="106"
                          VPOS="2970"
                          HPOS="1366"
                          CONTENT="in"/>
                  <SP HEIGHT="75" WIDTH="18" VPOS="2970" HPOS="1472"/>
                  <String HEIGHT="75"
                          WIDTH="212"
                          VPOS="2970"
                          HPOS="1419"
                          CONTENT="parochia"/>
                  <SP HEIGHT="75" WIDTH="18" VPOS="2970" HPOS="1631"/>
                  <String HEIGHT="75"
                          WIDTH="212"
                          VPOS="2970"
                          HPOS="1578"
                          CONTENT="alicuius"/>
                  <SP HEIGHT="75" WIDTH="18" VPOS="2970" HPOS="1790"/>
                  <String HEIGHT="75"
                          WIDTH="177"
                          VPOS="2970"
                          HPOS="1737"
                          CONTENT="absque"/>
                  <SP HEIGHT="75" WIDTH="18" VPOS="2970" HPOS="1914"/>
                  <String HEIGHT="75"
                          WIDTH="88"
                          VPOS="2970"
                          HPOS="1844"
                          CONTENT="om"
                          SUBS_TYPE="HypPart1"
                          SUBS_CONTENT="omni"/>
                  <HYP CONTENT="-"/>
               </TextLine>
               <TextLine ID="r3l52"
                         BASELINE="3088"
                         HEIGHT="58"
                         WIDTH="1760"
                         VPOS="3030"
                         HPOS="177">
                  <String HEIGHT="58"
                          WIDTH="106"
                          VPOS="3030"
                          HPOS="159"
                          CONTENT="ni"
                          SUBS_TYPE="HypPart2"
                          SUBS_CONTENT="omni"/>
                  <SP HEIGHT="58" WIDTH="18" VPOS="3030" HPOS="265"/>
                  <String HEIGHT="58"
                          WIDTH="317"
                          VPOS="3030"
                          HPOS="212"
                          CONTENT="iurisdictione:"/>
                  <SP HEIGHT="58" WIDTH="18" VPOS="3030" HPOS="529"/>
                  <String HEIGHT="58"
                          WIDTH="141"
                          VPOS="3030"
                          HPOS="476"
                          CONTENT="Dico"/>
                  <SP HEIGHT="58" WIDTH="18" VPOS="3030" HPOS="617"/>
                  <String HEIGHT="58"
                          WIDTH="141"
                          VPOS="3030"
                          HPOS="564"
                          CONTENT="quod"/>
                  <SP HEIGHT="58" WIDTH="18" VPOS="3030" HPOS="705"/>
                  <String HEIGHT="58"
                          WIDTH="141"
                          VPOS="3030"
                          HPOS="652"
                          CONTENT="iste"/>
                  <SP HEIGHT="58" WIDTH="18" VPOS="3030" HPOS="793"/>
                  <String HEIGHT="58"
                          WIDTH="123"
                          VPOS="3030"
                          HPOS="740"
                          CONTENT="qui"/>
                  <SP HEIGHT="58" WIDTH="18" VPOS="3030" HPOS="863"/>
                  <String HEIGHT="58"
                          WIDTH="123"
                          VPOS="3030"
                          HPOS="811"
                          CONTENT="sic"/>
                  <SP HEIGHT="58" WIDTH="18" VPOS="3030" HPOS="934"/>
                  <String HEIGHT="58"
                          WIDTH="282"
                          VPOS="3030"
                          HPOS="881"
                          CONTENT="confessiones"/>
                  <SP HEIGHT="58" WIDTH="18" VPOS="3030" HPOS="1163"/>
                  <String HEIGHT="58"
                          WIDTH="194"
                          VPOS="3030"
                          HPOS="1110"
                          CONTENT="audiret"/>
                  <SP HEIGHT="58" WIDTH="18" VPOS="3030" HPOS="1303"/>
                  <String HEIGHT="58"
                          WIDTH="299"
                          VPOS="3030"
                          HPOS="1251"
                          CONTENT="praesumptuose"/>
                  <SP HEIGHT="58" WIDTH="18" VPOS="3030" HPOS="1550"/>
                  <String HEIGHT="58"
                          WIDTH="176"
                          VPOS="3030"
                          HPOS="1497"
                          CONTENT="ageret"/>
                  <SP HEIGHT="58" WIDTH="18" VPOS="3030" HPOS="1673"/>
                  <String HEIGHT="58" WIDTH="88" VPOS="3030" HPOS="1620" CONTENT="&amp;"/>
                  <SP HEIGHT="58" WIDTH="18" VPOS="3030" HPOS="1708"/>
                  <String HEIGHT="58"
                          WIDTH="176"
                          VPOS="3030"
                          HPOS="1655"
                          CONTENT="multum"/>
                  <SP HEIGHT="58" WIDTH="18" VPOS="3030" HPOS="1831"/>
                  <String HEIGHT="58"
                          WIDTH="176"
                          VPOS="3030"
                          HPOS="1761"
                          CONTENT="peccaret"/>
               </TextLine>
               <TextLine ID="r3l53"
                         BASELINE="3149"
                         HEIGHT="71"
                         WIDTH="1763"
                         VPOS="3078"
                         HPOS="175">
                  <String HEIGHT="71"
                          WIDTH="142"
                          VPOS="3078"
                          HPOS="159"
                          CONTENT="talem"/>
                  <SP HEIGHT="71" WIDTH="16" VPOS="3078" HPOS="301"/>
                  <String HEIGHT="71"
                          WIDTH="142"
                          VPOS="3078"
                          HPOS="254"
                          CONTENT="actum"/>
                  <SP HEIGHT="71" WIDTH="16" VPOS="3078" HPOS="395"/>
                  <String HEIGHT="71"
                          WIDTH="236"
                          VPOS="3078"
                          HPOS="348"
                          CONTENT="attentando,"/>
                  <SP HEIGHT="71" WIDTH="16" VPOS="3078" HPOS="584"/>
                  <String HEIGHT="71"
                          WIDTH="157"
                          VPOS="3078"
                          HPOS="537"
                          CONTENT="maxime"/>
                  <SP HEIGHT="71" WIDTH="16" VPOS="3078" HPOS="694"/>
                  <String HEIGHT="71"
                          WIDTH="110"
                          VPOS="3078"
                          HPOS="647"
                          CONTENT="per"/>
                  <SP HEIGHT="71" WIDTH="16" VPOS="3078" HPOS="757"/>
                  <String HEIGHT="71"
                          WIDTH="142"
                          VPOS="3078"
                          HPOS="710"
                          CONTENT="actus"/>
                  <SP HEIGHT="71" WIDTH="16" VPOS="3078" HPOS="852"/>
                  <String HEIGHT="71"
                          WIDTH="283"
                          VPOS="3078"
                          HPOS="805"
                          CONTENT="continuationem"/>
                  <SP HEIGHT="71" WIDTH="16" VPOS="3078" HPOS="1088"/>
                  <String HEIGHT="71"
                          WIDTH="126"
                          VPOS="3078"
                          HPOS="1041"
                          CONTENT="sibi"/>
                  <SP HEIGHT="71" WIDTH="16" VPOS="3078" HPOS="1167"/>
                  <String HEIGHT="71"
                          WIDTH="110"
                          VPOS="3078"
                          HPOS="1119"
                          CONTENT="ius"/>
                  <SP HEIGHT="71" WIDTH="16" VPOS="3078" HPOS="1230"/>
                  <String HEIGHT="71"
                          WIDTH="252"
                          VPOS="3078"
                          HPOS="1182"
                          CONTENT="praescribere"/>
                  <SP HEIGHT="71" WIDTH="16" VPOS="3078" HPOS="1434"/>
                  <String HEIGHT="71"
                          WIDTH="236"
                          VPOS="3078"
                          HPOS="1387"
                          CONTENT="intendendo:"/>
                  <SP HEIGHT="71" WIDTH="16" VPOS="3078" HPOS="1623"/>
                  <String HEIGHT="71" WIDTH="79" VPOS="3078" HPOS="1576" CONTENT="&amp;"/>
                  <SP HEIGHT="71" WIDTH="16" VPOS="3078" HPOS="1655"/>
                  <String HEIGHT="71"
                          WIDTH="157"
                          VPOS="3078"
                          HPOS="1607"
                          CONTENT="omnino"/>
                  <SP HEIGHT="71" WIDTH="16" VPOS="3078" HPOS="1765"/>
                  <String HEIGHT="71"
                          WIDTH="142"
                          VPOS="3078"
                          HPOS="1718"
                          CONTENT="esset"/>
                  <SP HEIGHT="71" WIDTH="16" VPOS="3078" HPOS="1859"/>
                  <String HEIGHT="71"
                          WIDTH="142"
                          VPOS="3078"
                          HPOS="1796"
                          CONTENT="cohiben"/>
               </TextLine>
               <TextLine ID="r3l54"
                         BASELINE="3198"
                         HEIGHT="60"
                         WIDTH="1762"
                         VPOS="3138"
                         HPOS="177">
                  <String HEIGHT="60"
                          WIDTH="108"
                          VPOS="3138"
                          HPOS="162"
                          CONTENT="dus"/>
                  <SP HEIGHT="60" WIDTH="15" VPOS="3138" HPOS="270"/>
                  <String HEIGHT="60"
                          WIDTH="124"
                          VPOS="3138"
                          HPOS="223"
                          CONTENT="nisi"/>
                  <SP HEIGHT="60" WIDTH="15" VPOS="3138" HPOS="347"/>
                  <String HEIGHT="60"
                          WIDTH="139"
                          VPOS="3138"
                          HPOS="301"
                          CONTENT="notum"/>
                  <SP HEIGHT="60" WIDTH="15" VPOS="3138" HPOS="440"/>
                  <String HEIGHT="60"
                          WIDTH="139"
                          VPOS="3138"
                          HPOS="393"
                          CONTENT="esset"/>
                  <SP HEIGHT="60" WIDTH="15" VPOS="3138" HPOS="532"/>
                  <String HEIGHT="60"
                          WIDTH="124"
                          VPOS="3138"
                          HPOS="486"
                          CONTENT="quod"/>
                  <SP HEIGHT="60" WIDTH="15" VPOS="3138" HPOS="610"/>
                  <String HEIGHT="60" WIDTH="93" VPOS="3138" HPOS="563" CONTENT="ad"/>
                  <SP HEIGHT="60" WIDTH="15" VPOS="3138" HPOS="656"/>
                  <String HEIGHT="60"
                          WIDTH="108"
                          VPOS="3138"
                          HPOS="610"
                          CONTENT="hoc"/>
                  <SP HEIGHT="60" WIDTH="15" VPOS="3138" HPOS="718"/>
                  <String HEIGHT="60" WIDTH="77" VPOS="3138" HPOS="672" CONTENT="a"/>
                  <SP HEIGHT="60" WIDTH="15" VPOS="3138" HPOS="749"/>
                  <String HEIGHT="60"
                          WIDTH="108"
                          VPOS="3138"
                          HPOS="703"
                          CONTENT="deo"/>
                  <SP HEIGHT="60" WIDTH="15" VPOS="3138" HPOS="811"/>
                  <String HEIGHT="60"
                          WIDTH="155"
                          VPOS="3138"
                          HPOS="764"
                          CONTENT="missus"/>
                  <SP HEIGHT="60" WIDTH="15" VPOS="3138" HPOS="919"/>
                  <String HEIGHT="60"
                          WIDTH="155"
                          VPOS="3138"
                          HPOS="873"
                          CONTENT="esset."/>
                  <SP HEIGHT="60" WIDTH="15" VPOS="3138" HPOS="1027"/>
                  <String HEIGHT="60"
                          WIDTH="232"
                          VPOS="3138"
                          HPOS="981"
                          CONTENT="Quemadmodum"/>
                  <SP HEIGHT="60" WIDTH="15" VPOS="3138" HPOS="1213"/>
                  <String HEIGHT="60"
                          WIDTH="185"
                          VPOS="3138"
                          HPOS="1166"
                          CONTENT="Equitius"/>
                  <SP HEIGHT="60" WIDTH="15" VPOS="3138" HPOS="1352"/>
                  <String HEIGHT="60"
                          WIDTH="139"
                          VPOS="3138"
                          HPOS="1305"
                          CONTENT="abbas"/>
                  <SP HEIGHT="60" WIDTH="15" VPOS="3138" HPOS="1444"/>
                  <String HEIGHT="60"
                          WIDTH="155"
                          VPOS="3138"
                          HPOS="1398"
                          CONTENT="missus"/>
                  <SP HEIGHT="60" WIDTH="15" VPOS="3138" HPOS="1553"/>
                  <String HEIGHT="60"
                          WIDTH="124"
                          VPOS="3138"
                          HPOS="1506"
                          CONTENT="erat"/>
                  <SP HEIGHT="60" WIDTH="15" VPOS="3138" HPOS="1630"/>
                  <String HEIGHT="60" WIDTH="77" VPOS="3138" HPOS="1584" CONTENT="a"/>
                  <SP HEIGHT="60" WIDTH="15" VPOS="3138" HPOS="1661"/>
                  <String HEIGHT="60"
                          WIDTH="108"
                          VPOS="3138"
                          HPOS="1614"
                          CONTENT="deo"/>
                  <SP HEIGHT="60" WIDTH="15" VPOS="3138" HPOS="1723"/>
                  <String HEIGHT="60" WIDTH="93" VPOS="3138" HPOS="1676" CONTENT="ad"/>
                  <SP HEIGHT="60" WIDTH="15" VPOS="3138" HPOS="1769"/>
                  <String HEIGHT="60"
                          WIDTH="247"
                          VPOS="3138"
                          HPOS="1723"
                          CONTENT="praedicandum"/>
                  <SP HEIGHT="60" WIDTH="15" VPOS="3138" HPOS="1970"/>
                  <String HEIGHT="60" WIDTH="31" VPOS="3138" HPOS="1908" CONTENT=""/>
               </TextLine>
               <TextLine ID="r3l55"
                         BASELINE="3283"
                         HEIGHT="100"
                         WIDTH="1769"
                         VPOS="3183"
                         HPOS="170">
                  <String HEIGHT="100"
                          WIDTH="121"
                          VPOS="3183"
                          HPOS="153"
                          CONTENT="cui"/>
                  <SP HEIGHT="100" WIDTH="17" VPOS="3183" HPOS="274"/>
                  <String HEIGHT="100"
                          WIDTH="156"
                          VPOS="3183"
                          HPOS="222"
                          CONTENT="tamen"/>
                  <SP HEIGHT="100" WIDTH="17" VPOS="3183" HPOS="378"/>
                  <String HEIGHT="100"
                          WIDTH="191"
                          VPOS="3183"
                          HPOS="326"
                          CONTENT="Damasus"/>
                  <SP HEIGHT="100" WIDTH="17" VPOS="3183" HPOS="517"/>
                  <String HEIGHT="100"
                          WIDTH="139"
                          VPOS="3183"
                          HPOS="465"
                          CONTENT="papa"/>
                  <SP HEIGHT="100" WIDTH="17" VPOS="3183" HPOS="604"/>
                  <String HEIGHT="100"
                          WIDTH="225"
                          VPOS="3183"
                          HPOS="552"
                          CONTENT="defendere"/>
                  <SP HEIGHT="100" WIDTH="17" VPOS="3183" HPOS="777"/>
                  <String HEIGHT="100"
                          WIDTH="225"
                          VPOS="3183"
                          HPOS="725"
                          CONTENT="praecepit"/>
                  <SP HEIGHT="100" WIDTH="17" VPOS="3183" HPOS="950"/>
                  <String HEIGHT="100"
                          WIDTH="156"
                          VPOS="3183"
                          HPOS="898"
                          CONTENT="actum"/>
                  <SP HEIGHT="100" WIDTH="17" VPOS="3183" HPOS="1055"/>
                  <String HEIGHT="100"
                          WIDTH="312"
                          VPOS="3183"
                          HPOS="1002"
                          CONTENT="praedicationis"/>
                  <SP HEIGHT="100" WIDTH="17" VPOS="3183" HPOS="1315"/>
                  <String HEIGHT="100"
                          WIDTH="156"
                          VPOS="3183"
                          HPOS="1263"
                          CONTENT="sicut"/>
                  <SP HEIGHT="100" WIDTH="17" VPOS="3183" HPOS="1419"/>
                  <String HEIGHT="100" WIDTH="87" VPOS="3183" HPOS="1367" CONTENT="&amp;"/>
                  <SP HEIGHT="100" WIDTH="17" VPOS="3183" HPOS="1453"/>
                  <String HEIGHT="100"
                          WIDTH="191"
                          VPOS="3183"
                          HPOS="1401"
                          CONTENT="debuit,"/>
                  <SP HEIGHT="100" WIDTH="17" VPOS="3183" HPOS="1592"/>
                  <String HEIGHT="100"
                          WIDTH="208"
                          VPOS="3183"
                          HPOS="1540"
                          CONTENT="quousque"/>
                  <SP HEIGHT="100" WIDTH="17" VPOS="3183" HPOS="1748"/>
                  <String HEIGHT="100"
                          WIDTH="104"
                          VPOS="3183"
                          HPOS="1696"
                          CONTENT="in"/>
                  <SP HEIGHT="100" WIDTH="17" VPOS="3183" HPOS="1800"/>
                  <String HEIGHT="100"
                          WIDTH="156"
                          VPOS="3183"
                          HPOS="1748"
                          CONTENT="somno"/>
                  <SP HEIGHT="100" WIDTH="17" VPOS="3183" HPOS="1904"/>
                  <String HEIGHT="100"
                          WIDTH="104"
                          VPOS="3183"
                          HPOS="1835"
                          CONTENT="reue"/>
               </TextLine>
            </TextBlock>
         </PrintSpace>
      </Page>
   </Layout>
</alto>
