2449 3743
550 267 132 109 esse
633 267 248 109 respectiuum
831 267 149 109 nulla
930 267 116 109 est
996 267 231 109 pluralitas
1178 267 116 109 nec
1244 267 231 109 diuersitas
1426 267 116 109 aut
1492 267 231 109 distinctio
1673 267 132 109 nisi
1756 267 198 109 secundum
1905 267 198 109 rationem
2053 267 83 109 &
2070 267 231 109 consideratio

545 362 120 62 nem
613 362 274 62 intellectus:
836 362 86 62 &
871 362 206 62 secundum
1025 362 206 62 rationes
1179 362 292 62 attributales:
1419 362 154 62 prout
1522 362 120 62 hoc
1591 362 154 62 alias
1694 362 292 62 declarauimus.
1934 362 103 62 Et
1985 362 137 62 ideo
2071 362 120 62 cum
2140 362 171 62 diuina
2242 362 69 62 na

538 424 133 63 tura
622 424 250 63 intellectui
822 424 150 63 beato
922 424 217 63 obiectiue
1088 424 100 63 se
1138 424 167 63 offert
1255 424 83 63 &
1288 424 250 63 representat
1488 424 100 63 vt
1538 424 133 63 vnum
1622 424 250 63 simpliciter
1822 424 117 63 sub
1888 424 117 63 vna
1955 424 183 63 ratione
2072 424 233 63 simplicissi-

547 466 88 70 ma
591 466 161 70 tantum,
708 466 190 70 videlicet
855 466 103 70 sub
914 466 161 70 ratione
1031 466 132 70 esse,
1119 466 103 70 qua
1177 466 234 70 vniversalter
1368 466 103 70 est
1426 466 132 70 ratio
1514 466 176 70 secundum
1646 466 117 70 quam
1719 466 88 70 de
1763 466 190 70 quacumque
1910 466 88 70 re
1953 466 146 70 primus
2056 466 132 70 natus
2144 466 103 70 est
2188 466 117 70 forma.

539 527 91 71 ri
584 527 197 71 conceptus
735 527 91 71 ab
781 527 121 71 ipso
856 527 242 71 intellectum:
1053 527 106 71 ita
1113 527 121 71 quod
1189 527 91 71 si
1234 527 227 71 intellectus
1416 527 242 71 apprehendens
1612 527 166 71 diuinam
1733 527 166 71 naturam
1854 527 106 71 sub
1915 527 166 71 ratione
2036 527 121 71 esse
2111 527 121 71 stet
2187 527 91 71 in
2217 527 91 71 sola

539 590 259 65 apphensione
746 590 155 65 tali,
849 590 86 65 &
884 590 224 65 nequaquam
1056 590 207 65 operetur
1212 590 207 65 vlterius
1367 590 155 65 circa
1471 590 121 65 sic
1540 590 242 65 apprhensum
1730 590 138 65 suae
1816 590 328 65 considerationis
2092 590 207 65 intuitu:
2230 590 69 65 ne

544 630 172 72 quaquam
669 630 219 72 apprhendet
841 630 109 72 aut
903 630 203 72 discernet
1059 630 172 72 aliquam
1184 630 250 72 pluralitatem
1387 630 187 72 rationum
1528 630 94 72 in
1574 630 140 72 illa:
1668 630 125 72 quia
1746 630 109 72 nec
1809 630 109 72 est
1871 630 94 72 in
1918 630 125 72 illa
1996 630 187 72 secundum
2136 630 172 72 naturam
2246 630 62 72 ni

536 691 95 76 si
584 691 95 76 in
631 691 189 76 virtute:
773 691 79 76 &
804 691 189 76 secundum
946 691 142 76 actum
1041 691 205 76 solummodo
1198 691 110 76 est
1261 691 95 76 in
1309 691 126 76 illa
1388 691 95 76 ex
1435 691 284 76 consideratione
1671 691 236 76 intellectus
1861 691 268 76 distinguentis
2081 691 142 76 illas
2176 691 95 76 in
2207 691 95 76 ipsa

534 751 167 65 natura
651 751 117 65 sub
718 751 184 65 ratione
852 751 134 65 quae
935 751 117 65 est
1002 751 150 65 esse,
1102 751 150 65 quasi
1202 751 284 65 determinantis
1436 751 84 65 &
1470 751 267 65 contrahentis
1687 751 167 65 ipsam.
1804 751 217 65 cuiusmodi
1971 751 134 65 sunt
2054 751 184 65 viuere,
2171 751 134 65 intel-

533 804 188 58 ligere,
669 804 171 58 velle:
789 804 137 58 quae
874 804 290 58 significantur
1113 804 119 58 per
1182 804 154 58 modum
1284 804 171 58 actus.
1403 804 102 58 Et
1455 804 137 58 quia
1540 804 102 58 ab
1591 804 137 58 esse
1676 804 188 58 dicitur
1813 804 222 58 essentia,
1984 804 205 58 essentia
2137 804 119 58 est
2189 804 119 58 ratio

533 860 190 59 secundum
675 860 126 59 quam
754 860 95 59 de
802 860 205 59 quacumque
960 860 95 59 re
1007 860 158 59 primus
1118 860 142 59 natus
1213 860 111 59 est
1276 860 205 59 conceptus
1434 860 174 59 formari
1560 860 95 59 ab
1608 860 126 59 ipso
1687 860 79 59 &
1718 860 95 59 in
1766 860 126 59 ipso
1845 860 253 59 intellectum:
2050 860 111 59 ita
2113 860 126 59 quod
2192 860 95 59 si
2240 860 95 59 in

531 914 214 57 tellectus
695 914 247 57 apprhendens
892 914 181 57 diuinam
1024 914 181 57 naturam
1156 914 115 57 sub
1221 914 181 57 ratione
1353 914 214 57 essentiae
1517 914 132 57 stet
1600 914 99 57 in
1649 914 132 57 sola
1731 914 280 57 apprehensione
1962 914 148 57 tali,
2060 914 82 57 &
2093 914 214 57 nequaquam
2241 914 66 57 vl

532 971 172 66 terius
652 971 207 66 operetur
808 971 138 66 suae
894 971 328 66 considerationis
1170 971 190 66 intuitu
1308 971 155 66 circa
1411 971 121 66 sic
1480 971 241 66 apphensum,
1670 971 224 66 nequaquam
1842 971 241 66 apprhendet
2032 971 190 66 aliquam
2153 971 155 66 plurali

541 1025 143 63 tatem
637 1025 191 63 rationum
780 1025 96 63 in
828 1025 159 63 diuina
939 1025 175 63 natura,
1067 1025 127 63 quia
1146 1025 111 63 nec
1210 1025 127 63 sunt
1290 1025 96 63 in
1337 1025 127 63 illa
1417 1025 127 63 nisi
1497 1025 175 63 virtute
1624 1025 175 63 tantum:
1752 1025 80 63 &
1783 1025 207 63 solummodo
1943 1025 127 63 sunt
2022 1025 96 63 in
2070 1025 127 63 illa
2150 1025 191 63 secundum

532 1079 141 72 actum
626 1079 94 72 ex
673 1079 282 72 consideratione
909 1079 235 72 intellectus
1097 1079 267 72 distinguentis
1316 1079 141 72 illas
1410 1079 94 72 in
1457 1079 125 72 ipsa
1536 1079 157 72 natura
1646 1079 110 72 sub
1708 1079 172 72 ratione
1834 1079 125 72 illa
1912 1079 125 72 quae
1990 1079 110 72 est
2053 1079 204 72 essentia,
2194 1079 110 72 quasi

546 1136 275 70 determinantis
773 1136 81 70 &
805 1136 259 70 contrahentis
1016 1136 162 70 ipsam:
1129 1136 211 70 cuiusmodi
1291 1136 130 70 sunt
1372 1136 146 70 vita,
1470 1136 292 70 intelligentia,
1713 1136 194 70 veritas,
1858 1136 211 70 voluntas,
2021 1136 81 70 &
2053 1136 194 70 bonitas:
2199 1136 130 70 quao

546 1185 276 64 significantur
773 1185 114 64 per
838 1185 146 64 modum
936 1185 195 64 habitus.
1082 1185 114 64 Nec
1147 1185 114 64 est
1212 1185 114 64 ibi
1277 1185 163 64 aliqua
1391 1185 260 64 determinatio
1602 1185 114 64 aut
1667 1185 228 64 contractio
1846 1185 98 64 ex
1895 1185 163 64 natura
2008 1185 130 64 rei:
2090 1185 130 64 quia
2171 1185 163 64 tuncin

543 1241 121 70 illa
619 1241 91 70 ex
664 1241 106 70 hoc
725 1241 136 70 esset
815 1241 151 70 aliqua
921 1241 227 70 compositio:
1103 1241 106 70 sed
1164 1241 167 70 solummo
1285 1241 182 70 secundum
1421 1241 182 70 rationem
1557 1241 288 70 considerationis
1799 1241 182 70 nostrae:
1936 1241 121 70 quae
2011 1241 106 70 non
2072 1241 151 70 potest
2178 1241 106 70 sub
2223 1241 76 70 ra-

541 1308 153 62 tione
643 1308 170 62 tantae
763 1308 290 62 simplicitatis
1001 1308 153 62 illas
1104 1308 273 62 comprhendere
1325 1308 119 62 sub
1393 1308 119 62 qua
1462 1308 136 62 sunt
1547 1308 102 62 in
1598 1308 136 62 illa
1683 1308 188 62 natura.
1820 1308 102 62 In
1871 1308 136 62 ipsa
1956 1308 136 62 enim
2041 1308 170 62 diuina
2161 1308 170 62 natura

541 1354 172 67 quantum
666 1354 109 67 est
729 1354 94 67 ex
775 1354 125 67 ipsa
853 1354 156 67 natura
963 1354 109 67 non
1025 1354 109 67 est
1087 1354 125 67 nisi
1165 1354 109 67 vna
1228 1354 250 67 singularitas
1431 1354 172 67 simplex
1555 1354 125 67 sine
1633 1354 125 67 omni
1711 1354 172 67 ratione
1836 1354 250 67 vniversalis:
2039 1354 125 67 sine
2117 1354 109 67 qua
2179 1354 109 67 non
2226 1354 78 67 est

536 1405 269 68 determinatio
755 1405 118 68 vel
822 1405 236 68 contractio
1007 1405 101 68 in
1058 1405 101 68 re
1108 1405 101 68 ex
1159 1405 135 68 ipsa
1243 1405 168 68 natura
1361 1405 135 68 rei.
1445 1405 151 68 Quare
1546 1405 118 68 cum
1613 1405 101 68 in
1664 1405 185 68 visione
1798 1405 202 68 beatorum
1950 1405 118 68 non
2017 1405 118 68 est
2067 1405 236 68 consideratio

540 1463 233 62 intellectus
727 1463 140 62 circa
820 1463 124 62 illa
897 1463 124 62 quae
975 1463 124 62 sunt
1053 1463 93 62 in
1099 1463 124 62 deo,
1177 1463 233 62 discursiua,
1363 1463 140 62 neque
1456 1463 109 62 via
1518 1463 295 62 inuestigationis
1767 1463 140 62 vnius
1860 1463 186 62 rationis
2000 1463 124 62 post
2077 1463 155 62 aliam:
2186 1463 109 62 sed
2232 1463 78 62 sim

528 1525 142 65 plex
617 1525 89 65 &
653 1525 142 65 tota
742 1525 178 65 simul,
867 1525 107 65 de
920 1525 267 65 necessitate
1134 1525 142 65 ergo
1223 1525 178 65 beatus
1347 1525 160 65 vnico
1454 1525 89 65 &
1490 1525 214 65 simplici
1650 1525 196 65 intuitu
1793 1525 160 65 videt
1899 1525 107 65 in
1953 1525 142 65 ipsa
2042 1525 178 65 diuina
2167 1525 178 65 natura

543 1577 134 67 omnes
632 1577 134 67 illas
722 1577 179 67 rationes
856 1577 149 67 simul:
960 1577 74 67 &
990 1577 134 67 earum
1079 1577 238 67 pluralitatem
1273 1577 134 67 atque
1362 1577 238 67 diuersitatem
1556 1577 119 67 siue
1631 1577 268 67 distinctionem:
1854 1577 119 67 quae
1929 1577 134 67 etiam
2018 1577 134 67 nullo
2107 1577 119 67 modo
2167 1577 134 67 possent

544 1623 160 77 videri
656 1623 128 77 nisi
737 1623 144 77 ipsis
833 1623 225 77 rationibus
1009 1623 144 77 simul
1106 1623 144 77 visis
1202 1623 128 77 acsi
1282 1623 193 77 secundum
1426 1623 112 77 rem
1491 1623 160 77 essent
1603 1623 96 77 in
1651 1623 128 77 ipsa
1731 1623 160 77 diuina
1844 1623 177 77 natura,
1972 1623 80 77 &
2004 1623 128 77 sese
2084 1623 96 77 ex
2132 1623 160 77 natura
2229 1623 80 77 rei

543 1686 212 63 offerrent
706 1686 245 63 intellectui
902 1686 82 63 &
935 1686 196 63 mouerent
1082 1686 147 63 illum
1180 1686 98 63 ad
1229 1686 196 63 videndum
1376 1686 131 63 eas.
1458 1686 180 63 Propter
1588 1686 131 63 quid
1670 1686 131 63 dico
1752 1686 131 63 quod
1833 1686 114 63 non
1899 1686 163 63 potest
2013 1686 131 63 deus
2095 1686 163 63 videri
2209 1686 82 63 a
2225 1686 82 63 bea

536 1736 101 67 to
587 1736 118 67 sub
654 1736 185 67 ratione
788 1736 134 67 veri
872 1736 168 67 absque
990 1736 101 67 eo
1040 1736 134 67 quod
1124 1736 202 67 videatur
1276 1736 118 67 sub
1343 1736 185 67 ratione
1477 1736 151 67 boni.
1578 1736 101 67 AD
1629 1736 151 67 cuius
1730 1736 219 67 ampliorem
1898 1736 252 67 intellectum
2099 1736 84 67 a
2116 1736 185 67 contrario

544 1805 188 56 acceptum
685 1805 109 56 est
748 1805 250 56 aduertendum:
951 1805 125 56 quod
1029 1805 94 56 si
1076 1805 172 56 aliquid
1201 1805 125 56 vnum
1279 1805 78 56 &
1310 1805 125 56 ideo
1388 1805 172 56 simplex
1513 1805 188 56 secundum
1654 1805 109 56 rem
1717 1805 141 56 habet
1810 1805 94 56 in
1857 1805 94 56 se
1904 1805 188 56 diuersas
2045 1805 203 56 rationes:
2201 1805 125 56 quod

548 1853 157 63 posset
658 1853 189 63 cognosci
800 1853 189 63 secundum
942 1853 126 63 vnam
1021 1853 157 63 earum:
1131 1853 79 63 &
1162 1853 110 63 non
1225 1853 189 63 secundum
1367 1853 157 63 aliam:
1477 1853 110 63 hoc
1540 1853 110 63 non
1603 1853 173 63 videtur
1729 1853 142 63 posse
1824 1853 220 63 contingere
1997 1853 126 63 nisi
2076 1853 157 63 duabus
2186 1853 94 63 de
2217 1853 79 63 cau

549 1902 119 69 sis:
624 1902 164 69 propter
743 1902 119 69 quas
818 1902 104 69 vna
877 1902 134 69 earum
967 1902 149 69 possit
1071 1902 194 69 intelligi
1220 1902 164 69 seorsum
1340 1902 119 69 sine
1414 1902 134 69 alia.
1504 1902 149 69 Quarum
1608 1902 134 69 prima
1698 1902 119 69 est:
1772 1902 119 69 quod
1847 1902 104 69 res
1906 1902 119 69 illa
1981 1902 149 69 potest
2085 1902 134 69 hapbe
2160 1902 149 69 rationem

550 1965 192 56 niversalis
701 1965 165 56 secundum
825 1965 165 56 diuersas
948 1965 206 56 intentiones
1113 1965 151 56 generis
1223 1965 69 56 &
1250 1965 233 56 differentiae:
1442 1965 96 56 nec
1497 1965 96 56 est
1552 1965 82 56 ex
1593 1965 82 56 se
1635 1965 220 56 singularitas
1813 1965 151 56 quaedam
1923 1965 124 56 sicut
2005 1965 82 56 in
2046 1965 137 56 diuina
2142 1965 151 56 natura,
2252 1965 82 56 in

552 2011 128 69 quam
632 2011 112 69 non
696 2011 144 69 cadit
792 2011 144 69 ratio
888 2011 256 69 vniversalis.
1096 2011 176 69 Propter
1224 2011 128 69 hanc
1304 2011 128 69 enim
1384 2011 160 69 causam
1496 2011 160 69 possum
1608 2011 240 69 intelligere
1800 2011 192 69 rationem
1944 2011 256 69 animalitatis
2152 2011 128 69 siue
2216 2011 80 69 ani

547 2061 213 68 malitatem
711 2061 197 68 secundum
858 2061 197 68 rationem
1006 2061 180 68 generis
1137 2061 164 68 absque
1252 2061 98 68 eo
1301 2061 131 68 quod
1383 2061 230 68 intelligam
1564 2061 197 68 rationem
1711 2061 295 68 rationalitatis
1957 2061 115 68 aut
2007 2061 295 68 irrationalitatis

546 2114 203 66 secundum
699 2114 203 66 rationem
851 2114 288 66 differentiae,
1088 2114 85 66 &
1122 2114 220 66 similiter
1292 2114 170 66 possum
1411 2114 254 66 intelligere
1614 2114 186 66 hominem
1750 2114 85 66 &
1784 2114 170 66 videre
1902 2114 136 66 siue
1987 2114 237 66 cognoscere
2173 2114 85 66 a
2190 2114 119 66 longe

545 2171 190 73 venientem
692 2171 102 73 sub
750 2171 161 73 ratione
867 2171 190 73 animalis:
1013 2171 117 73 quod
1086 2171 132 73 tamen
1174 2171 132 73 ipsum
1261 2171 102 73 non
1320 2171 190 73 cognoscam
1466 2171 175 73 secundum
1598 2171 175 73 rationem
1729 2171 205 73 rationalis
1890 2171 102 73 vel
1948 2171 175 73 hominis:
2080 2171 132 73 cuius
2153 2171 146 73 rationem

536 2230 154 64 habet
639 2230 120 64 per
707 2230 223 64 rationale
879 2230 189 64 additum
1016 2230 206 64 animali.
1171 2230 137 64 Alia
1256 2230 137 64 est:
1342 2230 137 64 quia
1428 2230 120 64 res
1497 2230 137 64 illa
1582 2230 103 64 in
1634 2230 120 64 qua
1703 2230 137 64 sunt
1788 2230 154 64 ambae
1891 2230 223 64 rationes:
2063 2230 120 64 non
2131 2230 103 64 se
2166 2230 137 64 offert

542 2291 148 57 clare
640 2291 263 57 cognoscenti,
854 2291 115 57 aut
920 2291 132 57 ipse
1002 2291 247 57 intellectus
1200 2291 181 57 propter
1332 2291 132 57 suam
1414 2291 247 57 obtusitatem
1612 2291 115 57 non
1677 2291 198 57 sufficit
1826 2291 115 57 eam
1891 2291 148 57 primo
1990 2291 181 57 intuitu
2122 2291 148 57 clare
2204 2291 99 57 con-

546 2329 203 72 spicere:
698 2329 118 72 sed
766 2329 186 72 oportet
901 2329 118 72 eum
968 2329 118 72 per
1036 2329 219 72 discursum
1205 2329 203 72 notitiam
1357 2329 169 72 illius
1475 2329 270 72 inuestigare:
1694 2329 84 72 &
1728 2329 118 72 hoc
1795 2329 253 72 singillatim
1998 2329 203 72 singulas
2133 2329 169 72 rationes

542 2386 201 66 singulis
693 2386 369 66 inuestigationibus.
1012 2386 101 66 et
1062 2386 134 66 ideo
1146 2386 117 66 vna
1213 2386 184 66 illarum
1347 2386 251 66 inuestigata
1548 2386 117 66 sic
1615 2386 101 66 vt
1665 2386 251 66 cognoscatur
1866 2386 134 66 siue
1950 2386 285 66 intelligatur,
2168 2386 134 66 altera

553 2450 131 69 quia
634 2450 164 69 nondum
749 2450 245 69 inuestigata
945 2450 115 69 est
1011 2450 115 69 non
1076 2450 245 69 cognoscitur
1272 2450 115 69 nec
1338 2450 278 69 intelligitur.
1567 2450 98 69 Et
1616 2450 196 69 secundum
1763 2450 115 69 hoc
1829 2450 98 69 in
1878 2450 131 69 vita
1959 2450 131 69 ista
2041 2450 164 69 possum
2139 2450 164 69 cognosce

541 2500 90 67 re
586 2500 120 67 deum
661 2500 181 67 secundum
797 2500 120 67 quod
872 2500 105 67 est
932 2500 105 67 ens
992 2500 75 67 &
1022 2500 105 67 non
1083 2500 181 67 secundum
1218 2500 120 67 quod
1293 2500 105 67 est
1353 2500 120 67 vnus
1429 2500 105 67 vel
1489 2500 135 67 bonus
1579 2500 75 67 &
1609 2500 211 67 huiusmodi.
1774 2500 120 67 Haec
1850 2500 120 67 enim
1925 2500 181 67 diuersis
2060 2500 271 67 inuestigationi

540 2555 134 65 bus,
624 2555 84 65 &
657 2555 184 65 seorsum
791 2555 100 65 de
841 2555 117 65 deo
908 2555 100 65 in
958 2555 134 65 vita
1041 2555 134 65 ista
1125 2555 284 65 cognoscuntur.
1359 2555 134 65 Nunc
1442 2555 150 65 autem
1542 2555 100 65 in
1593 2555 217 65 proposito
1760 2555 117 65 ita
1826 2555 134 65 est:
1910 2555 134 65 quod
1993 2555 167 65 neutra
2110 2555 150 65 harum
2194 2555 100 65 cau-

544 2611 140 63 sarum
637 2611 140 63 locum
730 2611 140 63 habet
823 2611 93 63 in
869 2611 155 63 aperta
978 2611 171 63 visione
1102 2611 109 63 dei
1164 2611 93 63 in
1210 2611 171 63 patria.
1334 2611 109 63 Non
1396 2611 155 63 prima:
1505 2611 124 63 quia
1582 2611 93 63 in
1629 2611 109 63 deo
1691 2611 109 63 non
1753 2611 140 63 cadit
1846 2611 140 63 ratio
1939 2611 248 63 vniversalis:
2140 2611 109 63 sed
2202 2611 124 63 quod

545 2665 124 74 quid
623 2665 109 74 est
685 2665 93 74 in
732 2665 93 74 eo
779 2665 109 74 vna
841 2665 249 74 singularitas
1043 2665 171 74 quaedam
1167 2665 124 74 est:
1245 2665 187 74 secundum
1385 2665 124 74 quod
1463 2665 140 74 alibi
1556 2665 218 74 declaraui.
1727 2665 124 74 Vnde
1805 2665 124 74 quia
1882 2665 140 74 ratio
1976 2665 124 74 esse
2053 2665 124 74 quae
2131 2665 109 74 est
2178 2665 124 74 primum

547 2724 264 61 cognoscibile
761 2724 99 61 de
810 2724 115 61 deo
876 2724 82 61 &
909 2724 198 61 visibile
1057 2724 99 61 in
1107 2724 132 61 ipso
1189 2724 82 61 &
1222 2724 280 61 simplicissima
1453 2724 99 61 in
1502 2724 115 61 eo,
1568 2724 181 61 quoddam
1700 2724 165 61 singul
1815 2724 115 61 are
1881 2724 115 61 est
1947 2724 82 61 &
1980 2724 214 61 similiter
2145 2724 165 61 viuere
2244 2724 49 61 &

538 2773 244 65 intelligere,
736 2773 137 65 velle
827 2773 76 65 &
858 2773 183 65 caeterae
995 2773 183 65 virtutes
1132 2773 152 65 omnes,
1239 2773 76 65 &
1269 2773 122 65 sunt
1345 2773 137 65 omnes
1437 2773 91 65 id
1482 2773 122 65 quid
1558 2773 137 65 ipsum
1650 2773 91 65 in
1696 2773 107 65 vna
1757 2773 91 65 re
1802 2773 213 65 singulari:
1970 2773 76 65 &
2000 2773 107 65 vna
2061 2773 137 65 earum
2153 2773 183 65 secundum

546 2830 108 61 rem
607 2830 77 61 &
638 2830 170 61 quantum
762 2830 108 61 est
824 2830 93 61 de
870 2830 155 61 natura
979 2830 108 61 rei
1040 2830 108 61 est
1102 2830 139 61 alia:
1195 2830 139 61 licet
1288 2830 186 61 secundum
1427 2830 186 61 rationem
1566 2830 170 61 nostram
1690 2830 247 61 intelligendi
1891 2830 108 61 vna
1953 2830 217 61 includatur
2123 2830 93 61 in
2169 2830 124 61 alia
2231 2830 62 61 vt

545 2878 124 74 esse
622 2878 93 74 in
668 2878 170 74 viuere,
792 2878 77 74 &
823 2878 155 74 viuere
932 2878 93 74 in
978 2878 248 74 intelligere:
1179 2878 77 74 &
1210 2878 139 74 verum
1303 2878 93 74 in
1350 2878 139 74 bono,
1442 2878 77 74 &
1473 2878 108 74 sic
1535 2878 93 74 de
1582 2878 201 74 singulis,
1737 2878 93 74 vt
1783 2878 186 74 secundum
1922 2878 108 74 hoc
1984 2878 139 74 omnes
2077 2878 139 74 simul
2170 2878 108 74 per
2217 2878 77 74 con

543 2934 221 63 siderationem
723 2934 208 63 intellectus
889 2934 83 63 in
931 2934 125 63 vnica
1014 2934 235 63 singularitate
1207 2934 166 63 secundum
1332 2934 97 63 rem
1387 2934 83 63 se
1429 2934 166 63 offerant
1553 2934 166 63 videnti,
1678 2934 125 63 ratie
1761 2934 166 63 scilicet
1886 2934 138 63 ipsius
1983 2934 111 63 esse
2052 2934 83 63 in
2093 2934 125 63 aliis
2176 2934 83 63 vt
2218 2934 97 63 qui

540 2986 114 71 bus
605 2986 147 71 quasi
703 2986 278 71 determinatur:
932 2986 82 71 &
965 2986 196 71 rationes
1112 2986 147 71 aliae
1210 2986 114 71 sub
1275 2986 180 71 ratione
1406 2986 163 71 ipsius
1521 2986 131 71 esse
1602 2986 131 71 quae
1684 2986 147 71 quasi
1782 2986 147 71 ipsum
1880 2986 262 71 determinant.
2093 2986 147 71 Omnis
2191 2986 131 71 ergo

550 3035 151 70 videns
655 3035 121 70 deum
731 3035 121 70 vera
806 3035 166 70 visione
927 3035 136 70 ipsum
1017 3035 136 70 totum
1108 3035 75 70 &
1138 3035 181 70 secundum
1274 3035 136 70 omnes
1364 3035 181 70 rationes
1500 3035 121 70 eius
1575 3035 136 70 videt
1666 3035 121 70 eum:
1741 3035 106 70 aut
1801 3035 90 70 si
1847 3035 226 70 subtrahatur
2028 3035 136 70 visio
2118 3035 121 70 haec
2178 3035 106 70 vnius

535 3100 208 63 rationis,
695 3100 224 63 necessario
871 3100 160 63 omnium
983 3100 176 63 aliarum
1111 3100 144 63 visio
1207 3100 256 63 subtrahetur.
1415 3100 176 63 Secunda
1544 3100 144 63 autem
1640 3100 192 63 causarum
1784 3100 256 63 praedictarum
1992 3100 288 63 nequaquamhabet
2216 3100 80 63 lo-

541 3135 123 79 cum
612 3135 106 79 in
665 3135 247 79 proposito:
859 3135 141 79 quia
947 3135 106 79 in
1000 3135 194 79 visione
1141 3135 123 79 dei
1211 3135 176 79 aperta
1335 3135 159 79 nulla
1440 3135 123 79 est
1511 3135 212 79 cognitio
1669 3135 106 79 ex
1722 3135 317 79 inuestigatione
1987 3135 88 79 &
2022 3135 247 79 discurlum.
2198 3135 106 79 Pro-

538 3210 131 82 pter
620 3210 131 82 quid
702 3210 131 82 dico
784 3210 164 82 iterum
899 3210 131 82 quod
981 3210 131 82 deus
1063 3210 115 82 non
1128 3210 164 82 potest
1243 3210 164 82 videri
1358 3210 82 82 a
1391 3210 148 82 beato
1489 3210 115 82 sub
1555 3210 180 82 ratione
1686 3210 131 82 veri
1768 3210 230 82 obiectiue,
1948 3210 131 82 quin
2031 3210 148 82 etiam
2129 3210 148 82 simul
2211 3210 82 82 vi
