2441 3733
496 253 212 96 CONtra.
650 253 193 96 corpus
785 253 212 96 Christi
939 253 116 96 in
997 253 193 96 triduo
1132 253 154 96 fuit
1228 253 193 96 vnitum
1363 253 173 96 verbo
1479 253 289 96 inanimatum,
1710 253 96 96 &
1748 253 193 96 potuit
1883 253 173 96 illud
1999 253 135 96 sic
2057 253 231 96 conseruare

506 342 107 61 in
560 342 233 61 perpetuum
739 342 197 61 dimissa
882 342 179 61 anima:
1008 342 107 61 eo
1061 342 143 61 quod
1151 342 143 61 deus
1240 342 161 61 nulla
1348 342 269 61 necessitate
1563 342 215 61 retinuit
1724 342 179 61 animam
1849 342 161 61 secum
1957 342 197 61 vnitam:
2100 342 143 61 quia
2172 342 125 61 nulla

499 399 267 62 necessitate
713 399 284 62 determinatur
944 399 107 62 ad
997 399 213 62 actionem
1157 399 107 62 in
1210 399 231 62 creatura:
1388 399 89 62 &
1424 399 124 62 sic
1495 399 160 62 eadem
1602 399 231 62 potestate
1779 399 107 62 ab
1833 399 178 62 initio
1957 399 178 62 potuit
2064 399 231 62 assumpsisse

499 459 181 59 corpus
626 459 199 59 humanum
770 459 145 59 sine
861 459 181 59 anima.
987 459 145 59 ltem
1078 459 109 59 ad
1132 459 145 59 deum
1223 459 181 59 potest
1349 459 163 59 fieri
1458 459 235 59 assumptio
1639 459 109 59 in
1693 459 145 59 esse
1783 459 326 59 subsistentiae:
2055 459 145 59 quia
2145 459 109 59 in
2200 459 127 59 deo

503 501 123 66 est
574 501 158 66 ratio
679 501 140 66 esse
766 501 88 66 &
801 501 298 66 subsistentiae
1046 501 140 66 quae
1134 501 123 66 est
1204 501 105 66 in
1257 501 175 66 natura
1379 501 228 66 assumpta.
1554 501 123 66 sed
1624 501 105 66 in
1677 501 140 66 ipso
1765 501 123 66 est
1835 501 158 66 ratio
1940 501 158 66 omnis
2045 501 140 66 esse
2132 501 88 66 &
2150 501 140 66 subsi-

511 556 223 64 stentiae
679 556 149 64 quae
771 556 149 64 sunt
864 556 111 64 in
920 556 260 64 creaturis.
1124 556 167 64 omnis
1236 556 149 64 ergo
1328 556 223 64 creatura
1496 556 149 64 siue
1588 556 186 64 natura
1718 556 260 64 subsistens
1923 556 186 64 potest
2053 556 204 64 assumi.
2183 556 111 64 Quia

498 614 191 64 naturae
637 614 243 64 assumendae
828 614 278 64 possibilitas
1053 614 104 64 ad
1105 614 278 64 assumptionem
1331 614 191 64 occulta
1470 614 139 64 est,
1557 614 87 64 &
1591 614 156 64 nulla
1696 614 104 64 ex
1748 614 156 64 parte
1852 614 122 64 dei
1921 614 174 64 omnino
2043 614 191 64 existit
2164 614 122 64 dubi-

503 666 149 67 tatio
603 666 99 67 an
653 666 166 67 possit
769 666 133 67 sibi
851 666 199 67 assumere
1001 666 232 67 quancumque
1183 666 182 67 naturam
1315 666 298 67 assumptibilem:
1564 666 133 67 ideo
1647 666 133 67 tota
1730 666 249 67 difficultas
1928 666 149 67 huius
2028 666 249 67 quaestionis
2210 666 83 67 ver

513 714 145 75 titur
610 714 145 75 circa
707 714 291 75 possibilitatem
949 714 178 75 naturae
1079 714 242 75 assumendae.
1273 714 97 75 Et
1321 714 129 75 sunt
1402 714 145 75 circa
1499 714 113 75 hoc
1564 714 129 75 duae
1644 714 226 75 positiones
1822 714 210 75 solennes.
1984 714 145 75 Dicit
2081 714 129 75 enim
2146 714 145 75 positio

504 770 207 66 communior
663 770 80 66 &
695 770 223 66 solennior,
870 770 111 66 cui
934 770 207 66 quandoque
1093 770 255 66 aliquantulum
1300 770 207 66 assentire
1459 770 207 66 consueui:
1618 770 127 66 quod
1697 770 207 66 quaelibet
1856 770 159 66 natura
1968 770 223 66 subsistens
2143 770 95 66 in
2175 770 111 66 crea-

507 824 152 70 turis
608 824 168 70 possit
726 824 185 70 assumi.
861 824 84 70 &
895 824 118 70 hoc
962 824 286 70 principaliter
1198 824 185 70 propter
1333 824 152 70 tacta
1434 824 101 70 in
1484 824 168 70 vltima
1602 824 202 70 ratione.
1754 824 202 70 Tenentes
1906 824 152 70 autem
2007 824 152 70 istam
2091 824 202 70 positionem

497 881 227 64 respondent
675 881 97 64 ad
724 881 162 64 primum
837 881 243 64 argumentum:
1031 881 97 64 si
1080 881 130 64 quid
1161 881 146 64 maius
1258 881 113 64 est
1323 881 162 64 potest
1436 881 162 64 fieri,
1550 881 81 64 &
1582 881 130 64 quod
1663 881 162 64 minus:
1777 881 81 64 &
1809 881 178 64 econtra
1939 881 97 64 si
1987 881 130 64 quid
2068 881 146 64 minus
2165 881 113 64 est
2214 881 81 64 non

505 935 163 62 potest
619 935 146 62 fieri
716 935 114 62 nec
781 935 130 62 quid
863 935 146 62 maius
960 935 114 62 est
1025 935 114 62 &c.
1090 935 179 62 Dicendo
1220 935 130 62 quod
1302 935 146 62 verum
1399 935 114 62 est
1464 935 163 62 quando
1578 935 130 62 ambe
1660 935 195 62 scilicet
1806 935 146 62 maius
1904 935 81 62 &
1936 935 146 62 minus
2034 935 260 62 consequuntur
2229 935 65 62 po

506 989 176 61 tentiam
634 989 176 61 eiusdem
762 989 208 61 rationis,
922 989 128 61 quod
1001 989 128 61 enim
1081 989 160 61 potest
1193 989 224 61 calefacere
1369 989 112 61 vel
1433 989 208 61 calefieri
1593 989 160 61 magis:
1705 989 160 61 potest
1817 989 224 61 calefacere
1992 989 112 61 vel
2056 989 208 61 calefieri
2200 989 80 61 mi-

499 1044 136 60 nus.
584 1044 119 60 Sed
652 1044 119 60 hoc
720 1044 119 60 non
788 1044 221 60 contingit
958 1044 102 60 in
1009 1044 221 60 proposito
1179 1044 102 60 de
1230 1044 204 60 potentia
1383 1044 187 60 passiua
1520 1044 306 60 assumptibilis:
1775 1044 136 60 quia
1860 1044 170 60 natura
1979 1044 238 60 subsistens
2166 1044 102 60 in
2200 1044 85 60 cre

506 1093 160 65 aturis
618 1093 96 65 ex
666 1093 96 65 eo
714 1093 128 65 quod
794 1093 112 65 est
857 1093 160 65 natura
969 1093 272 65 subsistibilis
1193 1093 240 65 simpliciter
1385 1093 112 65 est
1448 1093 272 65 assumptibilis
1672 1093 96 65 ad
1720 1093 192 65 vnitatem
1864 1093 272 65 subsistentiae
2087 1093 160 65 diuini
2183 1093 96 65 sup-

508 1154 164 64 positi
622 1154 114 64 qua
688 1154 114 64 sit
753 1154 164 64 filius
867 1154 114 64 dei
933 1154 114 64 per
998 1154 196 64 naturam:
1145 1154 114 64 non
1211 1154 147 64 autem
1309 1154 131 64 vnde
1391 1154 164 64 natura
1505 1154 114 64 est
1571 1154 245 64 simpliciter
1767 1154 278 64 subsistibilis
1996 1154 114 64 est
2045 1154 245 64 assumptibilis

502 1205 103 64 ad
553 1205 257 64 operationes
759 1205 206 64 vnitatis
913 1205 120 64 qua
981 1205 120 64 sit
1050 1205 171 64 filius
1170 1205 120 64 dei
1238 1205 120 64 per
1307 1205 257 64 adoptionem,
1512 1205 120 64 sed
1581 1205 223 64 solummodo
1752 1205 137 64 vnde
1838 1205 120 64 est
1906 1205 325 64 intellectualis.
2180 1205 86 64 &
2197 1205 86 64 sic

505 1260 194 68 nequaquam
654 1260 104 68 est
714 1260 134 68 eadem
803 1260 134 68 ratio
893 1260 194 68 potentiae
1042 1260 119 68 haec
1117 1260 75 68 &
1146 1260 134 68 illa,
1236 1260 119 68 siue
1311 1260 179 68 potentia
1445 1260 179 68 rationis
1579 1260 179 68 eiusdem.
1713 1260 119 68 Tnde
1788 1260 119 68 quia
1862 1260 104 68 non
1922 1260 119 68 sunt
1997 1260 164 68 eiusdem
2116 1260 194 68 subiecti:

496 1308 122 67 nec
565 1308 140 67 sunt
653 1308 105 67 ad
705 1308 175 67 eundem
828 1308 175 67 actum:
950 1308 140 67 vnde
1037 1308 122 67 nec
1107 1308 122 67 est
1177 1308 140 67 idem
1264 1308 157 67 modus
1369 1308 157 67 vnius
1474 1308 210 67 rationis
1631 1308 192 67 naturae
1771 1308 192 67 diuinae
1911 1308 87 67 &
1946 1308 192 67 humanae
2086 1308 105 67 in
2121 1308 157 67 vnitate

504 1359 224 66 suppositi
676 1359 86 66 &
711 1359 104 66 in
763 1359 190 66 vnitate
901 1359 276 66 operationis:
1125 1359 155 66 licet
1228 1359 121 66 vna
1297 1359 242 66 necessario
1487 1359 276 66 concomitetur
1712 1359 207 66 alteram:
1867 1359 121 66 sed
1936 1359 121 66 hoc
2005 1359 190 66 accidit
2126 1359 155 66 ratione

499 1421 190 64 materiae
641 1421 95 64 et
689 1421 174 64 naturae
815 1421 284 64 assumptibilis:
1052 1421 142 64 quia.
1147 1421 190 64 scilicet
1289 1421 111 64 est
1352 1421 253 64 possibilitas
1557 1421 95 64 ad
1605 1421 190 64 vtramque
1747 1421 95 64 in
1794 1421 158 64 eodem:
1905 1421 126 64 ideo
1984 1421 95 64 vt
2031 1421 158 64 dicunt
2142 1421 95 64 (o
2173 1421 111 64 bene)

503 1478 217 66 argumentum
673 1478 217 66 Augustinus
844 1478 109 66 non
906 1478 140 66 tenet
999 1478 171 66 ratione
1123 1478 171 66 formae:
1247 1478 109 66 sed
1309 1478 171 66 ratione
1433 1478 186 66 materiae
1572 1478 171 66 tantum:
1696 1478 140 66 quia.
1789 1478 186 66 scilicet
1929 1478 93 66 in
1975 1478 155 66 homine
2084 1478 109 66 est
2130 1478 155 66 potentia

502 1531 162 58 duplex
615 1531 226 58 praedicta.
793 1531 129 58 Vnde
874 1531 129 58 quod
954 1531 194 58 arguitur
1100 1531 210 58 consimili
1262 1531 145 58 modo:
1359 1531 97 58 si
1407 1531 162 58 potest
1520 1531 145 58 fieri
1617 1531 129 58 quid
1698 1531 113 58 est
1763 1531 162 58 maius,
1876 1531 81 58 &
1908 1531 129 58 quid
1989 1531 113 58 est
2054 1531 162 58 minus:
2167 1531 81 58 &
2183 1531 97 58 ecom

501 1579 110 59 tra
564 1579 95 59 si
612 1579 110 59 non
675 1579 126 59 quod
753 1579 110 59 est
816 1579 158 59 minus,
927 1579 110 59 nec
990 1579 126 59 quod
1068 1579 110 59 est
1131 1579 158 59 maius:
1242 1579 158 59 dicunt
1352 1579 126 59 quod
1431 1579 142 59 verum
1525 1579 110 59 est
1588 1579 158 59 quando
1698 1579 189 59 potentia
1840 1579 95 59 ad
1887 1579 189 59 vtrumque
2029 1579 110 59 est
2092 1579 173 59 eiusdem
2202 1579 79 59 ra-

497 1630 178 75 tionis,
626 1630 130 75 quod
707 1630 113 75 non
772 1630 211 75 contingit
934 1630 97 75 in
983 1630 227 75 proposito:
1161 1630 97 75 vt
1209 1630 162 75 dictum
1323 1630 130 75 est:
1404 1630 81 75 &
1436 1630 130 75 ideo
1517 1630 113 75 non
1582 1630 146 75 tenet
1679 1630 194 75 vlterior
1825 1630 243 75 processus..
2019 1630 211 75 Similiter
2181 1630 130 75 quid

497 1690 191 62 arguitur
640 1690 191 62 secundo:
784 1690 127 62 quod
864 1690 175 62 eleuata
991 1690 159 62 natura
1103 1690 175 62 necesse
1230 1690 112 62 est
1294 1690 175 62 eleuari
1421 1690 223 62 potentiam:
1597 1690 159 62 dicunt
1708 1690 127 62 quod
1788 1690 143 62 verum
1884 1690 112 62 est
1947 1690 159 62 quando
2059 1690 191 62 potentia
2186 1690 96 62 ele-

499 1743 190 62 uabilis
637 1743 121 62 est
706 1743 103 62 in
757 1743 172 62 natura
878 1743 276 62 assumptibili
1102 1743 138 62 quae
1188 1743 172 62 potest
1309 1743 155 62 sequi
1412 1743 207 62 naturam.
1567 1743 103 62 Et
1619 1743 138 62 ideo
1705 1743 121 62 non
1774 1743 172 62 posset
1895 1743 138 62 deus
1981 1743 207 62 assumere
2119 1743 155 62 hominem

482 1793 106 59 in
535 1793 177 59 natura
659 1793 141 59 quin
747 1793 230 59 assumendo
924 1793 159 59 ipsum
1030 1793 106 59 in
1083 1793 212 59 potentia
1242 1793 194 59 faceret
1383 1793 159 59 ipsum
1489 1793 300 59 impeccabilem.
1736 1793 88 59 &
1772 1793 124 59 sic
1842 1793 106 59 si
1895 1793 194 59 naturam
2037 1793 194 59 hominis
2160 1793 124 59 pecca

502 1853 147 61 toris
599 1853 228 61 assumeret,
779 1853 147 61 stati
877 1853 130 61 omne
958 1853 196 61 peccatum
1105 1853 212 61 aboleret.
1268 1853 81 61 &
1300 1853 114 61 sic
1365 1853 114 61 non
1431 1853 212 61 sequuntur
1594 1853 293 61 inconuenientia
1838 1853 196 61 assumpta
1985 1853 98 61 in
2034 1853 163 61 duobus
2131 1853 147 61 argumen

501 1909 113 55 tis
565 1909 194 55 vltimis.
711 1909 145 55 Secus
808 1909 145 55 autem
905 1909 113 55 est
969 1909 161 55 quando
1082 1909 97 55 in
1131 1909 161 55 natura
1244 1909 113 55 non
1308 1909 113 55 est
1373 1909 194 55 potentia
1518 1909 242 55 eleuabilis:
1712 1909 129 55 immo
1793 1909 129 55 tunc
1873 1909 194 55 essentia
2019 1909 161 55 potest
2132 1909 129 55 sola
2196 1909 81 55 ele

504 1964 145 61 uari.
601 1964 113 61 Sed
665 1964 113 61 hic
730 1964 226 61 supponitur
907 1964 129 61 vnum
987 1964 81 61 a
1020 1964 113 61 quo
1084 1964 193 61 dependet
1229 1964 129 61 tota
1310 1964 226 61 dubitatie.
1487 1964 193 61 scilicet
1632 1964 97 61 an
1681 1964 161 61 natura
1793 1964 113 61 sit
1858 1964 226 61 eleuabilis
2035 1964 97 61 in
2084 1964 113 61 qua
2148 1964 113 61 non
2196 1964 81 61 est

504 2016 201 65 potentia
655 2016 251 65 eleuabilis.
855 2016 150 65 Illae
956 2016 134 65 enim
1039 2016 267 65 absurditates
1256 2016 201 65 adductae
1407 2016 100 65 in
1457 2016 167 65 tertio
1574 2016 234 65 argumento:
1758 2016 134 65 quod
1841 2016 134 65 deus
1925 2016 150 65 esset
2025 2016 150 65 lapis
2126 2016 117 65 vel
2176 2016 100 65 bru-

503 2067 118 62 tum
571 2067 118 62 vel
638 2067 253 62 irratinalis
840 2067 84 62 &
874 2067 236 62 huiusmodi:
1059 2067 118 62 non
1127 2067 185 62 arguunt
1262 2067 101 62 ad
1312 2067 202 62 negandum
1464 2067 354 62 assumptibilitatem
1767 2067 185 62 lapidis
1902 2067 118 62 vel
1970 2067 219 62 brutinisi
2138 2067 135 62 apud
2206 2067 67 62 ru

497 2120 122 65 des
566 2120 122 65 qui
636 2120 105 65 ex
689 2120 227 65 deuotione
864 2120 140 65 quam
951 2120 175 65 habent
1074 2120 105 65 ad
1126 2120 245 65 dignitatem
1319 2120 192 65 Christi
1459 2120 87 65 &
1494 2120 227 65 deitatis,
1669 2120 157 65 illud
1774 2120 192 65 negant:
1914 2120 157 65 quasi
2019 2120 210 65 indignum
2159 2120 122 65 esset

500 2175 101 66 ei
551 2175 151 66 vniri
651 2175 134 66 tali
735 2175 184 66 naturae
869 2175 84 66 &
903 2175 117 66 eam
970 2175 134 66 sibi
1053 2175 218 66 assumere.
1221 2175 184 66 Propter
1355 2175 168 66 simile
1472 2175 134 66 enim
1556 2175 168 66 aliqui
1674 2175 151 66 rudes
1774 2175 218 66 posuerunt
1942 2175 134 66 quod
2026 2175 117 66 cum
2093 2175 117 66 mus
2143 2175 134 66 accipe

500 2227 120 59 ret
568 2227 188 59 hostiam
705 2227 256 59 consecratam
910 2227 103 59 ad
961 2227 239 59 comedendum
1149 2227 171 59 illam:
1269 2227 120 59 vel
1337 2227 103 59 si
1388 2227 273 59 proiiceretur
1611 2227 103 59 in
1662 2227 154 59 locum
1764 2227 222 59 immundum:
1935 2227 137 59 quod
2021 2227 171 59 statim
2140 2227 171 59 desine

498 2283 114 53 ret
563 2283 114 53 ibi
628 2283 131 53 esse
710 2283 163 53 corpus
824 2283 196 53 Christi:
971 2283 147 53 quasi
1069 2283 196 53 indignum
1216 2283 147 53 esset
1313 2283 98 53 ei
1362 2283 131 53 esse
1444 2283 114 53 sub
1509 2283 163 53 hostia
1623 2283 114 53 sic
1689 2283 212 53 tractata:
1852 2283 131 53 quod
1933 2283 147 53 tamen
2031 2283 114 53 non
2097 2283 114 53 est
2145 2283 131 53 verum.

503 2332 103 60 DE
554 2332 137 60 illo
640 2332 137 60 ergo
726 2332 120 60 est
795 2332 137 60 tota
881 2332 223 60 dubitatio
1053 2332 103 60 an
1104 2332 172 60 aliqua
1225 2332 172 60 natura
1345 2332 120 60 sit
1414 2332 241 60 eleuabilis
1603 2332 155 60 dicto
1706 2332 155 60 modo:
1809 2332 103 60 in
1861 2332 120 60 qua
1929 2332 137 60 modo
1998 2332 275 60 correspondenti

504 2387 120 58 non
573 2387 120 58 sit
641 2387 240 58 eleuabilis
830 2387 223 58 potentia,
1002 2387 137 58 quod
1088 2387 137 58 mihi
1173 2387 120 58 non
1242 2387 189 58 videtur
1379 2387 155 58 posse
1482 2387 309 58 rationabiliter
1740 2387 155 58 poni.
1843 2387 103 58 Ad
1894 2387 155 58 cuius
1997 2387 258 58 intellectum
2186 2387 86 58 est

503 2445 289 59 aduertendum:
738 2445 145 59 quod
828 2445 145 59 deus
919 2445 253 59 dupliciter
1117 2445 163 59 habet
1226 2445 145 59 esse
1316 2445 108 59 in
1370 2445 253 59 creaturis.
1569 2445 127 59 Vno
1641 2445 145 59 modo
1732 2445 271 59 naturaliter
1949 2445 90 59 &
1985 2445 145 59 modo
2057 2445 217 59 congruenti

499 2495 222 74 naturae:
666 2495 148 74 Alio
759 2495 148 74 modo
851 2495 278 74 voluntarie:
1073 2495 93 74 &
1110 2495 148 74 modo
1203 2495 333 74 supergredienti
1480 2495 204 74 limites
1628 2495 222 74 naturae.
1795 2495 167 74 Primo
1906 2495 148 74 modo
1998 2495 167 74 habet
2109 2495 148 74 esse
2183 2495 93 74 per

493 2546 218 58 illapsum
656 2546 109 58 in
711 2546 145 58 omni
802 2546 182 58 natura
929 2546 91 58 &
965 2546 236 58 creatura.
1147 2546 200 58 Secundo
1292 2546 145 58 modo
1383 2546 163 58 habet
1492 2546 145 58 esse
1583 2546 200 58 solummo
1728 2546 109 58 in
1783 2546 182 58 natura
1910 2546 218 58 assumpta
2073 2546 127 58 per
2128 2546 145 58 circum

502 2597 259 66 insessionem.
713 2597 97 66 Et
761 2597 146 66 licet
858 2597 113 66 per
923 2597 195 66 illapsum
1069 2597 130 66 deus
1150 2597 113 66 sit
1215 2597 178 66 intimus
1345 2597 130 66 omni
1426 2597 227 66 creaturae,
1604 2597 81 66 &
1637 2597 195 66 intimior
1783 2597 130 66 quam
1864 2597 130 66 ipsa
1945 2597 130 66 sibi
2026 2597 113 66 aut
2091 2597 146 66 forma
2188 2597 113 66 ma-

497 2659 173 61 teriae:
623 2659 110 61 per
686 2659 330 61 circuminsessionem
968 2659 141 61 tamen
1062 2659 110 61 sit
1125 2659 251 61 intimissimus
1329 2659 173 61 naturae
1455 2659 220 61 assumptae,
1627 2659 78 61 &
1659 2659 188 61 intimior
1800 2659 126 61 quam
1879 2659 141 61 insit
1973 2659 157 61 alicui
2083 2659 173 61 naturae
2193 2659 78 61 per

505 2707 153 68 solum
607 2707 221 68 illapsum.
777 2707 119 68 per
845 2707 272 68 intimationem
1065 2707 136 68 enim
1150 2707 357 68 circuminsessionis
1456 2707 170 68 natura
1575 2707 204 68 assumpta
1728 2707 204 68 intantum
1880 2707 170 68 vnitur
1999 2707 289 68 ineffabilitur
2220 2707 51 68 &

497 2762 391 59 incomprhensibiliter
837 2762 187 59 naturae
974 2762 238 59 assumentis
1161 2762 136 59 quod
1246 2762 187 59 necesse
1382 2762 119 59 est
1450 2762 187 59 naturam
1586 2762 221 59 assumptam
1756 2762 204 59 amittere
1910 2762 204 59 proprium
2063 2762 136 59 esse
2131 2762 136 59 subsi-

498 2815 184 73 stentiae
636 2815 184 73 scilicet
774 2815 123 73 quod
851 2815 123 73 ante
928 2815 246 73 assumptionem
1128 2815 92 73 in
1174 2815 92 73 ea
1220 2815 138 73 fuit:
1312 2815 108 73 vel
1374 2815 92 73 eo
1420 2815 154 73 carere
1527 2815 92 73 si
1573 2815 169 73 numquam
1696 2815 138 73 ipsum
1789 2815 169 73 habuit:
1912 2815 77 73 &
1942 2815 215 73 subintrare
2111 2815 123 73 esse
2173 2815 92 73 sub-

498 2866 240 76 sistentiae
686 2866 188 76 naturae
823 2866 103 76 ad
874 2866 137 76 quam
960 2866 240 76 assumitur:
1148 2866 103 76 vt
1199 2866 120 76 sit
1268 2866 137 76 idem
1353 2866 240 76 suppositum
1541 2866 291 76 subsistentiae
1781 2866 103 76 in
1832 2866 188 76 duplici
1969 2866 188 76 natura.
2106 2866 188 76 Vtraque

497 2928 132 55 enim
580 2928 182 55 illarum
712 2928 215 55 naturarum
878 2928 99 55 in
927 2928 165 55 vnione
1043 2928 182 55 ipsarum
1176 2928 182 55 retinet
1308 2928 149 55 suum,
1407 2928 198 55 proprium
1556 2928 132 55 esse
1639 2928 215 55 essentiae
1804 2928 83 55 &
1837 2928 265 55 existentiae.
2052 2928 116 55 Per
2102 2928 165 55 illapsum

496 2976 155 68 autem
599 2976 138 68 deus
685 2976 224 68 intimatur
857 2976 138 68 omni
943 2976 224 68 creaturae
1115 2976 258 68 naturaliter
1321 2976 86 68 &
1356 2976 138 68 modo
1442 2976 241 68 congruenti
1631 2976 189 68 naturae
1768 2976 103 68 ad
1820 2976 138 68 due.
1906 2976 206 68 scilicet
2061 2976 103 68 ad
2112 2976 155 68 actum
2198 2976 69 68 na

487 3036 151 67 turae
588 3036 168 67 primum
705 3036 117 67 qui
772 3036 117 67 est
839 3036 134 67 esse
923 3036 268 67 stabiliendum
1141 3036 101 67 vt
1191 3036 235 67 persistat:
1376 3036 84 67 &
1409 3036 101 67 ad
1459 3036 151 67 actum
1560 3036 184 67 naturae
1694 3036 201 67 secundum
1845 3036 117 67 qui
1912 3036 117 67 est
1979 3036 184 67 operari
2096 3036 168 67 producen

490 3088 119 59 dum
558 3088 102 59 vt
609 3088 203 59 existat.
761 3088 135 59 sine
846 3088 135 59 illo
930 3088 135 59 enim
1015 3088 186 59 illapsu
1150 3088 119 59 non
1218 3088 169 59 potest
1337 3088 203 59 creatura
1489 3088 102 59 in
1540 3088 135 59 esse
1625 3088 254 59 persistere,
1828 3088 119 59 nec
1895 3088 203 59 propriam
2031 3088 220 59 operationem

484 3148 217 76 clicere:
646 3148 144 76 quia
737 3148 126 76 per
809 3148 217 76 illapsum
971 3148 144 76 deus
1062 3148 235 76 creaturam
1242 3148 108 76 in
1296 3148 144 76 esse
1387 3148 253 76 conseruat:
1585 3148 90 76 &
1621 3148 253 76 cooperando
1820 3148 162 76 omnem
1928 3148 144 76 suam
2018 3148 217 76 actionem
2163 3148 108 76 siue
