2408 3720
101 299 92 103 re
147 299 122 103 quod
223 299 229 103 intellectus
406 299 137 103 agens
498 299 92 103 ad
543 299 137 103 istum
635 299 214 103 possibilem
803 299 107 103 est
864 299 198 103 respectus
1017 299 137 103 lucis
1108 299 244 103 connaturalis
1307 299 92 103 ad
1353 299 168 103 oculum:
1475 299 76 103 &
1505 299 198 103 respectus
1658 299 183 103 formarum
1780 299 61 103 ma

109 368 184 85 terialium
250 368 85 85 ad
292 368 127 85 ipsum
377 368 169 85 scilicet
504 368 212 85 intellectum
674 368 212 85 possibilem,
843 368 99 85 est
900 368 184 85 respectus
1041 368 155 85 coloris
1154 368 85 85 ad
1196 368 155 85 oculum,
1309 368 212 85 quemadmodum
1479 368 113 85 enim
1549 368 99 85 lux
1606 368 226 85 connaturalis
1775 368 71 85 est

109 424 178 91 perfectio
246 424 137 91 oculi,
342 424 96 91 sic
396 424 205 91 intellectus
560 424 123 91 agens
642 424 96 91 est
697 424 178 91 perfectio
833 424 191 91 materialis
983 424 219 91 intellectus.
1161 424 109 91 ecce
1229 424 123 91 actio
1311 424 150 91 secunda
1421 424 150 91 agentis
1530 424 82 91 in
1571 424 191 91 possibili.
1707 424 137 91 sequitur

111 479 97 83 Et
159 479 242 83 quemadmodum
353 479 162 83 oculus
466 479 113 83 non
531 479 178 83 mouetur
660 479 81 83 a
692 479 162 83 colore
805 479 145 83 neque
902 479 178 83 recipit
1031 479 145 83 ipsum
1128 479 129 83 nisi
1209 479 162 83 quando
1322 479 162 83 lucet,
1435 479 113 83 ita
1500 479 129 83 iste
1581 479 242 83 intellectus
1758 479 81 83 non

115 535 165 82 recipit
235 535 210 82 intellecta
400 535 120 82 quae
475 535 120 82 sunt
550 535 105 82 hic
610 535 120 82 nisi
685 535 180 82 secundum
820 535 120 82 quod
895 535 210 82 perficitur
1059 535 105 82 per
1119 535 135 82 illum
1209 535 225 82 intellectum
1389 535 75 82 &
1419 535 225 82 illuminatur
1599 535 105 82 per
1659 535 150 82 ipsum.
1749 535 90 82 ecce

110 586 145 82 actio
206 586 129 82 eius
287 586 145 82 prima
383 586 145 82 circa
480 586 241 82 possibilem.
673 586 96 82 Et
721 586 241 82 quemadmodum
914 586 113 82 lux
978 586 145 82 facit
1074 586 177 82 colores
1203 586 96 82 in
1251 586 193 82 potentia
1396 586 129 82 esse
1476 586 96 82 in
1525 586 129 82 actu
1605 586 113 82 ita
1669 586 96 82 vt
1701 586 145 82 possint

113 643 163 79 mouere
227 643 180 79 oculum.
358 643 131 79 Ecce
440 643 163 79 primum
554 643 131 79 opus
636 643 147 79 lucis
734 643 147 79 circa
832 643 180 79 colores
962 643 114 79 cum
1028 643 163 79 dicit:
1142 643 147 79 Facit
1240 643 180 79 colores
1371 643 98 79 in
1420 643 196 79 potentia
1567 643 131 79 esse
1649 643 98 79 in
1698 643 163 79 actum.
1796 643 49 79 &

116 694 125 77 ecce
194 694 203 77 secundum,
350 694 109 77 cum
413 694 172 77 subdit:
538 694 109 77 lta
600 694 94 77 vt
647 694 172 77 possint
772 694 156 77 mouere
881 694 172 77 oculum.
1006 694 203 77 sequitur.
1162 694 109 77 lta
1224 694 234 77 intellectus
1411 694 140 77 agens
1505 694 140 77 facit
1598 694 234 77 intentiones
1786 694 94 77 in

118 747 187 92 potentia
259 747 233 92 intellectas
445 747 93 92 in
492 747 125 92 actu
570 747 249 92 intellectas.
772 747 125 92 ecce
850 747 156 92 primum
959 747 171 92 agentis
1083 747 125 92 opus
1161 747 140 92 circa
1255 747 249 92 phantasmata.
1457 747 78 92 &
1488 747 187 92 sequitur
1628 747 202 92 secundum.
1768 747 78 92 lta

123 815 121 77 quod
199 815 182 77 recipiat
335 815 106 77 eas
396 815 227 77 intellectus
578 815 227 77 materialis.
760 815 91 77 Et
805 815 136 77 esset
896 815 152 77 melius
1002 815 152 77 simile
1108 815 91 77 de
1154 815 121 77 luce
1229 815 227 77 connaturali
1411 815 91 77 in
1457 815 136 77 oculo
1548 815 91 77 si
1593 815 212 77 sufficeret
1760 815 91 77 ad
1790 815 61 77 me

113 857 125 74 dium
191 857 249 74 illuminandum
394 857 78 74 &
425 857 171 74 agendum
550 857 140 74 circa
643 857 187 74 colores:
783 857 140 74 sicut
877 857 187 74 sufficit
1017 857 109 74 lux
1079 857 249 74 connaturalis
1282 857 93 74 in
1329 857 140 74 oculo
1422 857 140 74 cati,
1516 857 125 74 quam
1594 857 109 74 sit
1656 857 93 74 de
1703 857 125 74 luce
1765 857 78 74 ex-

120 907 185 81 teriore
254 907 101 81 in
305 907 218 81 diaphano:
472 907 134 81 quia
556 907 134 81 illa
640 907 117 81 lux
707 907 201 81 exterior
858 907 151 81 magis
959 907 252 81 assimilatur
1160 907 168 81 agenti
1278 907 235 81 vniuersali
1462 907 201 81 separato
1613 907 218 81 cuiusmodi
1764 907 84 81 est

124 963 117 79 lux
191 963 218 79 increata:
359 963 117 79 qua
426 963 167 79 vident
543 963 151 79 etiam
643 963 184 79 iniusti
777 963 151 79 recte
878 963 201 79 operanda
1028 963 84 79 &
1062 963 117 79 non
1129 963 134 79 sine
1213 963 151 79 illa:
1313 963 251 79 quemadmodum
1514 963 117 79 non
1581 963 184 79 videmus
1698 963 151 79 colores

132 1011 130 88 sine
213 1011 211 88 adiutorio
375 1011 146 88 lucis
473 1011 244 88 exterioris.
668 1011 114 88 Hoc
733 1011 130 88 viso
814 1011 146 88 dico:
911 1011 130 88 quod
992 1011 114 88 cum
1057 1011 146 88 agens
1155 1011 211 88 pertineat
1317 1011 97 88 ad
1366 1011 211 88 potentiam
1528 1011 276 88 intellectiuam
1756 1011 81 88 &
1772 1011 81 88 est

137 1077 93 71 de
183 1077 155 71 natura
291 1077 139 71 eius,
384 1077 108 71 non
446 1077 155 71 potest
554 1077 108 71 non
616 1077 201 71 pertinere
771 1077 93 71 ad
817 1077 201 71 imaginem.
972 1077 108 71 Sed
1033 1077 124 71 quia
1111 1077 186 71 secundum
1250 1077 294 71 determinationem
1497 1077 186 71 Ausginus
1637 1077 139 71 imago
1729 1077 108 71 non
1776 1077 77 71 com

132 1132 166 76 sistit
249 1132 183 76 propric
382 1132 100 76 in
432 1132 216 76 potentiis
598 1132 166 76 animae
714 1132 116 76 cum
781 1132 116 76 sit
848 1132 133 76 ipsa
931 1132 233 76 substantia
1114 1132 150 76 eius,
1213 1132 133 76 nisi
1297 1132 100 76 vt
1346 1132 116 76 per
1413 1132 150 76 actus
1513 1132 133 76 suos
1596 1132 83 76 a
1629 1132 150 76 prima
1712 1132 150 76 illarum

143 1179 101 78 vt
194 1179 84 78 a
227 1179 185 78 parente
362 1179 152 78 habet
463 1179 185 78 produci
598 1179 185 78 secunda
733 1179 152 78 sicut
834 1179 185 78 proles:
968 1179 101 78 vt
1019 1179 84 78 a
1053 1179 185 78 memoria
1187 1179 303 78 intelligentia,
1440 1179 152 78 sicut
1541 1179 185 78 notitia
1676 1179 101 78 de
1709 1179 152 78 notitia

138 1242 86 73 &
172 1242 103 73 ab
224 1242 189 73 ambabus
361 1242 172 73 tertia
481 1242 103 73 vt
533 1242 86 73 a
567 1242 189 73 duplici
705 1242 189 73 notitia
842 1242 155 73 amor:
945 1242 223 73 videlicet
1117 1242 86 73 a
1152 1242 189 73 memoria
1289 1242 86 73 &
1323 1242 292 73 intelligentia
1564 1242 223 73 voluntas:
1719 1242 137 73 igitur

136 1288 135 84 dico
221 1288 135 84 quod
305 1288 152 84 agens
407 1288 254 84 intellectus
609 1288 101 84 vt
660 1288 254 84 conuertitur
863 1288 101 84 ad
914 1288 254 84 phantasmata
1116 1288 203 84 secundum
1268 1288 169 84 dictas
1387 1288 254 84 operationes
1590 1288 135 84 duas
1674 1288 152 84 circa
1759 1288 101 84 illa

140 1349 125 68 quia
218 1349 109 68 non
281 1349 218 68 includitur
452 1349 94 68 in
499 1349 172 68 memoria
624 1349 94 68 vt
671 1349 94 68 de
717 1349 125 68 ipsa
795 1349 78 68 &
827 1349 94 68 de
873 1349 172 68 notitia
998 1349 125 68 quae
1076 1349 109 68 est
1139 1349 94 68 in
1185 1349 94 68 ea
1232 1349 187 68 procedit
1373 1349 172 68 notitia
1497 1349 296 68 intelligentiae:
1747 1349 140 68 neque

140 1397 202 71 similiter
296 1397 218 71 includitur
467 1397 93 71 in
514 1397 124 71 ipsa
592 1397 264 71 intelligentia
809 1397 109 71 nec
872 1397 140 71 etiam
965 1397 93 71 in
1011 1397 171 71 ambabus
1136 1397 93 71 vt
1183 1397 93 71 ab
1229 1397 140 71 ipsis
1323 1397 187 71 procedit
1463 1397 202 71 voluntas,
1618 1397 202 71 nequaquam
1758 1397 109 71 perti

139 1453 108 69 net
200 1453 92 69 ad
246 1453 185 69 imaginem
385 1453 123 69 nisi
462 1453 92 69 vt
508 1453 262 69 praeparatiuum
724 1453 77 69 &
754 1453 169 69 actiuum
878 1453 139 69 circa
970 1453 277 69 intelligibilia
1201 1453 123 69 quae
1278 1453 123 69 sunt
1355 1453 92 69 in
1401 1453 185 69 potentia
1540 1453 231 69 vniuersalia
1724 1453 92 69 vt
1755 1453 108 69 fiant

143 1501 127 74 actu
223 1501 239 74 vniuersalia
414 1501 80 74 &
446 1501 143 74 actum
541 1501 175 74 possint
669 1501 159 74 mouere
780 1501 239 74 intellectum
972 1501 223 74 possibilem
1147 1501 96 74 vt
1195 1501 223 74 informetur
1370 1501 175 74 notitia
1498 1501 191 74 simplici
1641 1501 143 74 rerum
1721 1501 143 74 sensibi

140 1553 123 80 lium
217 1553 77 80 a
248 1553 154 80 quibus
356 1553 139 80 erant
448 1553 231 80 phantasiata
633 1553 93 80 in
679 1553 93 80 vi
726 1553 247 80 imaginatiua:
926 1553 77 80 &
957 1553 108 80 sic
1019 1553 93 80 vt
1065 1553 123 80 fiat
1142 1553 170 80 memoria
1265 1553 185 80 actualis
1404 1553 293 80 intelligentiae.
1651 1553 139 80 omnis
1744 1553 123 80 enim
1805 1553 62 80 no

143 1605 140 73 titia
237 1605 233 73 simpliciter
424 1605 140 73 primo
517 1605 187 73 generata
657 1605 93 73 in
704 1605 218 73 intellectu
875 1605 218 73 ascribitur
1046 1605 202 73 memoriae.
1202 1605 140 73 Eadem
1295 1605 125 73 enim
1373 1605 125 73 sunt
1451 1605 187 73 potentia
1591 1605 171 73 memoria
1715 1605 78 73 &
1731 1605 140 73 intelli

147 1661 171 89 gentia:
272 1661 93 89 in
318 1661 109 89 qua
380 1661 264 89 distinguuntur
598 1661 93 89 vt
644 1661 186 89 diuersae
784 1661 155 89 vires.
892 1661 93 89 Et
939 1661 171 89 dicitur
1063 1661 171 89 communi
1187 1661 155 89 nomine
1296 1661 233 89 intellectus
1482 1661 233 89 possibilis:
1668 1661 109 89 qui
1730 1661 171 89 distin-

157 1715 162 84 guitur
270 1715 162 84 contra
384 1715 194 84 agentem:
529 1715 113 84 sed
594 1715 97 84 in
643 1715 97 84 se
691 1715 194 84 continet
837 1715 130 84 duas
918 1715 162 84 vites.
1032 1715 130 84 quia
1113 1715 178 84 memoria
1242 1715 178 84 dicitur
1372 1715 211 84 inquantum
1534 1715 113 84 est
1599 1715 275 84 susceptibilis
1809 1715 65 84 no

156 1768 155 80 titiae
264 1768 171 80 directo
388 1768 171 80 aspectu
512 1768 93 80 ab
559 1768 264 80 intellectibus
776 1768 233 80 simplicibus
962 1768 78 80 &
993 1768 248 80 conseruatiua
1194 1768 140 80 eius:
1287 1768 264 80 intelligentia
1504 1768 124 80 vero
1582 1768 171 80 dicitur
1706 1768 202 80 inquantum

150 1826 201 69 conuersa
301 1826 151 69 super
402 1826 117 69 se,
469 1826 101 69 vt
519 1826 117 69 est
586 1826 184 69 memoria
720 1826 218 69 informata
888 1826 201 69 simplici
1039 1826 184 69 notitia
1173 1826 84 69 &
1206 1826 235 69 susceptiua
1391 1826 285 69 informationis
1626 1826 201 69 notitiae
1760 1826 117 69 decla

149 1875 190 73 ratiuae.
292 1875 79 73 &
323 1875 143 73 ambae
418 1875 174 73 tanquam
545 1875 127 73 plus
624 1875 253 73 conuenientes
830 1875 143 73 inter
925 1875 95 73 se
973 1875 269 73 distinguuntur
1194 1875 95 73 ab
1242 1875 158 73 agente
1353 1875 95 73 vt
1400 1875 79 73 a
1432 1875 158 73 tertia
1543 1875 95 73 vi
1590 1875 95 73 in
1638 1875 190 73 potentia
1764 1875 111 73 intel

148 1929 175 75 lectiua
276 1929 207 75 distincta
435 1929 159 75 contra
547 1929 191 75 vtramque
690 1929 191 75 illarum.
834 1929 128 75 Quia
913 1929 144 75 tamen
1009 1929 144 75 agens
1105 1929 239 75 intellectus
1296 1929 96 75 vt
1344 1929 207 75 conuersus
1503 1929 112 75 est
1567 1929 96 75 ad
1615 1929 239 75 phantasmata
1806 1929 112 75 di-

151 1976 121 81 cto
220 1976 138 81 modo
306 1976 294 81 praeparatiuus
548 1976 121 81 est
617 1976 86 81 &
652 1976 190 81 actiuus
790 1976 104 81 ad
842 1976 294 81 informationem
1083 1976 207 81 memoriae
1239 1976 104 81 vt
1291 1976 259 81 foecundetur
1498 1976 190 81 notitia
1636 1976 207 81 simplici
1791 1976 86 81 &
1809 1976 86 81 pos

151 2046 115 63 sit
216 2046 131 63 esse
298 2046 180 63 parens:
429 2046 131 63 ideo
511 2046 115 63 quo
576 2046 98 63 ad
625 2046 115 63 hoc
691 2046 131 63 dici
772 2046 147 63 debet
871 2046 213 63 pertinere
1034 2046 98 63 ad
1083 2046 196 63 memoriam
1231 2046 98 63 vt
1280 2046 98 63 ad
1329 2046 196 63 parentem
1476 2046 82 63 &
1509 2046 115 63 non
1574 2046 98 63 ad
1607 2046 278 63 intelligentiam.

162 2095 112 75 Sed
226 2095 127 75 quia
305 2095 191 75 secundum
449 2095 303 75 determinationem
704 2095 143 75 Augu.
799 2095 143 75 imago
895 2095 112 75 non
959 2095 112 75 est
1023 2095 175 75 proprie
1150 2095 96 75 in
1198 2095 207 75 potentiis
1357 2095 175 75 animae,
1485 2095 127 75 nisi
1564 2095 96 75 vt
1612 2095 127 75 suis
1692 2095 175 75 actibus
1803 2095 80 75 com

159 2142 210 77 uertuntur
321 2142 113 77 per
385 2142 243 77 cognitionem
579 2142 81 77 &
612 2142 162 77 amorem
725 2142 97 77 ad
773 2142 194 77 aeternum
919 2142 81 77 &
951 2142 226 77 increatum:
1129 2142 97 77 eo
1178 2142 129 77 enim
1258 2142 162 77 anima,
1372 2142 146 77 imago
1469 2142 113 77 dei
1533 2142 113 77 est
1598 2142 113 77 quo
1663 2142 146 77 capax
1760 2142 113 77 dei
1808 2142 81 77 est

163 2195 114 73 vel
228 2195 147 73 capax
326 2195 131 73 esse
408 2195 180 73 potest:
539 2195 98 73 ad
588 2195 131 73 quod
670 2195 147 73 nullo
768 2195 131 73 modo
850 2195 164 73 potest
964 2195 98 73 se
1013 2195 229 73 conuertere
1193 2195 245 73 intellectus
1389 2195 147 73 agens
1487 2195 114 73 per
1553 2195 147 73 illas
1651 2195 131 73 duas
1716 2195 164 73 operatio

155 2252 120 66 nes
223 2252 137 66 suas
309 2252 137 66 quas
395 2252 154 66 habet
498 2252 154 66 circa
601 2252 275 66 phantasmata:
824 2252 137 66 quia
910 2252 206 66 aeternum
1064 2252 120 66 non
1133 2252 154 66 habet
1236 2252 275 66 phantasmata:
1459 2252 154 66 Nullo
1562 2252 172 66 igitur
1682 2252 137 66 modo
1751 2252 137 66 intel-

155 2309 158 64 lectus
266 2309 158 64 agens,
377 2309 95 64 vt
424 2309 253 64 consideratur
630 2309 95 64 in
677 2309 158 64 ordine
788 2309 95 64 ad
836 2309 253 64 phantasmata.
1041 2309 190 64 secundum
1184 2309 237 64 operationes
1374 2309 127 64 eius
1453 2309 142 64 circa
1548 2309 127 64 illa
1627 2309 190 64 pertinet
1769 2309 95 64 ad
1801 2309 79 64 ve-

163 2359 119 68 ram
231 2359 204 68 rationem
384 2359 221 68 imaginis:
555 2359 153 68 sicut
657 2359 119 68 nec
725 2359 187 68 memoria
861 2359 85 68 &
895 2359 307 68 intelligentia:
1151 2359 102 68 vt
1202 2359 272 68 convertuntur
1423 2359 102 68 ad
1474 2359 272 68 cognoscendum
1679 2359 204 68 temporalia

166 2407 80 83 &
198 2407 225 83 inferiora:
375 2407 80 83 &
407 2407 274 83 vniuersaliter
633 2407 225 83 quaecumque
810 2407 161 83 creata
922 2407 113 83 per
987 2407 193 83 notitiam
1132 2407 129 83 quae
1212 2407 177 83 proprie
1341 2407 177 83 dicitur
1470 2407 209 83 scientia:
1630 2407 113 83 sed
1695 2407 225 83 tantummodo

164 2460 102 71 vt
215 2460 271 71 conuertuntur
435 2460 102 71 ad
486 2460 271 71 cognoscendum
706 2460 203 71 aeternum
858 2460 85 71 &
892 2460 203 71 aeternas
1044 2460 186 71 regulas
1180 2460 119 71 per
1248 2460 203 71 notitiam
1400 2460 135 71 quae
1485 2460 186 71 proprie
1620 2460 186 71 dicitur
1739 2460 152 71 sapien-

162 2522 132 63 tia.
245 2522 99 63 Si
295 2522 165 63 igitur
410 2522 248 63 intellectus
609 2522 149 63 agens
708 2522 215 63 pertineat
873 2522 99 63 ad
923 2522 149 63 veram
1022 2522 198 63 rationem
1171 2522 215 63 imaginis:
1336 2522 116 63 hoc
1403 2522 116 63 non
1469 2522 165 63 potest
1584 2522 149 63 esse,
1684 2522 132 63 nisi
1766 2522 99 63 vt
1799 2522 83 63 con

166 2579 213 61 sideratur
330 2579 98 61 in
379 2579 164 61 ordine
494 2579 98 61 ad
543 2579 246 61 intellectum
740 2579 246 61 possibilem,
937 2579 197 61 secundum
1085 2579 148 61 alias
1183 2579 131 61 duas
1265 2579 246 61 operationes
1462 2579 131 61 suas
1544 2579 246 61 praedictas.
1741 2579 98 61 Et
1774 2579 115 61 dico:

166 2623 124 81 quod
244 2623 109 81 ita
306 2623 124 81 est.
384 2623 109 81 Per
446 2623 109 81 hoc
508 2623 124 81 enim
586 2623 124 81 quod
663 2623 140 81 lucet
757 2623 93 81 vt
803 2623 124 81 pura
881 2623 109 81 lux
943 2623 93 81 in
989 2623 217 81 intellectu
1160 2623 217 81 possibili,
1331 2623 186 81 disponit
1471 2623 140 81 ipsum
1564 2623 93 81 vt
1611 2623 109 81 sit
1673 2623 217 81 receptiuus
1828 2623 62 81 no

167 2679 159 70 titiae
279 2679 96 70 de
326 2679 127 70 luce
406 2679 207 70 increata.
565 2679 112 70 Per
629 2679 112 70 hoc
693 2679 143 70 autem
789 2679 127 70 quod
868 2679 96 70 in
916 2679 143 70 eodem
1012 2679 112 70 est
1075 2679 143 70 quasi
1171 2679 239 70 determinata
1362 2679 127 70 ipso
1442 2679 271 70 intelligibili
1665 2679 207 70 increato,
1808 2679 80 70 ope

163 2737 151 64 ratur
264 2737 118 64 vel
331 2737 168 64 potius
449 2737 235 64 cooperatur
634 2737 101 64 vt
684 2737 101 64 in
735 2737 235 64 intellectu
919 2737 202 64 formetur
1071 2737 185 64 notitia
1205 2737 101 64 de
1255 2737 286 64 intelligibili
1491 2737 218 64 increato.
1659 2737 118 64 Sed
1726 2737 151 64 prima
1810 2737 84 64 ope

167 2791 201 62 ratione,
318 2791 151 62 primo
419 2791 201 62 disponit
569 2791 251 62 intellectum
770 2791 251 62 possibilem:
971 2791 101 62 vt
1022 2791 117 62 sit
1089 2791 235 62 receptiuus
1273 2791 201 62 notitiae
1424 2791 251 62 simpliciter
1625 2791 201 62 secundum
1759 2791 134 62 rectum

171 2836 218 75 aspectum:
339 2836 84 75 &
373 2836 117 75 sic
440 2836 117 75 sub
507 2836 185 75 ratione
641 2836 218 75 memoriae.
809 2836 101 75 Et
859 2836 185 75 secundo
994 2836 201 75 disponit
1145 2836 252 75 intellectum
1346 2836 252 75 possibilem,
1548 2836 101 75 vt
1598 2836 117 75 sit
1665 2836 235 75 receptiuus
1833 2836 67 75 no

177 2903 161 57 titiae
290 2903 274 57 declaratiuae:
515 2903 193 57 secundum
660 2903 129 57 quod
741 2903 193 57 respicit
885 2903 193 57 memoriam
1030 2903 225 57 informatam
1208 2903 177 57 notitia
1336 2903 209 57 simplici,
1497 2903 193 57 aspectum
1642 2903 209 57 conuerso:
1803 2903 81 57 &
1819 2903 81 57 sic

172 2953 120 60 sub
240 2953 188 60 ratione
377 2953 325 60 intelligentiae.
652 2953 223 60 Similiter
823 2953 188 60 secunda
960 2953 240 60 operatione
1148 2953 154 60 primo
1251 2953 206 60 disponit
1405 2953 223 60 memoriam:
1577 2953 103 60 vt
1628 2953 103 60 in
1679 2953 103 60 ea
1731 2953 103 60 de
1765 2953 137 60 intel-

176 2997 201 76 ligibili
327 2997 218 76 increato,
495 2997 201 76 formetur
646 2997 185 76 notitia
780 2997 201 76 simplex.
932 2997 185 76 Secundo
1066 2997 151 76 vero:
1166 2997 101 76 vt
1217 2997 101 76 de
1267 2997 185 76 notitia
1401 2997 134 76 illa
1485 2997 201 76 simplici
1636 2997 218 76 existente
1804 2997 101 76 in
1838 2997 67 76 me

176 3060 182 62 moria:
303 3060 218 62 formetur
467 3060 200 62 notitia
612 3060 273 62 declaratiua
830 3060 109 62 in
885 3060 327 62 intelligentia.
1158 3060 91 62 &
1194 3060 127 62 hoc
1267 3060 218 62 secundum
1430 3060 164 62 modum
1539 3060 127 62 quo
1612 3060 200 62 notitia
1739 3060 164 62 simplex

172 3107 94 66 &
210 3107 283 66 declaratiua
436 3107 151 66 siue
531 3107 189 66 verbum
663 3107 113 66 de
720 3107 151 66 deo,
814 3107 189 66 habent
946 3107 227 66 formari:
1116 3107 170 66 prout
1229 3107 170 66 alibi
1343 3107 321 66 declarauimus.
1607 3107 113 66 Et
1664 3107 227 66 secundum
1815 3107 94 66 hoc

167 3171 158 84 dico:
273 3171 140 84 quod
361 3171 263 84 intellectus
571 3171 158 84 agens
676 3171 211 84 secundum
834 3171 176 84 dictas
957 3171 140 84 duas
1045 3171 281 84 operationes,
1273 3171 246 84 communiter
1466 3171 211 84 pertinet
1624 3171 88 84 &
1659 3171 105 84 ad
1712 3171 211 84 memoriam
1852 3171 53 84 &
