2429 3730
474 263 192 90 subdens.
618 263 96 90 An
666 263 256 90 respondebis:
874 263 112 90 non
938 263 208 90 inquantum
1098 263 176 90 infelix
1226 263 128 90 est:
1306 263 112 90 sed
1370 263 208 90 inquantum
1531 263 128 90 homo
1611 263 128 90 est:
1691 263 144 90 arbor
1787 263 128 90 bona
1867 263 128 90 est:
1947 263 128 90 Addo
2027 263 144 90 tamen
2123 263 112 90 ego
2171 263 112 90 dicen

485 341 101 73 do:
542 341 116 73 quod
615 341 188 73 inquantum
759 341 116 73 homo
831 341 101 73 est
889 341 101 73 non
947 341 231 73 simpliciter:
1135 341 101 73 sed
1192 341 130 73 agens
1279 341 173 73 secundum
1409 341 173 73 rationem
1539 341 144 73 rectam
1640 341 188 73 naturalem
1784 341 87 73 ad
1828 341 130 73 finem
1914 341 144 73 bonum:
2016 341 130 73 licet
2102 341 101 73 non
2160 341 130 73 prout
2232 341 58 73 de

481 383 137 74 beret
572 383 106 74 (ut
633 383 152 74 dictum
739 383 122 74 est)
815 383 137 74 arbor
907 383 122 74 bona
983 383 122 74 est.
1059 383 91 74 Si
1104 383 122 74 enim
1181 383 152 74 ageret
1287 383 91 74 ad
1333 383 137 74 finem
1424 383 228 74 contrarium,
1606 383 137 74 licet
1698 383 106 74 sit
1759 383 137 74 homo:
1850 383 198 74 nequaquam
2002 383 137 74 tamen
2093 383 137 74 esset
2185 383 137 74 arbor

484 439 127 81 bona
563 439 111 81 sed
627 439 142 81 mala.
722 439 95 81 Et
769 439 95 81 de
817 439 127 81 tali
896 439 158 81 homine
1007 439 111 81 ait
1070 439 190 81 Despens.
1212 439 111 81 Non
1276 439 158 81 potest
1387 439 142 81 arbor
1482 439 142 81 mala,
1577 439 174 81 fructus
1703 439 142 81 bonos
1798 439 174 81 facere.
1925 439 95 81 Et
1972 439 111 81 sic
2036 439 127 81 homo
2115 439 206 81 inquantum

486 496 131 69 homo
567 496 114 69 non
633 496 114 69 est
698 496 147 69 arbor
796 496 147 69 bona:
894 496 114 69 sed
959 496 212 69 solummodo
1123 496 212 69 inquantum
1286 496 131 69 agit
1368 496 147 69 recta
1466 496 180 69 ratione
1597 496 98 69 ad
1646 496 147 69 finem
1744 496 147 69 bonum
1842 496 114 69 vel
1907 496 245 69 simpliciter
2103 496 114 69 vel
2168 496 163 69 quoquo

483 554 131 61 modo
564 554 98 61 vt
613 554 163 61 dictum
728 554 131 61 est.
809 554 98 61 Et
858 554 212 61 similiter
1022 554 114 61 non
1087 554 114 61 est
1152 554 131 61 mala
1234 554 147 61 arbor
1332 554 212 61 inquantum
1496 554 114 61 est
1561 554 131 61 homo
1643 554 229 61 solummodo:
1822 554 114 61 sed
1888 554 212 61 inquantum
2051 554 147 61 malae
2133 554 163 61 volunta-

485 603 100 78 tis
542 603 100 78 est
599 603 100 78 vel
657 603 215 78 simpliciter
829 603 72 78 &
857 603 158 78 omnino,
972 603 86 78 vt
1015 603 115 78 ille
1086 603 100 78 qui
1144 603 129 78 facit
1230 603 129 78 dicta
1316 603 129 78 opera
1402 603 158 78 propter
1516 603 129 78 vanam
1602 603 172 78 gloriam:
1731 603 100 78 vel
1789 603 129 78 etiam
1874 603 86 78 si
1917 603 229 78 simpliciter,
2104 603 100 78 non
2161 603 129 78 tamen
2233 603 57 78 om

485 665 149 75 nino,
585 665 99 75 vt
634 665 132 75 ille
717 665 116 75 qui
783 665 149 75 facit
883 665 132 75 illa
965 665 165 75 quoquo
1081 665 132 75 modo
1164 665 182 75 propter
1296 665 132 75 deum
1379 665 149 75 etiam
1478 665 99 75 in
1528 665 281 75 infidelitate:
1760 665 83 75 &
1793 665 132 75 ideo
1875 665 149 75 multo
1975 665 149 75 magis
2074 665 99 75 vt
2124 665 132 75 ille
2206 665 116 75 qui

484 716 143 70 facit
579 716 143 70 dicta
675 716 143 70 opera
770 716 175 70 propter
897 716 127 70 deum
977 716 95 70 vt
1024 716 207 70 redemptor
1183 716 127 70 est,
1262 716 95 70 ex
1310 716 127 70 fide
1390 716 175 70 informi
1517 716 143 70 extra
1612 716 238 70 charitatem:
1803 716 111 70 qui
1866 716 191 70 faciendo
2009 716 143 70 dicta
2104 716 143 70 opera
2184 716 111 70 nequa

487 763 131 80 quam
568 763 196 80 dicendus
715 763 114 80 est
781 763 196 80 peccare:
928 763 114 80 est
993 763 147 80 tamen
1091 763 245 80 simpliciter
1287 763 147 80 arbor
1385 763 147 80 mala:
1483 763 147 80 licet
1581 763 114 80 non
1646 763 180 80 omnino.
1777 763 114 80 Sed
1842 763 163 80 contra
1956 763 131 80 haec
2038 763 163 80 statim
2136 763 147 80 videtur

483 828 135 77 Aug.
568 828 186 77 arguere
703 828 203 77 subdens.
855 828 118 77 Sed
923 828 152 77 forte
1025 828 203 77 dicturus
1177 828 118 77 es:
1245 828 237 77 misericors
1431 828 203 77 voluntas
1583 828 135 77 bona
1668 828 135 77 est.
1752 828 152 77 Recte
1854 828 152 77 istud
1956 828 237 77 diceretur:
2142 828 102 77 si
2176 828 118 77 quem-

480 881 166 63 admodum
601 881 136 63 fides
691 881 181 63 Christi.
827 881 106 63 est
887 881 136 63 fides
978 881 121 63 quae
1053 881 106 63 per
1113 881 226 63 dilectionem
1294 881 196 63 operatur,
1445 881 151 63 semper
1551 881 121 63 bona
1626 881 121 63 est:
1702 881 106 63 ita
1762 881 241 63 misericordia
1958 881 121 63 bona
2034 881 136 63 esset
2124 881 166 63 semper.
2230 881 60 63 Si

489 932 152 69 autem
590 932 219 69 reperitur
759 932 84 69 &
793 932 270 69 misericordia
1012 932 135 69 mala
1096 932 118 69 qua
1163 932 185 69 persona
1298 932 202 69 pauperis
1450 932 219 69 accipitur
1619 932 101 69 in
1669 932 202 69 iudicio:
1821 932 185 69 propter
1956 932 135 69 quam
2040 932 118 69 rex
2108 932 135 69 Saul
2175 932 118 69 meru-

486 983 90 67 it
531 983 75 67 a
561 983 149 67 domino
665 983 179 67 damnari:
799 983 119 67 quia
874 983 149 67 contra
979 983 119 67 eius
1053 983 209 67 praeceptum
1217 983 119 67 regi
1292 983 104 67 per
1352 983 164 67 humanum
1471 983 179 67 pepercit
1605 983 194 67 affectum:
1755 983 90 67 si
1799 983 149 67 vitium
1904 983 104 67 est
1964 983 119 67 male
2038 983 194 67 misereri:
2173 983 119 67 procul

482 1041 149 73 dubio
582 1041 165 73 vitium
698 1041 116 73 est
764 1041 199 73 misereri
913 1041 265 73 infideliter.
1128 1041 132 73 Quia
1210 1041 99 73 si
1260 1041 83 73 &
1293 1041 132 73 ipsa
1376 1041 265 73 misericordia
1591 1041 116 73 per
1657 1041 182 73 seipsam
1790 1041 199 73 naturali
1939 1041 248 73 compassione
2137 1041 132 73 opus
2203 1041 83 73 est

490 1086 157 73 bonum,
600 1086 79 73 &
632 1086 126 73 isto
710 1086 126 73 bono
789 1086 126 73 male
868 1086 157 73 vtitur
978 1086 110 73 qui
1041 1086 236 73 infideliter
1229 1086 173 73 vtitur:
1355 1086 79 73 &
1387 1086 110 73 hoc
1450 1086 142 73 bonum
1544 1086 126 73 male
1623 1086 142 73 facit
1717 1086 110 73 qui
1780 1086 236 73 infideliter
1968 1086 157 73 facit.
2079 1086 110 73 Qui
2141 1086 142 73 autem
2220 1086 63 73 ma

483 1143 87 64 le
527 1143 131 64 facit
614 1143 174 64 aliquid,
745 1143 174 64 profecto
876 1143 160 64 peccat.
992 1143 87 64 Ex
1035 1143 102 64 quo
1093 1143 203 64 colligitur
1253 1143 73 64 &
1282 1143 116 64 ipsa
1355 1143 116 64 bona
1427 1143 131 64 opera
1514 1143 116 64 quae
1587 1143 160 64 faciunt
1703 1143 203 64 infideles,
1863 1143 102 64 non
1921 1143 160 64 ipsorum
2037 1143 131 64 esse:
2124 1143 102 64 sed
2168 1143 116 64 illius

488 1202 100 78 qui
545 1202 115 78 bene
617 1202 144 78 vtitur
717 1202 144 78 malis.
818 1202 158 78 lpsorum
933 1202 129 78 autem
1019 1202 115 78 esse
1090 1202 172 78 peccata,
1220 1202 129 78 verum
1306 1202 115 78 est:
1377 1202 100 78 sed
1435 1202 187 78 quondoque
1578 1202 201 78 omissionis
1736 1202 158 78 tantum:
1851 1202 187 78 quondoque
1995 1202 244 78 conmissionis:
2196 1202 86 78 vt
2239 1202 86 78 di

488 1254 125 79 ctum
566 1254 125 79 est:
644 1254 140 79 sicut
738 1254 140 79 etiam
831 1254 187 79 contigit
971 1254 93 79 in
1018 1254 140 79 Saul.
1112 1254 93 79 Et
1158 1254 187 79 secundum
1299 1254 140 79 modum
1392 1254 156 79 dictum
1501 1254 203 79 peccantes
1657 1254 109 79 per
1719 1254 218 79 omissionem
1891 1254 140 79 solum
1984 1254 93 79 in
2031 1254 156 79 dictis
2124 1254 156 79 operibus

479 1314 119 68 etsi
553 1314 119 68 boni
628 1314 163 68 homines
746 1314 193 68 politici,
895 1314 119 68 sunt
969 1314 134 68 tamen
1058 1314 193 68 steriles:
1206 1314 119 68 quia
1281 1314 104 68 pro
1340 1314 134 68 opere
1429 1314 104 68 suo
1488 1314 119 68 bono
1563 1314 104 68 non
1622 1314 237 68 consequuntur
1815 1314 134 68 vitam
1904 1314 193 68 aeternam:
2053 1314 134 68 licet
2142 1314 104 68 non
2186 1314 104 68 steri

487 1355 117 91 les
554 1355 134 91 sint
638 1355 218 91 inquantum
805 1355 184 91 euitant
939 1355 167 91 poenam
1056 1355 134 91 quam
1140 1355 218 91 incurrunt
1307 1355 251 91 committendo
1508 1355 100 91 in
1559 1355 184 91 eisdem.
1692 1355 84 91 &
1726 1355 117 91 sic
1793 1355 151 91 tales
1893 1355 151 91 bonos
1994 1355 201 91 politice
2144 1355 134 91 bene
2211 1355 84 91 pro

490 1417 194 78 omissione
639 1417 104 78 per
699 1417 253 78 infidelitatem
908 1417 149 78 mittit
1012 1417 164 78 dominus
1131 1417 89 78 in
1176 1417 134 78 ignem
1265 1417 194 78 aeternum.
1414 1417 89 78 Et
1459 1417 104 78 sic
1519 1417 134 78 licet
1608 1417 134 78 multa
1698 1417 119 78 quae
1772 1417 224 78 simpliciter
1951 1417 134 78 dixit
2041 1417 209 78 Augustinus
2205 1417 89 78 in
2234 1417 60 78 ca

489 1470 183 65 pitulis
623 1470 167 65 dictis
739 1470 133 65 bene
823 1470 83 65 &
856 1470 133 65 vere
939 1470 150 65 dicta
1040 1470 133 65 sint
1123 1470 167 65 contra
1240 1470 200 65 lulianum
1390 1470 117 65 qui
1456 1470 167 65 posuit
1573 1470 200 65 virtutes
1723 1470 233 65 infidelium
1907 1470 133 65 esse
1990 1470 150 65 veras
2090 1470 83 65 &
2107 1470 183 65 perfectas

490 1528 215 70 virtutes,
656 1528 83 70 &
689 1528 149 70 opera
789 1528 133 70 bona
871 1528 116 70 non
938 1528 99 70 ex
987 1528 133 70 fide
1070 1528 149 70 facta
1170 1528 149 70 nullo
1269 1528 133 70 modo
1352 1528 133 70 esse
1435 1528 199 70 peccata:
1584 1528 83 70 &
1617 1528 133 70 quod
1700 1528 133 70 solo
1782 1528 166 70 libero
1898 1528 199 70 arbitrio
2048 1528 166 70 posset
2163 1528 133 70 homo
2230 1528 66 70 ca

482 1581 128 67 uere
562 1581 192 67 peccata,
706 1581 80 67 &
737 1581 128 67 quod
817 1581 192 67 peccatum
961 1581 208 67 originale
1121 1581 144 67 nihil
1216 1581 160 67 esset:
1328 1581 144 67 tamen
1424 1581 128 67 bene
1504 1581 192 67 indigent
1647 1581 239 67 expositione
1839 1581 80 67 &
1871 1581 255 67 distinctione
2078 1581 128 67 modo
2158 1581 112 67 iam
2222 1581 96 67 di

490 1629 120 81 cto.
565 1629 90 81 In
610 1629 105 81 quo
670 1629 165 81 videtur
789 1629 209 81 Augustinus
954 1629 224 81 consentire,
1133 1629 75 81 &
1163 1629 90 81 ad
1208 1629 105 81 hoc
1268 1629 224 81 descendere:
1447 1629 105 81 vbi
1507 1629 135 81 dicit
1597 1629 90 81 in
1642 1629 105 81 ca.
1702 1629 120 81 xix.
1776 1629 165 81 Quoniam
1896 1629 150 81 saltem
2001 1629 179 81 concedis
2135 1629 135 81 opera
2225 1629 90 81 in

491 1678 189 82 fidelium
633 1678 126 82 quae
712 1678 126 82 tibi
791 1678 189 82 videntur
933 1678 142 82 bona,
1028 1678 111 82 non
1091 1678 111 82 eos
1154 1678 95 82 ad
1202 1678 174 82 salutem
1328 1678 237 82 sempiternam
1517 1678 221 82 perducere,
1691 1678 142 82 scito
1786 1678 111 82 nos
1849 1678 158 82 nullum
1959 1678 174 82 hominem
2086 1678 158 82 dicere
2180 1678 111 82 bonum

491 1741 156 63 nullam
600 1741 218 63 voluntatem
772 1741 156 63 bonam,
881 1741 156 63 nullum
990 1741 125 63 opus
1068 1741 140 63 bonum
1161 1741 125 63 sine
1239 1741 109 63 dei
1301 1741 156 63 genra.
1410 1741 78 63 &
1441 1741 156 63 infra.
1550 1741 187 63 Dicantur
1690 1741 187 63 secundum
1830 1741 93 63 te
1877 1741 202 63 huiusmodi
2033 1741 218 63 voluntates
2189 1741 93 63 arbo

486 1793 104 78 res
545 1793 148 78 bonae:
649 1793 178 78 sufficit
782 1793 118 78 quod
856 1793 118 78 apud
930 1793 118 78 deum
1004 1793 178 78 steriles
1138 1793 133 78 sint:
1227 1793 74 78 &
1256 1793 104 78 per
1315 1793 104 78 hoc
1375 1793 104 78 non
1434 1793 148 78 bonae.
1538 1793 89 78 Et
1582 1793 104 78 per
1641 1793 118 78 hunc
1715 1793 133 78 modum
1804 1793 133 78 etiam
1893 1793 178 78 loquitur
2026 1793 148 78 Ansel.
2130 1793 89 78 de
2160 1793 118 78 iusti-

485 1847 121 62 tia
554 1847 86 62 &
588 1847 155 62 opere
691 1847 155 62 bono:
795 1847 103 62 vt
846 1847 189 62 patebit
984 1847 103 62 in
1036 1847 207 62 sequenti
1191 1847 258 62 quaestione.
1398 1847 103 62 Et
1449 1847 172 62 Grego.
1570 1847 103 62 in
1621 1847 224 62 moralibus
1794 1847 155 62 super
1897 1847 138 62 lob.
1983 1847 172 62 Morai.
2104 1847 138 62 enim
2172 1847 121 62 libro

495 1896 123 83 xvii.
577 1896 177 83 exponendo
713 1896 123 83 illud
795 1896 109 83 lob.
863 1896 150 83 xxviii.
972 1896 95 83 Non
1026 1896 191 83 conferetur
1176 1896 150 83 tinctis
1285 1896 136 83 Indiae
1381 1896 191 83 coloribus:
1530 1896 123 83 dicit
1612 1896 109 83 sic.
1680 1896 82 83 Vt
1721 1896 232 83 philosophorum
1912 1896 191 83 sapientiam
2061 1896 123 83 huiae
2143 1896 163 83 scilicet
2252 1896 41 83 a

486 1954 182 67 pientiae
623 1954 167 67 diuinae
744 1954 228 67 modostraret
926 1954 137 67 longe
1018 1954 182 67 subesse,
1154 1954 182 67 intulit:
1291 1954 106 67 Non
1352 1954 213 67 conferetur
1519 1954 167 67 tinctis
1641 1954 152 67 Indiae
1747 1954 213 67 coloribus.
1914 1954 91 67 Vt
1960 1954 137 67 ipsos
2051 1954 152 67 quoque
2157 1954 91 67 in
2188 1954 106 67 eccle

484 2009 111 72 sia
547 2009 221 72 haereticos
721 2009 221 72 increparet
895 2009 111 72 qui
959 2009 79 72 a
990 2009 253 72 gentilitatis
1196 2009 158 72 errore
1307 2009 206 72 venientes
1465 2009 142 72 fidem
1560 2009 127 72 quam
1639 2009 221 72 suscipiunt
1813 2009 111 72 per
1876 2009 174 72 supbiam
2002 2009 206 72 scindunt:
2145 2009 142 72 addidit

491 2056 114 71 Non
556 2056 227 71 aequabitur
734 2056 97 71 ei
783 2056 195 71 topazius
929 2056 97 71 de
977 2056 227 71 aethiopia,
1156 2056 97 71 ac
1204 2056 97 71 si
1253 2056 195 71 patenter
1399 2056 243 71 insinuaret,
1594 2056 178 71 dicens:
1723 2056 97 71 Hi
1772 2056 114 71 qui
1837 2056 97 71 ex
1886 2056 178 71 peccati
2015 2056 211 71 nigredine
2177 2056 97 71 ad
2210 2056 81 71 com

493 2109 221 82 uersionem
663 2109 187 82 veniunt
799 2109 187 82 aequari
935 2109 119 82 deo
1002 2109 170 82 homini
1121 2109 119 82 non
1189 2109 187 82 possunt
1325 2109 187 82 quamuis
1461 2109 170 82 multis
1580 2109 187 82 colorum
1716 2109 238 82 virtutibus
1902 2109 255 82 resplendere
2089 2109 204 82 videantur.

505 2164 161 76 Quorum
618 2164 97 76 vt
666 2164 193 76 superbia
811 2164 209 76 refutetur
972 2164 129 76 apte
1052 2164 225 76 subiungit:
1229 2164 113 76 Nec
1294 2164 209 76 tincturae
1455 2164 242 76 mundissimae
1648 2164 258 76 componentur.
1857 2164 209 76 tincturae
2018 2164 129 76 enim
2083 2164 209 76 mundissimae

491 2218 121 83 sunt
567 2218 197 83 veraciter
718 2218 167 83 humiles
839 2218 106 83 qui
900 2218 151 83 sciunt
1006 2218 121 83 quod
1081 2218 91 83 ex
1127 2218 212 83 semetipsis
1293 2218 182 83 virtutum
1430 2218 167 83 speciem
1551 2218 106 83 non
1612 2218 167 83 habent:
1733 2218 106 83 sed
1793 2218 121 83 hanc
1869 2218 91 83 ex
1914 2218 121 83 dono
1990 2218 136 83 gerae
2066 2218 227 83 supeuenientis

482 2275 175 92 tenent.
609 2275 159 92 Tincti
721 2275 159 92 etenim
832 2275 111 92 non
896 2275 159 92 essent
1007 2275 95 92 si
1055 2275 239 92 sanctitatem
1245 2275 239 92 naturaliter
1436 2275 239 92 habuissent:
1627 2275 111 92 sed
1691 2275 239 92 mundissimae
1882 2275 207 92 tincturae
2041 2275 143 92 sunt,
2136 2275 127 92 quia
2200 2275 95 92 humi

489 2323 145 73 liter
586 2323 226 73 custodiunt
763 2323 290 73 superuenientem
1005 2323 97 73 in
1054 2323 97 73 se
1102 2323 194 73 virtutum
1247 2323 177 73 gratiam
1376 2323 129 73 quam
1457 2323 242 73 receperunt.
1651 2323 97 73 Et
1699 2323 194 73 notandum
1844 2323 129 73 quod
1925 2323 194 73 superius
2070 2323 113 73 cum
2119 2323 177 73 dixisset:

485 2378 114 77 non
550 2378 227 77 conferetur
728 2378 179 77 tinctis
858 2378 162 77 Indiae
972 2378 227 77 coloribus,
1150 2378 162 77 eosdem
1264 2378 179 77 colores
1394 2378 114 77 non
1459 2378 179 77 intulit
1589 2378 179 77 mundos:
1719 2378 114 77 hoc
1784 2378 130 77 vero
1865 2378 97 77 in
1914 2378 130 77 loco
1995 2378 97 77 vt
2043 2378 211 77 tincturam
2190 2378 97 77 vera

495 2438 125 80 cium
574 2438 188 80 virtutum
715 2438 94 80 ab
761 2438 125 80 illa
840 2438 266 80 philosophorum
1059 2438 204 80 fucatione
1215 2438 266 80 distingueret,
1435 2438 204 80 tincturas
1591 2438 157 80 dicens
1701 2438 141 80 addit
1795 2438 250 80 mundissimas.
1998 2438 219 80 Tincturae,
2170 2438 94 80 en
2202 2438 78 80 mun

489 2488 187 82 dissimae
629 2488 140 82 recte
723 2488 218 82 nominantur
894 2488 93 82 ii
940 2488 109 82 qui
1003 2488 124 82 etsi
1080 2488 140 82 prius
1174 2488 109 82 per
1236 2488 140 82 opera
1329 2488 140 82 praua
1423 2488 140 82 foedi
1516 2488 187 82 fuerunt:
1656 2488 264 82 superueniente
1874 2488 140 82 tamen
1967 2488 171 82 spiritu
2091 2488 156 82 nitore
2185 2488 93 82 grae

492 2546 220 64 vestiuntur.
668 2546 147 64 Tincti
771 2546 132 64 autem
859 2546 161 64 colores
976 2546 147 64 Indiae
1079 2546 117 64 sunt
1152 2546 132 64 huius
1240 2546 132 64 mundi
1328 2546 205 64 sapientes:
1490 2546 103 64 qui
1549 2546 161 64 quamuis
1666 2546 103 64 per
1725 2546 264 64 infidelitatem,
1945 2546 73 64 &
1974 2546 191 64 plerumque
2121 2546 103 64 per
2165 2546 117 64 actio-

484 2593 115 76 nem
549 2593 147 76 foedi
647 2593 147 76 sunt:
746 2593 131 76 ante
828 2593 180 76 humanos
959 2593 147 76 tamen
1057 2593 164 76 oculos
1171 2593 246 76 superductae
1368 2593 229 76 honestatis
1548 2593 164 76 colore
1663 2593 213 76 fucantur.
1826 2593 164 76 Quales
1941 2593 147 76 etiam
2039 2593 131 76 sunt
2105 2593 180 76 haeretici

497 2650 250 86 philosophorum
703 2650 191 86 doctrinam
850 2650 147 86 potius
953 2650 118 86 quam
1027 2650 162 86 Christi
1144 2650 206 86 sequentes:
1306 2650 88 86 de
1350 2650 147 86 quibus
1453 2650 191 86 immediate
1600 2650 191 86 praemisit
1747 2650 162 86 dicens.
1865 2650 132 86 Fuere
1953 2650 132 86 multi
2042 2650 103 86 qui
2101 2650 132 86 mundi
2174 2650 103 86 huius

492 2708 230 72 sapientium
672 2708 246 72 disciplinis
869 2708 164 72 dediti
984 2708 98 72 ea
1033 2708 131 72 quae
1115 2708 131 72 sunt
1197 2708 148 72 inter
1295 2708 180 72 homines
1426 2708 180 72 honesta
1557 2708 230 72 seruarent,
1738 2708 82 72 &
1771 2708 213 72 saluandos
1935 2708 180 72 seruata
2066 2708 213 72 honestate
2213 2708 66 72 se

482 2759 204 77 crederent,
643 2759 102 77 nec
701 2759 102 77 iam
759 2759 204 77 mediatorem
920 2759 102 77 dei
978 2759 73 77 &
1007 2759 175 77 hominium
1138 2759 219 77 quaererent,
1313 2759 102 77 cum
1371 2759 131 77 quasi
1459 2759 233 77 sufficientem
1648 2759 117 77 sibi
1721 2759 248 77 philosophorum
1925 2759 189 77 doctrinam
2071 2759 189 77 tenerent.
2217 2759 87 77 In

488 2821 171 64 quorum
608 2821 223 64 despectum
779 2821 206 64 dicitur:
933 2821 120 64 non
1002 2821 240 64 conferetur
1190 2821 188 64 tinctis
1327 2821 171 64 indiae
1447 2821 240 64 coloribus.
1636 2821 171 64 Siquis
1756 2821 137 64 ergo
1842 2821 206 64 aduertat
1996 2821 240 64 praedicta,
2167 2821 120 64 bonum

489 2872 161 69 circa
597 2872 215 69 actionem
758 2872 197 69 quinque
901 2872 161 69 modis
1009 2872 215 69 dicitur.
1170 2872 161 69 Primo
1278 2872 143 69 enim
1367 2872 143 69 modo
1457 2872 197 69 dicitur
1600 2872 161 69 bonum
1708 2872 287 69 simpliciter:
1941 2872 90 69 &
1976 2872 161 69 talis
2084 2872 125 69 est
2156 2872 161 69 quae-

482 2921 169 68 cunque
600 2921 152 68 actio
702 2921 101 68 ex
753 2921 101 68 eo
803 2921 135 68 quod
888 2921 118 68 est
955 2921 118 68 res
1023 2921 85 68 &
1057 2921 169 68 natura
1175 2921 186 68 aliqua.
1310 2921 135 68 vnde
1395 2921 169 68 potest
1513 2921 135 68 dici
1598 2921 152 68 bonum
1699 2921 101 68 ex
1750 2921 186 68 natura:
1885 2921 135 68 puta
1970 2921 203 68 pascere.
2122 2921 186 68 Secundo

486 2968 186 80 dicitur
621 2968 152 80 bonum
723 2968 102 80 ex
774 2968 186 80 genere,
909 2968 85 80 &
943 2968 152 80 talis
1045 2968 118 80 seu
1112 2968 135 80 tale
1197 2968 152 80 bonum
1298 2968 118 80 est
1366 2968 220 80 quaelibet
1535 2968 152 80 actio
1637 2968 102 80 ex
1688 2968 288 80 circunstantia
1925 2968 186 80 obiecti
2060 2968 118 80 qua
2128 2968 135 80 nata
2195 2968 85 80 est

485 3037 146 78 esse
576 3037 201 78 materia
722 3037 237 78 virtutis.
905 3037 146 78 Vnde
996 3037 183 78 potest
1124 3037 146 78 dici
1215 3037 164 78 bonum
1325 3037 110 78 ex
1379 3037 310 78 circunstantia
1635 3037 292 78 generaliter:
1872 3037 146 78 puta
1964 3037 201 78 pascere
2091 3037 183 78 pauperem

477 3079 195 83 infirmum.
627 3079 150 83 Tertio
732 3079 120 83 diei
807 3079 135 83 bonum
897 3079 90 83 ex
942 3079 255 83 circunstantia
1152 3079 150 83 finis.
1257 3079 75 83 &
1287 3079 135 83 talis
1377 3079 105 83 est
1437 3079 195 83 quaelibet
1587 3079 135 83 actio
1677 3079 90 83 ex
1722 3079 255 83 circunstantia
1932 3079 225 83 specialiter
2112 3079 135 83 finis
2187 3079 90 83 boni

482 3139 75 104 &
512 3139 181 104 honesti.
648 3139 120 104 vnde
723 3139 151 104 potest
828 3139 120 104 dici
903 3139 135 104 bonum
994 3139 90 104 ex
1039 3139 135 104 fine,
1129 3139 120 104 puta
1204 3139 166 104 pascere
1325 3139 181 104 pauperem
1460 3139 181 104 infirmum
1596 3139 166 104 propter
1716 3139 120 104 deum
1791 3139 226 104 simpliciter
1972 3139 75 104 &
2002 3139 75 104 a
2032 3139 120 104 tali
2092 3139 181 104 circunstam
