2400 3760
136 241 107 87 tia
197 241 168 87 dicitur
319 241 138 87 actus
411 241 122 87 esse
488 241 184 87 virtutis
625 241 245 87 simpliciter.
824 241 153 87 Quarto
931 241 168 87 dicitur
1054 241 138 87 bonum
1145 241 92 87 ex
1191 241 260 87 circunstantia
1405 241 168 87 agentis
1528 241 122 87 quam
1604 241 168 87 habetur
1727 241 76 87 a
1757 241 168 87 natura,
1880 241 76 87 &
1895 241 61 87 ta

144 314 111 66 lis
208 314 111 66 est
271 314 206 66 quaelibet
430 314 143 66 actio
525 314 190 66 moralis:
668 314 79 66 &
699 314 95 66 ab
747 314 127 66 illo
826 314 95 66 de
874 314 190 66 moralis,
1017 314 79 66 &
1049 314 95 66 in
1096 314 127 66 ipso
1176 314 206 66 consistit
1334 314 143 66 ratio
1429 314 190 66 virtutis
1572 314 175 66 moralis
1699 314 95 66 vt
1747 314 175 66 moralis
1858 314 95 66 est.

142 373 80 55 &
174 373 161 55 potest
286 373 128 55 dici
367 373 112 55 hoc
431 373 161 55 bonum:
543 373 144 55 bonum
640 373 96 55 ex
688 373 161 55 libero
800 373 209 55 arbitrio.
961 373 144 55 Quito
1057 373 128 55 diei
1137 373 144 55 bonum
1234 373 96 55 ex
1282 373 273 55 circunstantia
1507 373 177 55 agentis
1635 373 128 55 quam
1715 373 144 55 habet
1812 373 96 55 ex
1844 373 96 55 gera

150 423 75 67 &
180 423 135 67 talis
270 423 105 67 est
330 423 196 67 quaelibet
481 423 135 67 actio
571 423 196 67 gratuita:
722 423 75 67 &
752 423 120 67 illa
827 423 165 67 dicitur
947 423 196 67 gratuita:
1098 423 75 67 &
1128 423 90 67 in
1173 423 120 67 ipsa
1248 423 196 67 consistit
1398 423 135 67 ratio
1489 423 181 67 virtutis
1624 423 211 67 gratuitae.
1790 423 105 67 Est
1835 423 105 67 autem

147 479 236 67 aduertendum
336 479 126 67 quod
415 479 142 67 circa
510 479 142 67 talem
604 479 142 67 actum
699 479 189 67 operatur
840 479 142 67 fides
935 479 158 67 habita
1045 479 95 67 ex
1092 479 126 67 gera
1171 479 236 67 dupliciter:
1360 479 110 67 Vno
1423 479 126 67 modo
1502 479 252 67 determinando
1691 479 252 67 circunstantiam

141 532 92 58 ex
187 532 137 58 parte
278 532 137 58 finis
370 532 199 58 inquantum
523 532 153 58 sides,
629 532 92 58 vt
675 532 107 58 est
736 532 137 58 fides
828 532 244 58 simpliciter,
1027 532 214 58 determinat
1195 532 183 58 actionem
1332 532 137 58 omnem
1424 532 137 58 bonam
1515 532 153 58 debere
1622 532 137 58 fieri
1714 532 168 58 propter
1836 532 137 58 deum:

151 579 99 64 vt
201 579 116 64 est
267 579 215 64 reparator
433 579 83 64 &
466 579 265 64 remunerator,
681 579 83 64 &
714 579 182 64 propter
846 579 265 64 beatitudinem
1061 579 215 64 increatam
1226 579 132 64 quae
1309 579 132 64 ipse
1391 579 132 64 est.
1474 579 132 64 Alio
1557 579 132 64 modo
1639 579 231 64 cooperando
1805 579 132 64 libero

142 638 185 62 arbitrio
280 638 92 62 in
326 638 200 62 eliciendo
481 638 185 62 actionem
619 638 185 62 moralem:
758 638 92 62 vt
804 638 92 62 ex
850 638 154 62 debito
958 638 139 62 amore
1051 638 139 62 finis
1143 638 216 62 eliciatur:
1312 638 123 62 quid
1389 638 139 62 facit
1482 638 139 62 forma
1574 638 139 62 fidei
1667 638 123 62 quae
1744 638 185 62 charitas
1867 638 77 62 est

149 690 90 58 in
194 690 105 58 qua
254 690 194 58 consistit
403 690 149 58 radix.
508 690 75 58 &
538 690 120 58 ideo
612 690 149 58 potest
717 690 135 58 bonum
807 690 105 58 hoc
867 690 120 58 dici
941 690 135 58 bonum
1031 690 90 58 ex
1076 690 164 58 merito.
1195 690 105 58 Sic
1255 690 120 58 ergo
1330 690 224 58 simpliciter
1509 690 120 58 dico
1584 690 120 58 quod
1659 690 135 58 actio
1749 690 120 58 quae
1823 690 105 58 est
1868 690 60 58 vo

141 744 143 58 litio
237 744 191 58 moralis,
380 744 175 58 speciem
508 744 143 58 moris
603 744 80 58 &
635 744 207 58 bonitatem
794 744 143 58 atque
890 744 191 58 rationem
1034 744 191 58 virtutis
1177 744 175 58 moralis
1304 744 143 58 habet
1400 744 112 58 non
1464 744 96 58 ab
1512 744 191 58 obiecto:
1655 744 112 58 nec
1719 744 96 58 vt
1767 744 112 58 est
1814 744 112 58 prin-

154 798 155 70 cipium
262 798 232 70 operationis
448 798 139 70 sicut
541 798 139 70 finis
634 798 93 70 in
680 798 217 70 intellectu
851 798 201 70 practico:
1006 798 139 70 neque
1098 798 93 70 vt
1145 798 108 70 est
1207 798 217 70 principium
1377 798 124 70 eius
1455 798 77 70 a
1486 798 201 70 voluntate
1641 798 77 70 &
1672 798 232 70 operationem
1842 798 93 70 suam

137 857 188 60 adeptum:
279 857 110 60 sed
341 857 157 60 potius
451 857 94 60 ab
498 857 173 60 agentis
624 857 157 60 libero
734 857 204 60 arbitrio:
890 857 188 60 secundum
1032 857 141 60 modum
1126 857 110 60 iam
1189 857 173 60 dictum.
1314 857 126 60 Quia
1393 857 126 60 ergo
1471 857 188 60 arguitur
1612 857 141 60 primo
1706 857 94 60 in
1738 857 188 60 contrarium

153 902 118 71 quod
227 902 88 71 ab
271 902 162 71 obiecti
388 902 176 71 entitate
521 902 132 71 habet
609 902 132 71 actus
697 902 191 71 entitatem
844 902 103 71 &c.
903 902 118 71 dico
976 902 118 71 quod
1050 902 162 71 aliquid
1168 902 132 71 habet
1256 902 162 71 speciem
1373 902 118 71 suam
1447 902 88 71 ab
1491 902 118 71 alio
1565 902 235 71 tripliciter.
1756 902 103 71 Vno
1814 902 118 71 modo
1873 902 59 71 vt

143 964 79 65 a
175 964 126 65 fine
253 964 94 65 ad
300 964 126 65 quem
379 964 126 65 est.
458 964 126 65 Alio
536 964 126 65 modo
615 964 94 65 vt
662 964 79 65 a
693 964 141 65 forma
788 964 204 65 exemplari
945 964 189 65 secundum
1086 964 126 65 quam
1165 964 126 65 est.
1243 964 157 65 Tertio
1353 964 126 65 modo
1432 964 94 65 vt
1479 964 94 65 ab
1526 964 220 65 efficiente
1699 964 79 65 a
1731 964 110 65 quo
1794 964 126 65 est.
1856 964 79 65 Pri

143 1006 99 71 mo
192 1006 131 71 modo
274 1006 148 71 domus
373 1006 181 71 speciem
504 1006 131 71 siue
586 1006 164 71 formam
701 1006 131 71 suam
784 1006 148 71 habet
882 1006 82 71 a
915 1006 131 71 fine
997 1006 131 71 quae
1079 1006 115 71 est
1145 1006 247 71 inhabitatio
1342 1006 148 71 eius.
1441 1006 115 71 Sic
1507 1006 131 71 enim
1589 1006 148 71 debet
1687 1006 181 71 formari
1819 1006 99 71 vt
1852 1006 82 71 sit

139 1064 127 63 apta
219 1064 95 63 ad
266 1064 254 63 ihabitandum.
473 1064 111 63 Per
536 1064 143 63 hunc.
632 1064 95 63 nm
679 1064 143 63 modum
775 1064 143 63 finis
870 1064 223 63 determinat
1045 1064 127 63 sibi
1124 1064 159 63 formam
1236 1064 95 63 in
1283 1064 127 63 illo
1363 1064 127 63 quod
1442 1064 111 63 est
1506 1064 95 63 ad
1554 1064 159 63 finem.
1665 1064 95 63 Et
1713 1064 191 63 secundum
1840 1064 95 63 hunc

141 1118 144 67 modum
237 1118 128 67 bene
317 1118 160 67 potest
429 1118 176 67 concedi
557 1118 128 67 quod
637 1118 144 67 omnis
733 1118 144 67 actio
829 1118 144 67 etiam
925 1118 176 67 moralis
1053 1118 160 67 formam
1165 1118 128 67 suae
1245 1118 208 67 entitatis
1405 1118 80 67 &
1437 1118 208 67 bonitatis
1597 1118 224 67 cuiuslibet
1773 1118 144 67 habet
1869 1118 96 67 ab

143 1183 174 58 obiecto
270 1183 174 58 tanquam
396 1183 79 58 a
427 1183 126 58 fine
506 1183 95 58 ad
554 1183 126 58 quem
633 1183 126 58 est:
712 1183 79 58 &
743 1183 111 58 sic
806 1183 79 58 a
838 1183 126 58 fine
917 1183 95 58 vt
964 1183 142 58 debet
1059 1183 126 58 esse
1138 1183 189 58 terminus
1280 1183 205 58 actionis.
1438 1183 142 58 debet
1533 1183 126 58 enim
1611 1183 174 58 formari
1738 1183 189 58 actionis
1864 1183 79 58 spe

140 1231 125 55 cies
219 1231 125 55 modo
297 1231 110 55 quo
360 1231 110 55 per
422 1231 141 55 ipsam
516 1231 266 55 convenientius
736 1231 141 55 finis
830 1231 157 55 possit
939 1231 172 55 attigi.
1065 1231 172 55 Secundo
1190 1231 125 55 modo
1268 1231 141 55 domus
1362 1231 172 55 speciem
1488 1231 125 55 siue
1566 1231 157 55 formam
1676 1231 125 55 suam
1754 1231 141 55 habet
1848 1231 78 55 a
1864 1231 78 55 for

142 1282 95 61 ma
190 1282 142 61 domus
284 1282 95 61 in
331 1282 142 61 mente
426 1282 205 61 artificis
584 1282 205 61 dirigente
741 1282 221 61 operantem.
915 1282 79 61 &
946 1282 110 61 hoc
1010 1282 126 61 modo
1088 1282 79 61 a
1120 1282 126 61 fine
1199 1282 189 61 concepto
1341 1282 110 61 cum
1404 1282 142 61 aliis
1498 1282 284 61 circunstantiis
1735 1282 95 61 ex
1782 1282 142 61 parte
1861 1282 79 61 sub

142 1335 138 61 iecti
234 1335 77 61 &
265 1335 123 61 modo
341 1335 215 61 deueniendi
510 1335 108 61 per
572 1335 184 61 actionem
710 1335 92 61 in
756 1335 154 61 finem,
864 1335 138 61 habet
956 1335 169 61 speciem
1079 1335 138 61 omnis
1171 1335 138 61 actio
1263 1335 138 61 etiam
1355 1335 169 61 moralis
1478 1335 200 61 entitatis
1632 1335 77 61 &
1662 1335 200 61 bonitatis
1816 1335 123 61 suae
1878 1335 61 61 cu

146 1391 187 57 iuslibet
286 1391 93 57 ab
333 1391 187 57 obiecto:
473 1391 93 57 vt
520 1391 109 57 per
582 1391 124 57 suam
660 1391 171 57 speciem
784 1391 187 57 existens
924 1391 93 57 in
971 1391 140 57 mente
1064 1391 109 57 est
1126 1391 218 57 principium
1297 1391 202 57 actionis.
1453 1391 156 57 Tertio
1562 1391 124 57 modo
1640 1391 140 57 domus
1733 1391 124 57 suam
1795 1391 140 57 speciem

137 1445 79 67 &
169 1445 159 67 formam
280 1445 95 67 ha
328 1445 95 67 ab
375 1445 254 67 aedificatore
582 1445 222 67 imprimente
756 1445 111 67 eam
820 1445 159 67 lignis
931 1445 79 67 &
963 1445 206 67 lapidibus
1121 1445 111 67 per
1185 1445 143 67 eorum
1280 1445 143 67 situm
1375 1445 159 67 varium
1487 1445 79 67 &
1518 1445 191 67 ordinem.
1661 1445 79 67 &
1693 1445 111 67 hoc
1756 1445 127 67 modo
1820 1445 111 67 etiam

143 1495 194 62 quaelibet
292 1495 134 62 actio
381 1495 134 62 etiam
471 1495 164 62 moralis
590 1495 194 62 entitatem
739 1495 74 62 &
769 1495 164 62 speciem
888 1495 134 62 omnis
977 1495 179 62 bonitati
1112 1495 119 62 suae
1186 1495 89 62 ha
1231 1495 89 62 ab
1275 1495 149 62 agente
1380 1495 119 62 eam:
1454 1495 74 62 &
1484 1495 104 62 est
1544 1495 134 62 agens
1633 1495 119 62 ille
1708 1495 179 62 voluntas
1842 1495 89 62 ex
1871 1495 60 62 so

137 1550 93 60 lo
183 1550 155 60 libero
291 1550 201 60 arbitrio.
446 1550 108 60 Sed
508 1550 93 60 vt
555 1550 139 60 actio
648 1550 170 60 moralis
772 1550 139 60 etiam
865 1550 108 60 sit
927 1550 186 60 gratuita
1066 1550 77 60 &
1097 1550 201 60 meritoria
1252 1550 139 60 vitae
1345 1550 201 60 aeternae,
1500 1550 124 60 eget
1578 1550 124 60 fide
1655 1550 186 60 operante
1795 1550 108 60 per
1857 1550 108 60 di-

145 1606 187 60 lectionem
288 1606 86 60 vt
331 1606 143 60 dictum
432 1606 115 60 est.
503 1606 100 60 Sed
561 1606 86 60 de
604 1606 115 60 modo
675 1606 115 60 isto
747 1606 158 60 habendi
862 1606 158 60 speciem
977 1606 86 60 ha
1020 1606 172 60 quaestio
1149 1606 244 60 difficultatem
1350 1606 129 60 suam:
1436 1606 158 60 propter
1551 1606 115 60 quam
1622 1606 86 60 vt
1665 1606 172 60 existimo
1795 1606 115 60 fuit
1866 1606 100 60 pro

145 1658 158 69 posita.
260 1658 144 69 Dicunt
360 1658 115 69 enim
432 1658 144 69 aliqui
533 1658 115 69 quod
605 1658 86 69 in
648 1658 287 69 intellectualibus
892 1658 144 69 semper
993 1658 129 69 actio
1079 1658 201 69 voluntatis
1237 1658 172 69 sequitur
1366 1658 144 69 formam
1467 1658 216 69 intellectus
1639 1658 158 69 tanquam
1754 1658 158 69 agentis
1869 1658 101 69 pro

144 1712 122 60 ximi
220 1712 76 60 &
251 1712 107 60 per
312 1712 107 60 se,
373 1712 183 60 secundum
510 1712 122 60 quod
586 1712 153 60 tactum
693 1712 107 60 est
754 1712 137 60 supra
846 1712 92 60 in
892 1712 137 60 prima
983 1712 214 60 quaestione
1151 1712 92 60 de
1197 1712 183 60 angelis.
1335 1712 122 60 Quod
1411 1712 198 60 nequaquam
1564 1712 137 60 verum
1655 1712 122 60 est.
1732 1712 107 60 Non
1793 1712 92 60 nm
1823 1712 107 60 forma

146 1771 178 62 actionis
280 1771 208 62 voluntatis
443 1771 178 62 sequitur
577 1771 149 62 formam
681 1771 238 62 intellectus:
874 1771 134 62 sicut
963 1771 149 62 causam
1067 1771 104 62 per
1127 1771 89 62 se
1171 1771 74 62 &
1201 1771 163 62 propter
1320 1771 119 62 quam
1394 1771 119 62 sic.
1468 1771 89 62 Si
1513 1771 134 62 tamen
1602 1771 104 62 eam
1662 1771 178 62 sequatur
1780 1771 149 62 voluntas

143 1818 93 69 in
189 1818 108 69 sua
251 1818 186 69 actione,
390 1818 108 69 hoc
452 1818 108 69 non
514 1818 108 69 est
576 1818 124 69 nisi
653 1818 139 69 sicut
746 1818 155 69 causam
855 1818 124 69 fine
932 1818 124 69 quam
1009 1818 124 69 non:
1087 1818 139 69 sicut
1180 1818 170 69 saepius
1303 1818 248 69 declarauimus
1505 1818 155 69 alibi:
1613 1818 77 69 &
1644 1818 139 69 etiam
1721 1818 217 69 declarabitur

140 1880 141 65 adhuc
234 1880 94 65 in
281 1880 188 65 sequenti
422 1880 234 65 quaestione.
609 1880 109 65 lta
672 1880 141 65 etiam
766 1880 125 65 quod
844 1880 188 65 voluntas
984 1880 141 65 agens
1078 1880 203 65 moraliter
1235 1880 125 65 bene
1313 1880 156 65 potest
1422 1880 141 65 agere
1516 1880 156 65 libero
1625 1880 188 65 arbitrio
1766 1880 156 65 contra
1860 1880 78 65 for

142 1921 106 76 mam
203 1921 198 76 rationis:
355 1921 137 76 licet
446 1921 137 76 secus
537 1921 106 76 sit
598 1921 91 76 de
644 1921 198 76 voluntate
796 1921 152 76 agente
902 1921 274 76 artificialiter
1131 1921 91 76 in
1176 1921 289 76 artificialibus.
1420 1921 137 76 Licet
1511 1921 122 76 enim
1587 1921 91 76 in
1633 1921 213 76 agibilibus
1800 1921 76 76 &
1815 1921 122 76 morali

145 1982 115 63 bus
210 1982 82 63 a
243 1982 148 63 forma
342 1982 197 63 rationis
490 1982 214 63 nequaquam
654 1982 181 63 dicenda
786 1982 115 63 sit
851 1982 197 63 voluntas
999 1982 115 63 aut
1065 1982 148 63 actio
1164 1982 131 63 eius
1246 1982 164 63 habere
1361 1982 164 63 formam
1476 1982 82 63 &
1509 1982 181 63 speciem
1640 1982 214 63 bonitatis
1788 1982 148 63 moralis

143 2034 92 65 vt
189 2034 92 65 ab
235 2034 123 65 illa
312 2034 185 65 voluntas
451 2034 169 65 dicatur
574 2034 123 65 bona
651 2034 185 65 bonitate
789 2034 169 65 morali,
912 2034 108 65 aut
974 2034 123 65 eius
1051 2034 154 65 actio:
1159 2034 139 65 neque
1251 2034 123 65 ipse
1328 2034 139 65 agens
1421 2034 139 65 talem
1513 2034 185 65 actionem
1651 2034 123 65 tali
1728 2034 200 65 voluntate
1882 2034 92 65 di

141 2092 135 58 catur
231 2092 90 58 ab
276 2092 120 58 illa
350 2092 135 58 bonus
440 2092 179 58 moralis:
575 2092 90 58 in
620 2092 239 58 factibilibus
814 2092 135 58 tamen
904 2092 75 58 &
934 2092 269 58 artificialibus
1158 2092 75 58 a
1188 2092 135 58 forma
1278 2092 179 58 rationis
1412 2092 165 58 dicitur
1532 2092 179 58 voluntas
1667 2092 75 58 &
1697 2092 135 58 actio
1786 2092 120 58 eius
1861 2092 105 58 ha-

133 2137 126 62 bere
212 2137 157 62 formam
322 2137 79 62 &
353 2137 173 62 speciem
479 2137 220 62 bonitatis:
652 2137 94 62 vt
699 2137 94 62 ab
746 2137 126 62 illa
825 2137 173 62 dicatur
950 2137 189 62 voluntas
1092 2137 126 62 bona
1170 2137 189 62 bonitate
1312 2137 157 62 artis:
1422 2137 79 62 &
1453 2137 141 62 agens
1547 2137 110 62 per
1610 2137 220 62 voluntatem
1783 2137 141 62 bonus
1877 2137 94 62 ar

141 2200 149 62 tifex:
246 2200 75 62 &
276 2200 194 62 similiter
425 2200 134 62 actio
515 2200 120 62 bona
589 2200 75 62 &
619 2200 254 62 artificialis.
828 2200 90 62 Ad
873 2200 134 62 cuius
963 2200 194 62 pleniorem
1112 2200 224 62 intellectum
1292 2200 105 62 est
1351 2200 194 62 sciendum:
1501 2200 120 62 quod
1575 2200 179 62 secundum
1710 2200 120 62 Aui.
1785 2200 105 62 vi.
1829 2200 105 62 Meta-

153 2246 177 72 physicae
286 2246 132 72 finis
374 2246 103 72 qui
433 2246 206 72 acquiritur
595 2246 88 72 ex
639 2246 162 72 actione
757 2246 162 72 agentis
874 2246 88 72 in
919 2246 265 72 artificialibus
1139 2246 147 72 duplex
1242 2246 118 72 est.
1316 2246 118 72 vnus
1389 2246 103 72 qui
1448 2246 103 72 est
1507 2246 132 72 forma
1596 2246 88 72 in
1640 2246 177 72 patiente
1757 2246 177 72 susceptibi

142 2302 87 64 li
186 2302 189 64 actionis:
332 2302 73 64 &
361 2302 131 64 alter
448 2302 102 64 qui
507 2302 102 64 non
565 2302 102 64 est
623 2302 131 64 forma
710 2302 87 64 in
754 2302 248 64 susceptibili:
958 2302 102 64 sed
1016 2302 102 64 est
1075 2302 175 64 intentio
1206 2302 160 64 quaedam
1322 2302 87 64 in
1366 2302 204 64 cognitione
1526 2302 175 64 agentis.
1657 2302 175 64 Exemplum
1788 2302 131 64 primi
1861 2302 73 64 est

145 2355 142 70 sicut
240 2355 142 70 forma
335 2355 142 70 domus
430 2355 95 70 in
477 2355 174 70 materia
604 2355 158 70 domus,
714 2355 127 70 quae
794 2355 111 70 est
857 2355 142 70 finis
952 2355 174 70 agentis
1078 2355 95 70 ad
1126 2355 127 70 quem
1205 2355 190 70 peruenit
1347 2355 127 70 eius
1426 2355 142 70 actio
1521 2355 79 70 &
1553 2355 127 70 eius
1632 2355 158 70 motus:
1742 2355 79 70 &
1774 2355 111 70 est
1821 2355 111 70 finis

145 2409 172 69 agentis
271 2409 219 69 propinquus
443 2409 219 69 contingens
616 2409 141 69 motum
710 2409 204 69 materiae.
866 2409 188 69 Exemplum
1007 2409 172 69 secundi
1133 2409 110 69 est
1195 2409 141 69 sicut
1289 2409 204 69 habitatio
1446 2409 125 69 quae
1525 2409 110 69 est
1587 2409 219 69 principium
1760 2409 157 69 mouens
1869 2409 94 69 ad

149 2465 200 65 essendum
300 2465 150 65 domum
400 2465 134 65 siue
483 2465 100 65 ad
533 2465 117 65 hoc
600 2465 100 65 vt
650 2465 117 65 sit
717 2465 167 65 domus:
834 2465 83 65 &
867 2465 150 65 nullo
967 2465 134 65 modo
1051 2465 117 65 est
1117 2465 150 65 forma
1217 2465 167 65 domus:
1334 2465 117 65 sed
1401 2465 117 65 est
1468 2465 150 65 finis
1568 2465 184 65 remotus
1701 2465 167 65 ipsius
1801 2465 134 65 artifi

145 2520 111 68 cis
209 2520 175 68 agentis
336 2520 159 68 domum,
447 2520 143 68 licet
542 2520 111 68 sit
605 2520 143 68 finis
700 2520 222 68 propinquus
875 2520 190 68 volentis
1018 2520 222 68 inhabitare
1192 2520 159 68 domum,
1303 2520 143 68 cuius
1399 2520 206 68 econverso
1557 2520 143 68 finis
1652 2520 175 68 remotus
1779 2520 111 68 est
1827 2520 111 68 forma

143 2581 141 56 domus
237 2581 94 56 in
284 2581 188 56 materia,
425 2581 188 56 intantum
565 2581 125 56 quod
644 2581 125 56 ille
722 2581 141 56 cuius
816 2581 109 56 non
878 2581 109 56 est
941 2581 141 56 finis
1034 2581 141 56 forma
1128 2581 94 56 in
1175 2581 188 56 materia,
1316 2581 109 56 non
1378 2581 109 56 sit
1441 2581 219 56 principium
1613 2581 219 56 propinquum
1785 2581 141 56 motui
1878 2581 94 56 in

155 2622 165 70 quantum
275 2622 105 70 sic
335 2622 120 70 est.
409 2622 120 70 Quia
484 2622 90 70 si
529 2622 120 70 ille
604 2622 120 70 idem
679 2622 135 70 cuius
768 2622 135 70 finis
858 2622 105 70 est
918 2622 135 70 forma
1008 2622 90 70 in
1053 2622 165 70 materia
1172 2622 105 70 sit
1232 2622 120 70 ille
1307 2622 135 70 cuius
1397 2622 135 70 finis
1486 2622 105 70 est
1546 2622 135 70 forma
1636 2622 105 70 non
1696 2622 90 70 in
1741 2622 179 70 materia,
1860 2622 75 70 hoc

152 2674 102 64 est
210 2674 102 64 per
268 2674 203 64 accramens.
427 2674 131 64 sicut
514 2674 102 64 cum
572 2674 160 64 aliquis
688 2674 174 64 fabricat
819 2674 131 64 domum
905 2674 87 64 vt
949 2674 189 64 inhabitet
1094 2674 87 64 in
1138 2674 102 64 ea.
1196 2674 116 64 tunc
1268 2674 116 64 enim
1341 2674 203 64 inquisitio
1500 2674 218 64 hintationis
1674 2674 160 64 inducit
1790 2674 87 64 ad
1819 2674 116 64 fabri-

147 2738 175 63 candum
270 2738 140 63 eam:
358 2738 105 63 et
410 2738 123 63 est
481 2738 158 63 causa
586 2738 158 63 prima
691 2738 245 63 fabricandi
884 2738 228 63 inquantum
1059 2738 123 63 est
1129 2738 263 63 fabricator:
1340 2738 88 63 &
1375 2738 123 63 est
1445 2738 210 63 causatum
1603 2738 228 63 inquantum
1778 2738 123 63 est
1831 2738 105 63 inha

148 2781 178 65 bitator:
282 2781 89 65 vt
326 2781 178 65 secundum
460 2781 104 65 hoc
519 2781 163 65 proprie
638 2781 178 65 loquendo
772 2781 134 65 alius
861 2781 104 65 est
920 2781 134 65 finis
1009 2781 119 65 eius
1084 2781 193 65 inquantum
1232 2781 104 65 est
1292 2781 208 65 fabricator
1455 2781 178 65 scilicet
1588 2781 134 65 forma
1678 2781 148 65 domus,
1782 2781 104 65 etu
1826 2781 104 65 alius

152 2831 195 73 inquantum
302 2831 105 73 est
362 2831 195 73 inhitator
511 2831 180 73 scilicet
646 2831 224 73 inhabitatio
826 2831 150 73 domus.
930 2831 90 73 De
975 2831 120 73 fine
1050 2831 135 73 autem
1140 2831 120 73 quod
1215 2831 105 73 est
1274 2831 135 73 forma
1364 2831 90 73 in
1409 2831 180 73 materia,
1544 2831 105 73 est
1604 2831 224 73 aduertendum
1768 2831 165 73 similiter

157 2899 124 62 quod
234 2899 186 62 secundum
373 2899 201 62 Auicennam
528 2899 170 62 ibidem:
652 2899 124 62 ipse
730 2899 263 62 comperationem
947 2899 139 62 habet
1040 2899 93 62 ad
1086 2899 155 62 multa,
1194 2899 124 62 quae
1272 2899 217 62 praecedunt
1442 2899 108 62 eum
1504 2899 186 62 secundum
1644 2899 124 62 eius
1706 2899 232 62 acquisitionem

147 2953 100 60 in
197 2953 201 60 effectu,
348 2953 100 60 et
398 2953 100 60 in
449 2953 151 60 esse:
549 2953 151 60 primo
649 2953 100 60 ad
700 2953 201 60 agentis:
850 2953 184 60 secundo
984 2953 100 60 ad
1034 2953 234 60 recipiens,
1218 2953 117 60 cum
1285 2953 151 60 ipsum
1386 2953 117 60 est
1453 2953 100 60 in
1503 2953 218 60 potentia:
1670 2953 167 60 Tertio
1787 2953 100 60 ad
1838 2953 100 60 id
1871 2953 67 60 vt

154 2999 110 68 iam
217 2999 110 68 est
280 2999 94 68 in
327 2999 173 68 effectu
453 2999 220 68 recipiens:
625 2999 157 68 Quarto
735 2999 94 68 ad
782 2999 157 68 motum.
892 2999 94 68 Et
939 2999 188 68 respectu
1081 2999 173 68 agentis
1206 2999 251 68 consideratus
1410 2999 110 68 est
1473 2999 157 68 finis:
1583 2999 188 68 respectu
1724 2999 141 68 motus
1818 2999 110 68 est
1866 2999 78 68 ter

147 3065 168 63 minus,
265 3065 201 63 respectu
415 3065 134 63 vero
499 3065 251 63 recipientis
700 3065 101 63 vt
751 3065 117 63 est
818 3065 101 63 in
868 3065 201 63 potentia
1019 3065 117 63 est
1086 3065 151 63 bonum
1187 3065 151 63 eius,
1287 3065 101 63 et
1337 3065 235 63 perfectio:
1522 3065 151 63 malum
1622 3065 151 63 autem
1723 3065 117 63 est
1773 3065 168 63 priuatio

141 3120 134 74 illi
225 3120 234 74 oppositum.
409 3120 201 74 respectu
559 3120 134 74 vero
643 3120 150 74 eius,
743 3120 100 74 vt
793 3120 117 74 est
860 3120 117 74 iam
927 3120 100 74 in
977 3120 201 74 effectu,
1128 3120 117 74 est
1195 3120 167 74 forma.
1312 3120 134 74 Quia
1395 3120 167 74 igitur
1512 3120 150 74 talis
1613 3120 167 74 forma,
1730 3120 100 74 vt
1780 3120 117 74 est
1847 3120 100 74 in
1880 3120 67 74 co
