2414 3755
486 261 234 73 affectata.
670 261 117 73 Sed
737 261 150 73 valde
837 261 267 73 inconueniens
1054 261 117 73 est
1120 261 200 73 denegare
1271 261 184 73 homini,
1404 261 134 73 quod
1488 261 200 73 pertinet
1638 261 100 73 ad
1688 261 134 73 eius
1771 261 234 73 digniatem:
1955 261 117 73 cum
2022 261 117 73 hoc
2072 261 200 73 attribuere

491 335 95 68 ei
539 335 95 68 in
586 335 142 68 nullo
680 335 173 68 derogat
806 335 126 68 eis,
885 335 126 68 quae
964 335 126 68 sunt
1043 335 158 68 fidei,
1153 335 110 68 aut
1216 335 158 68 morum:
1326 335 126 68 immo
1405 335 142 68 valet
1500 335 95 68 ad
1547 335 142 68 illa,
1642 335 126 68 quae
1720 335 126 68 sunt
1799 335 158 68 morum.
1910 335 126 68 ergo
1988 335 110 68 &c.
2051 335 95 68 Si
2099 335 142 68 forte
2193 335 110 68 di-

489 391 164 68 catur,
603 391 131 68 quod
685 391 164 68 potest
800 391 148 68 illud
899 391 164 68 nolle,
1014 391 148 68 licet
1112 391 115 68 non
1178 391 180 68 statim,
1309 391 131 68 quia
1391 391 180 68 liberum
1522 391 148 68 manet
1621 391 213 68 arbitrium
1785 391 115 68 quo
1850 391 98 68 ad
1900 391 230 68 exercitium
2080 391 164 68 actus,
2195 391 115 68 quo

498 442 120 72 pont
573 442 210 72 praecipere
738 442 225 72 intellectui
918 442 90 72 vt
963 442 195 72 deliberet
1113 442 90 72 de
1158 442 135 72 illo,
1248 442 105 72 vel
1308 442 105 72 non
1368 442 225 72 praecipere,
1548 442 120 72 etsi
1623 442 225 72 praeciperet
1803 442 90 72 vt
1848 442 210 72 deliberet,
2013 442 120 72 post
2073 442 195 72 deliberatio

495 501 111 70 nem
559 501 175 70 habitam
686 501 159 70 potest
798 501 239 70 intellectus
989 501 191 70 iudicare
1132 501 143 70 illud
1228 501 111 70 non
1291 501 207 70 volendum,
1451 501 80 70 &
1483 501 127 70 tunc
1562 501 127 70 pont
1642 501 191 70 voluntas
1785 501 143 70 illud
1881 501 159 70 velle,
1992 501 80 70 &
2024 501 159 70 nolle,
2136 501 80 70 &
2168 501 111 70 sic
2215 501 64 70 ma

492 557 108 70 net
553 557 170 70 libera:
677 557 108 70 Hoc
739 557 108 70 non
801 557 186 70 sufficit
940 557 93 70 ad
986 557 201 70 perfectam
1141 557 217 70 libertatem
1311 557 201 70 arbitrii,
1466 557 124 70 quia
1543 557 108 70 iam
1605 557 217 70 dependeret
1775 557 77 70 a
1806 557 201 70 libertate
1961 557 186 70 rationis
2100 557 93 70 de
2131 557 139 70 iudicam

485 619 94 56 do
532 619 141 56 illud
626 619 125 56 esse
704 619 203 56 volendum,
861 619 109 56 vel
923 619 125 56 non.
1001 619 125 56 Immo
1080 619 188 56 oportet,
1220 619 125 56 quod
1298 619 109 56 sit
1361 619 188 56 libertas
1502 619 188 56 arbitrii
1643 619 94 56 ab
1689 619 156 56 initio
1799 619 156 56 primae
1908 619 250 56 ostensionis.
2112 619 188 56 secundum

487 664 117 69 quod
560 664 160 69 plenius
677 664 204 69 declaratum
837 664 102 69 est
896 664 87 69 in
939 664 175 69 Quolibet
1071 664 233 69 praecedente.
1260 664 117 69 xii.
1333 664 190 69 scilicet.
1479 664 131 69 Etiam
1566 664 146 69 dictum
1669 664 102 69 hoc
1727 664 102 69 non
1785 664 131 69 valet
1873 664 117 69 eis,
1946 664 117 69 quia
2019 664 175 69 voluntas
2150 664 117 69 post
2208 664 73 69 pri

486 721 103 62 mam
545 721 222 62 ostensionem
723 721 162 62 obiecti
841 721 103 62 non
900 721 148 62 potest
1003 721 207 62 praecipere
1166 721 222 62 intellectui
1343 721 89 62 vt
1387 721 207 62 deliberet,
1549 721 118 62 nisi
1623 721 177 62 volendo,
1756 721 133 62 neque
1845 721 207 62 praecipere
2007 721 89 62 vt
2052 721 103 62 non
2096 721 177 62 deliberet,

479 774 124 63 nisi
557 774 187 63 nolendo.
697 774 109 63 Est
760 774 124 63 ergo
837 774 93 63 ex
884 774 124 63 pria
962 774 218 63 ostensione
1133 774 156 63 libera
1242 774 93 63 ad
1289 774 187 63 volendum
1429 774 233 63 intellectum
1615 774 233 63 deliberare,
1802 774 109 63 vel
1864 774 109 63 non
1927 774 233 63 deliberare.
2113 774 93 63 Et
2145 774 124 63 quaero

486 828 128 71 vtrum
571 828 128 71 illud
656 828 128 71 velit
742 828 170 71 voluntas
869 828 199 71 affectata,
1026 828 85 71 an
1068 828 99 71 non
1125 828 199 71 affectata.
1281 828 85 71 Si
1324 828 99 71 non
1381 828 199 71 affectata,
1537 828 128 71 habeo
1622 828 199 71 propositm.
1779 828 170 71 scilicet
1907 828 114 71 quod
1978 828 156 71 aliquid
2091 828 114 71 vult
2162 828 142 71 adquid

478 887 100 59 non
535 887 100 59 est
592 887 201 59 affectata.
750 887 86 59 Si
793 887 100 59 sic
851 887 72 59 &
879 887 158 59 necesse
994 887 100 59 est
1052 887 86 59 si
1095 887 158 59 aliquid
1209 887 129 59 velit
1295 887 115 59 quod
1367 887 129 59 velit
1453 887 129 59 illud
1539 887 86 59 ad
1582 887 115 59 quod
1654 887 100 59 est
1711 887 201 59 affectata,
1869 887 115 59 ergo
1941 887 100 59 non
1998 887 143 59 posset
2099 887 129 59 nolle
2171 887 100 59 intel

477 941 152 57 lectum
583 941 229 57 deliberare,
766 941 122 57 quia
843 941 137 57 nolle
934 941 107 57 hoc
995 941 107 57 cum
1056 941 107 57 sit
1117 941 137 57 velle
1208 941 107 57 non
1269 941 107 57 hoc
1330 941 107 57 est
1391 941 168 57 aliquam
1513 941 183 57 volitio,
1650 941 137 57 licet
1742 941 137 57 circa
1833 941 183 57 obiectum
1970 941 183 57 negatum:
2107 941 137 57 sicut
2184 941 91 57 vel-

483 994 85 77 le
525 994 100 77 hoc
582 994 100 77 est
639 994 142 77 aliqua
739 994 156 77 volitio
852 994 128 77 circa
938 994 171 77 obiectum
1066 994 213 77 affirmatum.
1236 994 71 77 &
1265 994 128 77 tamen
1350 994 171 77 voluntas
1478 994 85 77 ad
1521 994 128 77 illud
1606 994 128 77 nolle
1691 994 100 77 non
1748 994 142 77 potest
1848 994 114 77 esse
1919 994 199 77 affectata,
2075 994 114 77 quia
2146 994 100 77 non
2189 994 85 77 affe

478 1057 144 68 ctione
578 1057 129 68 illa,
664 1057 115 68 quam
736 1057 115 68 vult
808 1057 201 68 positiuum,
966 1057 115 68 quia
1038 1057 115 68 tunc
1110 1057 129 68 eadem
1196 1057 172 68 affectio
1325 1057 129 68 esset
1411 1057 244 68 contrariorum,
1612 1057 115 68 quid
1684 1057 101 68 est
1742 1057 215 68 ipossibile.
1914 1057 115 68 quia
1986 1057 201 68 dispositio
2144 1057 101 68 vna
2201 1057 72 68 &
2216 1057 57 68 ea

484 1108 98 70 dem
540 1108 182 70 naturalis
680 1108 98 70 non
736 1108 98 70 est
792 1108 84 70 ad
833 1108 196 70 contraria,
987 1108 98 70 nec
1043 1108 126 70 eadem
1127 1108 196 70 dispositio
1281 1108 168 70 naturaul
1406 1108 140 70 potest
1504 1108 112 70 esse
1574 1108 140 70 ratio,
1672 1108 112 70 quae
1742 1108 154 70 aliquid
1854 1108 224 70 determinetur
2035 1108 84 70 ad
2077 1108 196 70 contraria.
2217 1108 56 70 Il

487 1162 94 56 la
534 1162 140 56 autem
628 1162 218 56 dispositio
799 1162 109 56 seu
861 1162 187 56 influxus
1002 1162 94 56 ab
1048 1162 171 56 obiecto
1173 1162 109 56 non
1235 1162 171 56 ponitur
1360 1162 94 56 ab
1407 1162 109 56 eis
1469 1162 94 56 in
1516 1162 203 56 voluntate
1672 1162 125 56 nisi
1750 1162 171 56 propter
1874 1162 249 56 determinatam
2061 1162 203 56 volitionem.

487 1214 119 64 ltem
561 1214 134 64 neque
650 1214 89 64 in
695 1214 178 64 influxu,
828 1214 104 64 seu
888 1214 208 64 affectione
1051 1214 134 64 alia,
1140 1214 104 64 vel
1199 1214 208 64 contraria,
1363 1214 119 64 quia
1437 1214 119 64 illa
1511 1214 104 64 non
1571 1214 148 64 potest
1674 1214 134 64 poni,
1763 1214 104 64 non
1823 1214 119 64 enim
1897 1214 163 64 haberet
2016 1214 74 64 a
2045 1214 104 64 quo
2090 1214 178 64 causaretur

488 1272 91 65 in
533 1272 212 65 voluntate,
700 1272 121 65 quia
775 1272 106 65 non
836 1272 76 65 a
866 1272 136 65 forma
957 1272 166 65 obiecti
1078 1272 136 65 circa
1169 1272 242 65 intellectum.
1365 1272 106 65 Nam
1426 1272 121 65 illa
1501 1272 106 65 est
1562 1272 136 65 vnica
1653 1272 166 65 tantum,
1774 1272 121 65 quia
1849 1272 136 65 vnius
1940 1272 182 65 obiecti,
2076 1272 121 65 quid
2152 1272 106 65 cum
2197 1272 76 65 sit

481 1324 191 68 naturale
624 1324 159 68 agens,
736 1324 111 68 non
799 1324 159 68 potest
910 1324 175 68 causare
1038 1324 127 68 nisi
1117 1324 159 68 vnicum
1228 1324 207 68 influxum,
1388 1324 111 68 seu
1451 1324 239 68 affectionem
1642 1324 95 68 in
1690 1324 223 68 voluntate,
1865 1324 80 68 &
1896 1324 207 68 nequaquam
2055 1324 207 68 diuersas,
2198 1324 80 68 seu

488 1387 237 62 contrarias.
678 1387 142 62 Quare
773 1387 111 62 cum
836 1387 95 62 ab
883 1387 126 62 illa
962 1387 142 62 forma
1057 1387 174 62 obiecti
1184 1387 142 62 circa
1278 1387 237 62 intellectum
1468 1387 190 62 causetur
1610 1387 205 62 affectio,
1768 1387 111 62 seu
1832 1387 205 62 influxus,
1990 1387 111 62 quo
2053 1387 190 62 voluntas
2179 1387 95 62 vult

495 1445 224 64 positiuum,
671 1445 96 64 ab
719 1445 128 64 illa
799 1445 112 64 non
864 1445 176 64 poterit
992 1445 176 64 causari
1120 1445 192 64 infiuxus
1264 1445 112 64 quo
1328 1445 144 64 nolit
1425 1445 160 64 illud,
1537 1445 112 64 seu
1601 1445 112 64 quo
1665 1445 144 64 velit
1761 1445 224 64 negatiuum.
1937 1445 96 64 Si
1986 1445 176 64 dicatur
2114 1445 128 64 quod
2178 1445 96 64 immo

487 1500 150 66 eadem
587 1500 233 66 affectione
770 1500 116 66 seu
837 1500 183 66 influxu
970 1500 116 66 quo
1036 1500 166 66 potest
1153 1500 133 66 ipsa
1236 1500 200 66 voluntas
1385 1500 150 66 velle
1485 1500 116 66 hoc
1552 1500 249 66 affirmatiue
1751 1500 133 66 puta
1835 1500 166 66 dulce,
1951 1500 166 66 potest
2067 1500 150 66 etiam
2151 1500 116 66 nolle

485 1548 143 59 illud
580 1548 111 59 vel
644 1548 143 59 velle
739 1548 111 59 non
803 1548 143 59 illud
898 1548 206 59 negatiue,
1057 1548 191 59 loquendo
1200 1548 95 59 de
1247 1548 127 59 bono
1327 1548 127 59 quod
1406 1548 111 59 est
1470 1548 95 59 ad
1518 1548 159 59 finem.
1629 1548 222 59 Intellectu
1803 1548 127 59 enim
1883 1548 127 59 tale
1962 1548 143 59 bonum
2058 1548 159 59 potest
2153 1548 111 59 agere

490 1600 246 71 dispositionem
692 1600 159 71 aliquam
808 1600 87 71 in
852 1600 203 71 voluntate,
1011 1600 116 71 quod
1084 1600 116 71 ipsa
1156 1600 246 71 determinetur,
1359 1600 101 71 seu
1417 1600 203 71 determinet
1576 1600 87 71 se
1620 1600 217 71 simpliciter
1794 1600 87 71 ad
1837 1600 174 71 volendum
1968 1600 116 71 tale
2040 1600 145 71 bonum,
2142 1600 159 71 quoniam

483 1666 82 64 &
515 1666 131 64 illa
597 1666 180 64 stante,
728 1666 82 64 &
761 1666 147 64 nulla
859 1666 131 64 alia
941 1666 180 64 influxa
1071 1666 164 64 possit
1186 1666 147 64 illud
1284 1666 164 64 nolle,
1398 1666 82 64 &
1431 1666 147 64 velle
1529 1666 131 64 non,
1611 1666 213 64 negatiue.
1774 1666 98 64 et
1824 1666 114 64 hoc
1889 1666 180 64 propter
2003 1666 262 64 imperfectionem

483 1729 143 55 talis
579 1729 143 55 boni.
674 1729 143 55 Secus
770 1729 143 55 autem
866 1729 112 55 est
929 1729 96 55 de
977 1729 127 55 bono
1057 1729 127 55 quod
1136 1729 112 55 est
1200 1729 159 55 finis.
1312 1729 175 55 Attamen
1439 1729 96 55 si
1487 1729 143 55 velit
1583 1729 175 55 aliquid
1710 1729 207 55 positiuum
1870 1729 159 55 aliud,
1981 1729 175 55 oportet
2109 1729 127 55 quod
2172 1729 96 55 alia

487 1765 244 62 dispositio
678 1765 122 62 seu
748 1765 209 62 influxus
905 1765 122 62 sit
974 1765 209 62 causatus
1131 1765 104 62 in
1183 1765 104 62 ea
1235 1765 104 62 ab
1288 1765 139 62 alio
1375 1765 139 62 bono
1462 1765 209 62 cognito.
1619 1765 122 62 Sed
1688 1765 174 62 contra
1810 1765 157 62 istud
1915 1765 192 62 dictum,
2054 1765 122 62 quo
2124 1765 104 62 ad
2159 1765 104 62 pri-

486 1823 116 71 mum,
558 1823 101 71 est
616 1823 87 71 id
659 1823 116 71 quod
732 1823 145 71 statim
833 1823 130 71 supra
920 1823 159 71 argutum
1036 1823 101 71 est
1094 1823 174 71 scilicet
1225 1823 116 71 quod
1297 1823 116 71 ista
1370 1823 203 71 dispositio
1529 1823 87 71 in
1572 1823 203 71 voluntate,
1732 1823 101 71 cum
1790 1823 101 71 sit
1848 1823 145 71 vnica,
1949 1823 145 71 quando
2051 1823 116 71 vnum
2123 1823 130 71 solum
2196 1823 72 71 est

487 1881 203 60 ostensum,
643 1881 78 60 &
675 1881 218 60 naturalis,
846 1881 109 60 non
909 1881 172 60 poterit
1033 1881 156 60 igitur
1143 1881 125 60 esse
1221 1881 109 60 cam
1283 1881 187 60 seuratio
1424 1881 234 60 coelicitiua
1611 1881 140 60 actus
1704 1881 172 60 volendi
1829 1881 109 60 non
1892 1881 125 60 hoc,
1970 1881 109 60 seu
2032 1881 140 60 circa
2110 1881 156 60 obiectum

483 1933 200 63 negatum,
633 1933 117 63 cum
700 1933 133 63 ipsa
783 1933 117 63 sit
850 1933 233 63 dispositio
1033 1933 250 63 coelicitiua
1233 1933 150 63 actus
1333 1933 183 63 volendi
1466 1933 150 63 circa
1566 1933 200 63 obiectum
1716 1933 250 63 affirmatum,
1915 1933 100 63 vt
1965 1933 183 63 dicunt.
2098 1933 133 63 haec
2165 1933 100 63 enim

488 1987 239 63 dispositio,
680 1987 112 63 cum
743 1987 112 63 sit
807 1987 96 63 ab
855 1987 160 63 agente
967 1987 191 63 naturali
1110 1987 191 63 influxa,
1254 1987 128 63 puta
1334 1987 96 63 ab
1382 1987 176 63 obiecto
1509 1987 191 63 cognito,
1653 1987 112 63 est
1717 1987 223 63 naturalis.
1892 1987 144 63 Eadem
1988 1987 144 63 autem
2068 1987 191 63 dispositio

486 2033 183 79 naturalis
627 2033 99 79 non
683 2033 141 79 potest
782 2033 127 79 esse,
866 2033 84 79 vt
908 2033 141 79 dictum
1007 2033 113 79 est,
1077 2033 99 79 per
1134 2033 84 79 se
1176 2033 127 79 ratio
1260 2033 141 79 agendi
1359 2033 197 79 contraria.
1514 2033 141 79 igitur
1612 2033 113 79 illa
1683 2033 197 79 dispositio
1838 2033 84 79 si
1880 2033 113 79 est,
1950 2033 99 79 non
2006 2033 155 79 poterit
2119 2033 127 79 tamen
2190 2033 84 79 esse

487 2092 128 74 cam,
567 2092 112 74 seu
631 2092 144 74 ratio
727 2092 240 74 coelicitiua
920 2092 144 74 actus
1016 2092 176 74 volendi
1144 2092 144 74 circa
1240 2092 192 74 obiectum
1385 2092 192 74 negatum:
1529 2092 112 74 sed
1593 2092 96 74 si
1641 2092 128 74 est,
1721 2092 128 74 erit
1801 2092 96 74 vt
1849 2092 96 74 id
1897 2092 128 74 sine
1978 2092 112 74 quo
2042 2092 128 74 non.
2122 2092 128 74 ltem
2186 2092 80 74 per

495 2143 118 72 idem
569 2143 177 72 arguitur
702 2143 147 72 contra
805 2143 88 72 id
849 2143 118 72 quid
923 2143 147 72 addit,
1026 2143 118 72 quod
1100 2143 88 72 si
1144 2143 103 72 sit
1203 2143 133 72 circa
1291 2143 133 72 aliud
1380 2143 177 72 obiectum
1512 2143 206 72 affirmatum
1674 2143 206 72 requiritur
1837 2143 118 72 alia
1910 2143 177 72 affectio
2043 2143 206 72 specialis.
2190 2143 74 72 Nam

493 2209 132 66 actus
581 2209 161 66 volendi
699 2209 205 66 affirmatus
860 2209 147 66 potest
963 2209 117 66 esse
1036 2209 132 66 circa
1124 2209 191 66 obiectum,
1271 2209 117 66 quod
1344 2209 103 66 est
1402 2209 132 66 bonum
1490 2209 176 66 apparens
1622 2209 73 66 &
1652 2209 132 66 malum
1740 2209 235 66 simpliciter,
1930 2209 73 66 &
1960 2209 103 66 ita
2018 2209 132 66 actus
2106 2209 117 66 ille
2165 2209 88 66 erit

492 2262 138 68 actus
584 2262 138 68 malus
675 2262 245 68 simpliciter.
875 2262 214 68 econtrario
1043 2262 123 68 vero
1120 2262 138 68 actus
1211 2262 168 68 volendi
1334 2262 138 68 circa
1426 2262 123 68 idem
1502 2262 184 68 obiectum
1640 2262 168 68 negatum
1763 2262 123 68 erit
1839 2262 138 68 bonus
1931 2262 245 68 simpliciter.
2130 2262 92 68 Si
2176 2262 123 68 ergo

492 2311 131 68 bonum
580 2311 131 68 actum
667 2311 131 68 circa
755 2311 175 68 obiectum
886 2311 160 68 negatum
1003 2311 131 68 ponst
1090 2311 175 68 voluntas
1222 2311 160 68 elicere
1338 2311 146 68 absque
1440 2311 117 68 omni
1513 2311 204 68 affectione
1674 2311 219 68 coelicitiua
1849 2311 131 68 talis
1936 2311 146 68 actus,
2038 2311 117 68 quae
2111 2311 88 68 si
2140 2311 117 68 adsit,

488 2372 134 68 erit
572 2372 168 68 tantum
690 2372 134 68 sine
774 2372 118 68 qua
841 2372 134 68 non,
925 2372 151 68 multo
1026 2372 151 68 magis
1127 2372 134 68 ergo
1211 2372 151 68 malum
1311 2372 151 68 actum
1412 2372 151 68 circa
1513 2372 202 68 obiectum
1664 2372 235 68 affirmatum
1849 2372 185 68 poterit
1983 2372 185 68 elicere
2118 2372 101 68 ex
2151 2372 118 68 puris

486 2423 237 64 naturalibus
676 2423 158 64 absque
787 2423 127 64 omni
866 2423 222 64 affectione
1040 2423 253 64 coelicitiua,
1246 2423 95 64 vt
1293 2423 142 64 causa
1388 2423 174 64 propter
1515 2423 127 64 quam
1594 2423 127 64 sic:
1673 2423 79 64 &
1705 2423 95 64 si
1752 2423 158 64 adsit,
1863 2423 111 64 hoc
1927 2423 142 64 solum
2022 2423 142 64 erit,
2117 2423 142 64 vtcam
2196 2423 63 64 si

488 2486 95 64 ue
536 2486 111 64 qua
599 2486 127 64 non.
678 2486 95 64 Ex
725 2486 111 64 quo
789 2486 190 64 vlterius
931 2486 253 64 concluditur,
1137 2486 127 64 quod
1216 2486 95 64 si
1263 2486 190 64 dicatur,
1406 2486 95 64 si
1453 2486 190 64 voluntas
1596 2486 174 64 aliquid
1722 2486 158 64 velit,
1833 2486 127 64 quod
1912 2486 174 64 necesse
2039 2486 111 64 est
2102 2486 111 64 eam
2149 2486 111 64 velle

489 2532 101 73 id
540 2532 101 73 ad
590 2532 135 73 quod
675 2532 118 73 est
742 2532 236 73 affectata,
927 2532 152 73 quare
1029 2532 118 73 cum
1096 2532 118 73 non
1163 2532 118 73 sit
1231 2532 219 73 affectata
1399 2532 101 73 ad
1450 2532 152 73 nolle
1551 2532 118 73 id,
1618 2532 84 73 &
1652 2532 152 73 nolle
1753 2532 118 73 est
1821 2532 185 73 aliquid
1956 2532 169 73 velle,
2074 2532 135 73 ergo
2141 2532 118 73 nullo

481 2583 138 64 modo
567 2583 173 64 posset
688 2583 155 64 velle
792 2583 173 64 illud,
913 2583 86 64 &
947 2583 121 64 sic
1016 2583 190 64 omnino,
1154 2583 104 64 vt
1206 2583 173 64 prius,
1327 2583 242 64 tolleretur
1517 2583 190 64 liberum
1655 2583 242 64 arbitrium.
1845 2583 104 64 Et
1897 2583 121 64 per
1966 2583 138 64 idem
2052 2583 155 64 patet
2139 2583 138 64 falsi-

490 2644 102 64 tas
549 2644 131 64 eius,
636 2644 116 64 quid
709 2644 146 64 tactum
811 2644 102 64 est
869 2644 87 64 in
913 2644 160 64 secunda
1029 2644 146 64 cause.
1131 2644 175 64 scilicet
1262 2644 116 64 quod
1335 2644 175 64 voluntas
1466 2644 131 64 nihil
1553 2644 146 64 possit
1655 2644 146 64 velle,
1757 2644 87 64 ad
1800 2644 116 64 quod
1873 2644 102 64 non
1931 2644 102 64 est
1989 2644 204 64 affectata.
2150 2644 87 64 vt
2179 2644 87 64 enim

490 2699 118 66 iam
557 2699 168 66 dictum
675 2699 134 66 est,
759 2699 151 66 licet
860 2699 185 66 proprie
994 2699 202 66 loquendo
1146 2699 151 66 nolle
1247 2699 134 66 hoc,
1331 2699 118 66 vel
1398 2699 151 66 velle
1499 2699 118 66 non
1566 2699 134 66 hoc,
1650 2699 118 66 non
1717 2699 118 66 sit
1785 2699 151 66 velle
1885 2699 202 66 aliquid,
2037 2699 118 66 est
2104 2699 151 66 tamen
2188 2699 84 66 ali

492 2749 126 66 qua
564 2749 216 66 volitio,
726 2749 144 66 siue
817 2749 198 66 aliquis
961 2749 162 66 actus
1069 2749 271 66 voluntatis,
1286 2749 162 66 licet
1394 2749 162 66 circa
1502 2749 198 66 negatum
1647 2749 235 66 obiectum,
1827 2749 108 66 ad
1881 2749 144 66 quem
1971 2749 180 66 nullam
2098 2749 180 66 omnino
2224 2749 90 66 a

494 2802 226 70 fectionem
667 2802 208 70 requirit
823 2802 208 70 voluntas
980 2802 104 70 in
1032 2802 121 70 se.
1101 2802 87 70 &
1136 2802 121 70 non
1205 2802 156 70 solum
1309 2802 104 70 ad
1361 2802 156 70 talem
1465 2802 208 70 actionem
1622 2802 156 70 circa
1726 2802 208 70 obiectum
1882 2802 208 70 negatiue
2038 2802 121 70 non
2107 2802 208 70 requirit

495 2869 220 57 voluntas
659 2869 274 57 affectionem
879 2869 110 57 in
934 2869 128 57 se,
1007 2869 128 57 sed
1080 2869 165 57 etiam
1190 2869 110 57 in
1245 2869 110 57 se
1300 2869 183 57 nullam
1428 2869 220 57 requirit
1592 2869 110 57 ad
1647 2869 165 57 actum
1757 2869 256 57 volitionis
1958 2869 274 57 defectiuum,
2159 2869 110 57 puta

497 2911 125 71 qua
569 2911 143 71 vult
658 2911 250 71 relinquere
855 2911 250 71 iustitiam,
1051 2911 143 71 siue
1141 2911 125 71 non
1212 2911 197 71 tenere,
1355 2911 143 71 quam
1445 2911 179 71 potest
1570 2911 250 71 relinquere
1766 2911 161 71 etiam
1874 2911 197 71 volendo
2017 2911 161 71 bonum
2124 2911 107 71 vt
2160 2911 107 71 nunc

499 2960 135 75 quid
584 2960 118 75 est
651 2960 152 75 malum
753 2960 270 75 simpliciter,
972 2960 135 75 quia
1057 2960 101 75 ex
1108 2960 101 75 se
1158 2960 135 75 sola
1243 2960 169 75 potest
1361 2960 220 75 deficere.
1530 2960 203 75 Requirit
1682 2960 152 75 tamen
1784 2960 101 75 ad
1834 2960 152 75 illam
1936 2960 186 75 obiecti
2054 2960 220 75 ostensionem

500 3020 136 69 quia
585 3020 153 69 nihil
687 3020 136 69 pont
772 3020 204 69 voluntas
924 3020 170 69 velle,
1043 3020 136 69 nisi
1128 3020 221 69 cognitum.
1298 3020 119 69 lta
1366 3020 136 69 quod
1450 3020 102 69 si
1501 3020 119 69 non
1569 3020 119 69 sit
1637 3020 136 69 nisi
1722 3020 170 69 vnicum
1841 3020 204 69 secundum
1993 3020 136 69 vnam
2061 3020 204 69 circunstam

500 3074 143 66 tiam
590 3074 143 66 boni
679 3074 233 66 ostensum,
858 3074 125 66 non
930 3074 179 66 potest
1055 3074 161 66 velle
1162 3074 143 66 nisi
1252 3074 161 66 illud
1359 3074 197 66 tanquam
1502 3074 179 66 primum
1628 3074 89 66 &
1663 3074 125 66 per
1735 3074 107 66 se
1789 3074 215 66 obiectum
1950 3074 268 66 intellectus
2165 3074 89 66 &
2183 3074 89 66 co-

498 3130 204 64 gnitum.
647 3130 185 64 Potest
776 3130 167 64 tamen
887 3130 130 64 non
961 3130 185 64 velle,
1091 3130 93 64 &
1128 3130 167 64 nolle
1239 3130 185 64 illud,
1369 3130 111 64 si
1424 3130 130 64 sit
1498 3130 167 64 bonum
1609 3130 167 64 aliud
1721 3130 93 64 a
1758 3130 167 64 fine.
1869 3130 185 64 Potest
1998 3130 167 64 etiam
2091 3130 185 64 intelle-

492 3196 141 66 ctum
580 3196 158 66 velle
686 3196 281 66 considerare,
915 3196 88 66 &
950 3196 123 66 non
1020 3196 176 66 velle,
1143 3196 158 66 atque
1249 3196 176 66 nolle:
1372 3196 193 66 tanquam
1513 3196 264 66 secundarium
1724 3196 211 66 obiectum
1882 3196 281 66 intellectus,
2111 3196 88 66 &
2128 3196 141 66 osten
