2391 3732
166 334 245 71 accidentali
362 334 245 71 supeaddita,
558 334 114 71 vel
623 334 261 71 superaddenda
835 334 131 71 ipsi
917 334 229 71 voluntati,
1097 334 131 71 quia
1178 334 147 71 talis
1276 334 98 71 re
1325 334 180 71 differt
1456 334 98 71 ab
1505 334 114 71 ea.
1570 334 114 71 sed
1636 334 212 71 nequaquam
1783 334 114 71 crea-

173 395 92 60 ri
219 395 154 60 posset
326 395 92 60 in
372 395 123 60 esse
449 395 184 60 secundum
588 395 108 60 rem
649 395 123 60 sine
726 395 215 60 habilitate
895 395 184 60 naturali
1033 395 92 60 ad
1079 395 138 60 actum
1171 395 184 60 volendi.
1310 395 123 60 quia
1387 395 138 60 talis
1479 395 200 60 habilitas
1632 395 108 60 est
1694 395 92 60 de
1740 395 169 60 ratione
1848 395 61 60 ip

176 451 115 65 sius
247 451 186 65 potentiae
391 451 201 65 volitiuae,
548 451 100 65 non
606 451 172 65 accidens
735 451 158 65 additum
849 451 100 65 ei.
907 451 115 65 Vnde
978 451 100 65 nec
1036 451 143 65 potest
1136 451 115 65 esse
1208 451 115 65 sine
1280 451 115 65 tali
1351 451 215 65 habilitate:
1523 451 100 65 cum
1581 451 172 65 potentia
1710 451 100 65 sit
1753 451 143 65 realitur

176 507 147 65 talis
273 507 212 65 habilitas
436 507 98 65 ad
485 507 163 65 actum.
599 507 130 65 Vnde
681 507 81 65 &
713 507 98 65 de
762 507 130 65 tali
843 507 228 65 habilitate
1023 507 195 65 naturali
1169 507 179 65 loquens
1299 507 195 65 Anselius
1446 507 98 65 in
1495 507 98 65 de
1544 507 179 65 concor.
1674 507 179 65 gratiae
1804 507 81 65 &
1821 507 81 65 li-

178 554 117 61 beri
252 554 191 61 arbitrii,
398 554 103 61 sub
457 554 147 61 nomine
560 554 220 61 affectionis
736 554 176 61 commodi,
868 554 132 61 dicit
956 554 117 61 quod
1029 554 117 61 illa
1103 554 103 61 est
1161 554 264 61 inseparabilis,
1381 554 117 61 quod
1455 554 191 61 nequaquam
1602 554 132 61 verum
1690 554 147 61 esset,
1792 554 88 61 si
1822 554 73 61 ta-

183 606 100 67 lis
240 606 186 67 habilitas
383 606 86 67 re
426 606 186 67 differret
568 606 86 67 ab
611 606 114 67 ipsa
683 606 186 67 potentia,
826 606 114 67 quia
897 606 86 67 de
940 606 200 67 affectione
1097 606 143 67 iusti,
1197 606 114 67 quae
1268 606 86 67 re
1311 606 171 67 differt,
1440 606 143 67 dicit,
1540 606 114 67 quod
1611 606 100 67 est
1668 606 229 67 separabilis.
1840 606 57 67 De

171 666 149 70 angelo
275 666 134 70 autem
365 666 104 70 sic
424 666 149 70 creato
528 666 104 70 cum
588 666 119 70 sola
662 666 119 70 tali
737 666 208 70 habilitate
901 666 179 70 naturali
1035 666 194 70 nequaquam
1183 666 134 70 verum
1273 666 119 70 est,
1347 666 119 70 quod
1422 666 104 70 non
1481 666 149 70 possit
1585 666 134 70 exire
1675 666 89 70 in
1719 666 134 70 actum
1794 666 104 70 volem

176 718 111 64 di,
239 718 111 64 nec
303 718 111 64 per
366 718 238 64 consequens,
556 718 127 64 quod
635 718 111 64 non
699 718 158 64 possit
810 718 190 64 peccare.
952 718 127 64 Immo
1031 718 111 64 hac
1095 718 111 64 sua
1158 718 190 64 naturali
1300 718 222 64 habilitate
1475 718 127 64 pont
1554 718 143 64 velle
1649 718 206 64 conmodum,
1807 718 79 64 &
1823 718 79 64 hoc

174 778 118 59 vel
241 778 236 59 temperate,
427 778 84 59 &
460 778 135 59 tunc
544 778 151 59 bene,
645 778 118 59 vel
713 778 236 59 excessiue,
898 778 118 59 aut
965 778 202 59 remisse,
1117 778 84 59 &
1150 778 135 59 tunc
1235 778 219 59 peccaret.
1403 778 84 59 &
1437 778 118 59 hoc
1504 778 185 59 necesse
1639 778 118 59 est
1706 778 185 59 ponere,
1824 778 67 59 ni

174 823 85 71 si
216 823 156 71 ponatur
330 823 114 71 quod
401 823 128 71 talis
487 823 171 71 voluntas
615 823 100 71 non
671 823 100 71 est
728 823 142 71 liberi
828 823 171 71 arbitrii
956 823 100 71 sed
1013 823 213 71 naturaliter
1183 823 114 71 vult
1254 823 114 71 quod
1325 823 114 71 vult
1396 823 100 71 seu
1453 823 114 71 quod
1524 823 114 71 pont
1595 823 142 71 velle.
1695 823 85 71 Et
1738 823 114 71 quod
1794 823 100 71 dicit

175 884 176 75 Anseicea
307 884 117 75 quod
381 884 176 75 voluntas
513 884 103 75 non
571 884 147 75 potest
674 884 132 75 velle
762 884 117 75 sine
836 884 117 75 suis
909 884 264 75 affectionibus:
1129 884 117 75 Dico
1202 884 117 75 quod
1276 884 147 75 nomine
1378 884 220 75 affectionis
1555 884 220 75 generaliter
1731 884 147 75 dictae
1819 884 73 75 con

177 942 231 57 prehenditur
361 942 200 57 habilitas
515 942 215 57 naturalis,
684 942 108 57 qua
745 942 184 57 voluntas
884 942 138 57 vult,
976 942 108 57 cum
1037 942 169 57 dicitur
1160 942 215 57 affectione
1329 942 154 57 velle.
1437 942 154 57 lterum
1545 942 169 57 propter
1667 942 169 57 secundo
1775 942 123 57 dictum

178 998 101 61 et
229 998 186 61 tertio,
364 998 220 61 sciendum,
533 998 135 61 quod
618 998 101 61 si
669 998 186 61 ponamus
804 998 186 61 angelum
939 998 169 61 factum
1057 998 85 61 a
1091 998 118 61 deo
1159 998 118 61 cum
1227 998 203 61 potentia
1379 998 220 61 volitiua,
1548 998 85 61 &
1582 998 237 61 affectione
1751 998 152 61 volendi

178 1041 135 68 solum
268 1041 195 68 commodum,
418 1041 75 68 &
448 1041 105 68 hoc
508 1041 225 68 naturaliter
688 1041 105 68 non
748 1041 105 68 per
808 1041 165 68 liberum
928 1041 210 68 arbitrium:
1093 1041 180 68 secundum
1228 1041 120 68 quod
1303 1041 90 68 de
1348 1041 150 68 angelo
1453 1041 165 68 videtur
1573 1041 135 68 loqui
1663 1041 165 68 Anselu.
1783 1041 90 68 de
1813 1041 90 68 casu

172 1105 194 63 diaboli.
317 1105 113 63 ca.
382 1105 145 63 xiii,
479 1105 113 63 per
544 1105 162 63 totum,
657 1105 113 63 aut
721 1105 145 63 etiam
818 1105 162 63 factum
931 1105 113 63 cum
996 1105 194 63 volitiua
1141 1105 210 63 potentia,
1303 1105 81 63 &
1335 1105 226 63 affectione
1513 1105 178 63 volendi
1642 1105 145 63 solum
1739 1105 194 63 conmodum

185 1161 226 65 conueniens:
365 1161 75 65 &
396 1161 105 65 hoc
456 1161 196 65 similitur
606 1161 241 65 naturaliter,
802 1161 105 65 non
862 1161 105 65 per
922 1161 165 65 liberum
1042 1161 211 65 arbitrium,
1208 1161 181 65 secundum
1343 1161 120 65 quod
1419 1161 90 65 de
1464 1161 150 65 angelo
1569 1161 165 65 videtur
1689 1161 135 65 loqui
1765 1161 150 65 Anseli.a

178 1209 131 70 eodem
266 1209 131 70 libro
353 1209 102 70 ca.
411 1209 145 70 xiiii.
513 1209 87 70 in
556 1209 203 70 principio:
716 1209 87 70 de
760 1209 160 70 angelo,
876 1209 160 70 inquam,
992 1209 102 70 sic
1051 1209 160 70 posito,
1167 1209 116 70 immo
1239 1209 145 70 ficto,
1341 1209 131 70 verum
1428 1209 102 70 est
1487 1209 116 70 quod
1559 1209 102 70 non
1617 1209 145 70 posset
1719 1209 174 70 peccare:
1835 1209 73 70 se-

176 1265 163 71 cundum
290 1265 131 71 quod
371 1265 179 71 videtur
502 1265 147 71 velle
600 1265 163 71 Ansel.
714 1265 98 71 Et
763 1265 131 71 dico
845 1265 196 71 videtur:
991 1265 131 71 quia
1073 1265 147 71 talis
1171 1265 179 71 angelus
1301 1265 114 71 non
1367 1265 163 71 posset
1481 1265 131 71 esse
1562 1265 98 71 in
1611 1265 147 71 rerum
1709 1265 163 71 natura
1807 1265 98 71 crea

178 1312 130 78 tus,
259 1312 114 78 nec
324 1312 196 78 Anselmus
471 1312 147 78 ponit
569 1312 130 78 quod
650 1312 114 78 ita
715 1312 163 78 posset
830 1312 147 78 esse.
927 1312 98 78 Et
976 1312 130 78 quod
1058 1312 147 78 talis
1155 1312 179 78 angelus
1286 1312 114 78 non
1351 1312 163 78 posset
1465 1312 98 78 in
1514 1312 147 78 rerum
1612 1312 163 78 natura
1726 1312 130 78 esse
1791 1312 114 78 crea-

178 1374 117 68 tus,
252 1374 146 68 patet.
354 1374 117 68 quod
427 1374 88 68 de
471 1374 161 68 ratione
588 1374 190 68 volitiuae
734 1374 190 68 potentiae
881 1374 161 68 angeli,
998 1374 102 68 vel
1056 1374 161 68 hominis
1173 1374 176 68 respectu
1305 1374 132 68 eorum
1393 1374 117 68 quae
1466 1374 117 68 sunt
1539 1374 88 68 ad
1583 1374 146 68 finem,
1686 1374 117 68 est,
1759 1374 117 68 quod
1832 1374 102 68 sit

175 1419 171 64 liberi
295 1419 222 64 arbitrii:
466 1419 103 64 in
517 1419 120 64 quo
585 1419 239 64 necessario
773 1419 120 64 est
842 1419 222 64 naturalis
1013 1419 222 64 habilitas
1184 1419 103 64 ad
1235 1419 205 64 volendum
1389 1419 188 64 iustum,
1526 1419 86 64 &
1560 1419 120 64 qua
1628 1419 171 64 potest
1748 1419 154 64 velle
1834 1419 68 64 iu

171 1477 132 76 stum
253 1477 181 76 volendo
385 1477 132 76 quod
467 1477 198 76 conuenit
616 1477 165 76 velle,
731 1477 82 76 &
764 1477 148 76 sicut
863 1477 214 76 conuenit.
1028 1477 115 76 Cum
1094 1477 115 76 qua
1160 1477 148 76 tamen
1259 1477 231 76 habilitate
1440 1477 198 76 positiua
1589 1477 115 76 est
1638 1477 264 76 defectibilitas

173 1535 174 68 annexa,
300 1535 111 68 qua
363 1535 159 68 potest
475 1535 206 68 excedere,
633 1535 95 68 si
681 1535 159 68 velit,
792 1535 95 68 ac
839 1535 111 68 per
903 1535 111 68 hoc
966 1535 111 68 non
1030 1535 159 68 potest
1141 1535 127 68 esse
1220 1535 143 68 talis
1315 1535 95 68 in
1363 1535 143 68 rerum
1458 1535 174 68 natura,
1585 1535 127 68 quin
1664 1535 159 68 possit
1775 1535 111 68 sic
1823 1535 79 68 pec

176 1585 136 65 care.
266 1585 121 65 Tali
342 1585 136 65 autem
432 1585 196 65 voluntate
583 1585 106 65 cum
643 1585 121 65 tali
719 1585 211 65 habilitate
885 1585 151 65 creata
990 1585 90 65 si
1035 1585 166 65 addatur
1156 1585 196 65 habilitas
1307 1585 241 65 accidentalis
1503 1585 211 65 iustitiae,
1669 1585 106 65 vel
1714 1585 181 65 politicae,

171 1639 110 62 vel
234 1639 220 62 gratuitae,
407 1639 110 62 per
470 1639 141 62 illas
564 1639 94 62 vt
611 1639 110 62 per
674 1639 235 62 affectiones
862 1639 251 62 accidentales
1066 1639 220 62 expeditius
1239 1639 157 62 potest
1349 1639 141 62 exire
1443 1639 94 62 in
1490 1639 141 62 actus
1584 1639 220 62 iustitiae,
1757 1639 110 62 sed
1804 1639 94 62 meri

176 1692 151 75 torie
277 1692 151 75 solum
377 1692 117 75 per
444 1692 251 75 affectionem
645 1692 218 75 iustitiae
813 1692 235 75 gratuitae.
997 1692 151 75 Istis
1098 1692 151 75 tamen
1198 1692 285 75 affectionibus
1433 1692 168 75 semper
1550 1692 101 75 in
1600 1692 218 75 voluntate
1768 1692 117 75 est
1818 1692 84 75 po-

167 1750 150 56 tentia
272 1750 301 56 defectibilitatis
528 1750 211 56 coniuncta,
693 1750 105 56 qua
754 1750 150 56 potest
859 1750 90 56 in
904 1750 226 56 contrarium.
1085 1750 105 56 Sed
1145 1750 90 56 in
1190 1750 105 56 his
1250 1750 150 56 dictis
1355 1750 165 56 Anseius
1476 1750 105 56 est
1536 1750 120 56 eius
1611 1750 196 56 intentio,
1762 1750 120 56 quod
1837 1750 90 56 an

170 1796 128 68 geli
250 1796 80 68 &
282 1796 176 68 hominis
410 1796 224 68 voluntatia
586 1796 112 68 deo
650 1796 144 68 datum
746 1796 128 68 est,
826 1796 96 68 vt
874 1796 160 68 possit
986 1796 96 68 se
1034 1796 240 68 determinare
1225 1796 96 68 ad
1273 1796 208 68 sequendum
1433 1796 272 68 inclinationem
1657 1796 224 68 iustitiae,
1817 1796 80 68 vel

166 1856 223 59 contrarium
341 1856 191 59 agendum.
485 1856 127 59 Quod
564 1856 127 59 ergo
644 1856 96 59 in
692 1856 207 59 argumento
851 1856 191 59 dicitur,
994 1856 127 59 quod
1074 1856 287 59 indeterminatum
1313 1856 111 59 non
1376 1856 127 59 exit
1456 1856 96 59 in
1504 1856 159 59 actum,
1615 1856 127 59 nisi
1695 1856 111 59 per
1743 1856 143 59 determi

171 1916 193 66 nationem
315 1916 161 66 factam
428 1916 96 66 in
476 1916 145 66 ipso:
572 1916 128 66 dico
653 1916 128 66 quod
733 1916 112 66 hoc
797 1916 112 66 non
861 1916 112 66 est
926 1916 161 66 verum,
1038 1916 128 66 nisi
1118 1916 96 66 de
1166 1916 289 66 indeterminato,
1407 1916 128 66 quod
1488 1916 112 66 non
1552 1916 145 66 habet
1648 1916 112 66 vim
1712 1916 177 66 seipsum
1825 1916 64 66 de

169 1968 234 69 terminandi.
357 1968 203 69 Reseruata
513 1968 140 69 autem
606 1968 109 69 hac
669 1968 94 69 vi
716 1968 250 69 determinandi
919 1968 172 69 seipsam
1044 1968 94 69 in
1090 1968 203 69 voluntate
1246 1968 94 69 in
1293 1968 140 69 quame
1387 1968 203 69 consistit
1543 1968 187 69 libertas
1683 1968 203 69 arbitrii,
1824 1968 78 69 non

165 2015 173 67 multum
286 2015 190 67 curamus
424 2015 104 67 si
475 2015 190 67 ponatur
613 2015 155 67 prima
717 2015 311 67 determinatione
976 2015 259 67 determinari
1183 2015 86 67 &
1218 2015 173 67 tertia
1338 2015 155 67 facta
1442 2015 104 67 in
1494 2015 173 67 seipsa
1615 2015 207 67 secundum
1753 2015 155 67 aliquem

161 2073 189 59 influxum
303 2073 95 59 ab
351 2073 221 59 intellectu
524 2073 79 59 &
556 2073 95 59 ab
603 2073 174 59 obiecto
730 2073 189 59 cognito,
872 2073 111 59 aut
935 2073 174 59 impetu,
1061 2073 111 59 aut
1124 2073 221 59 affectione
1298 2073 221 59 quacunque:
1472 2073 126 59 quia
1551 2073 158 59 nullum
1661 2073 126 59 tale
1740 2073 189 59 influxum

164 2131 163 65 poterit
283 2131 119 65 esse
357 2131 119 65 cam,
431 2131 163 65 propter
550 2131 119 65 quam
624 2131 178 65 secundum
758 2131 178 65 secundam
892 2131 282 65 determinationem
1129 2131 148 65 velit,
1233 2131 104 65 vel
1292 2131 104 65 non
1352 2131 148 65 velit,
1456 2131 104 65 vel
1515 2131 134 65 nolit
1604 2131 119 65 ipsa
1678 2131 193 65 voluntas,
1827 2131 104 65 sed

168 2180 200 66 solummodo
321 2180 138 66 cauam
413 2180 123 66 sine
490 2180 123 66 quae
567 2180 123 66 non,
644 2180 123 66 quia
720 2180 154 66 semper
828 2180 138 66 manet
920 2180 261 66 indeterminata
1135 2180 77 66 a
1165 2180 276 66 determinatione
1396 2180 184 66 secunda,
1534 2180 123 66 nisi
1611 2180 77 66 a
1641 2180 92 66 se
1672 2180 215 66 determinetur

155 2224 136 76 licet
245 2224 272 76 determinatione
472 2224 136 76 prima
562 2224 241 76 determinetur
758 2224 91 76 in
804 2224 91 76 se
849 2224 196 76 secundum.
1000 2224 181 76 obiectum
1136 2224 196 76 cognitum,
1286 2224 75 76 &
1317 2224 196 76 similiter
1468 2224 166 76 tertia,
1588 2224 91 76 vt
1634 2224 181 76 scilicet
1769 2224 106 76 non
1815 2224 75 76 po-

161 2282 146 63 terit
258 2282 146 63 velle
356 2282 179 63 omnino,
486 2282 130 63 nisi
567 2282 97 63 ad
616 2282 195 63 volibile
762 2282 276 63 determinetur,
989 2282 114 63 nec
1054 2282 146 63 velle
1152 2282 244 63 determinate
1347 2282 130 63 hoc,
1428 2282 114 63 vel
1493 2282 162 63 illud,
1607 2282 130 63 nisi
1688 2282 97 63 ad
1721 2282 162 63 volibile

152 2331 105 67 hoc
212 2331 105 67 vel
272 2331 135 67 illud
362 2331 254 67 determinetur.
571 2331 135 67 Sicut
661 2331 105 67 nec
721 2331 165 67 sensus,
840 2331 120 67 nisi
915 2331 239 67 determinetur
1110 2331 75 67 a
1140 2331 210 67 sensibili,
1304 2331 150 67 potest
1409 2331 150 67 omnino
1514 2331 180 67 sentire:
1649 2331 105 67 nec
1708 2331 165 67 sentire
1813 2331 75 67 hoc

161 2392 110 61 nisi
230 2392 221 61 determinetur
410 2392 83 61 ab
451 2392 97 61 hoc
506 2392 193 61 sensibili.
658 2392 83 61 Et
699 2392 179 61 similiter
837 2392 97 61 est
893 2392 83 61 de
934 2392 193 61 intellectu
1086 2392 166 61 respectu
1210 2392 262 61 intelligibilis:
1431 2392 97 61 ita
1486 2392 110 61 quod
1555 2392 97 61 non
1610 2392 138 61 possit
1707 2392 166 61 voluntas
1817 2392 69 61 vel

150 2437 85 74 le
192 2437 156 74 aliquid
306 2437 114 74 nisi
377 2437 170 74 cognitum
505 2437 85 74 ad
548 2437 114 74 quid
619 2437 242 74 determinatur,
818 2437 99 74 ita
874 2437 128 74 tamen
960 2437 114 74 quod
1031 2437 85 74 si
1073 2437 99 74 non
1130 2437 114 74 nisi
1201 2437 114 74 vnum
1272 2437 99 74 sit
1329 2437 185 74 cognitum,
1471 2437 99 74 quo
1528 2437 242 74 determinetur,
1727 2437 99 74 non
1769 2437 114 74 possit

149 2499 131 74 aliud
237 2499 131 74 velle
325 2499 102 74 cum
383 2499 190 74 effectum:
529 2499 146 74 possit
632 2499 131 74 tamen
719 2499 102 74 hoc
778 2499 146 74 velle,
880 2499 102 74 vel
938 2499 146 74 nolle,
1041 2499 102 74 vel
1099 2499 102 74 non
1157 2499 146 74 velle,
1260 2499 73 74 &
1289 2499 175 74 imparare
1420 2499 234 74 intellectui,
1610 2499 117 74 quod
1683 2499 205 74 consideret
1830 2499 58 74 am

153 2554 143 61 plius.
253 2554 86 61 Si
296 2554 115 61 vero
368 2554 129 61 plura
453 2554 258 61 praesententur,
668 2554 115 61 quae
740 2554 115 61 sunt
812 2554 86 61 ad
855 2554 143 61 finem,
955 2554 158 61 poterit
1069 2554 158 61 liberum
1184 2554 186 61 arbitrium
1327 2554 201 61 quidcumque
1485 2554 86 61 ex
1528 2554 143 61 illis,
1628 2554 115 61 siue
1700 2554 100 61 sub
1757 2554 158 61 ratione

157 2611 178 67 minoris,
290 2611 118 67 siue
364 2611 104 67 sub
424 2611 163 67 ratione
542 2611 163 67 maioris
660 2611 118 67 boni
734 2611 252 67 praesentetur,
942 2611 133 67 velle
1031 2611 133 67 aliis
1119 2611 178 67 omissis,
1253 2611 104 67 vel
1312 2611 133 67 nolle
1401 2611 118 67 alio
1475 2611 163 67 electo,
1593 2611 104 67 vel
1652 2611 148 67 nullum
1756 2611 163 67 illorum

155 2658 140 62 velle
249 2658 93 62 in
295 2658 109 62 hoc
357 2658 171 62 stando:
481 2658 78 62 &
512 2658 140 62 etiam
606 2658 233 62 intellectui
792 2658 233 62 praecipere,
978 2658 93 62 vt
1025 2658 171 62 amplius
1149 2658 233 62 consideret.
1335 2658 124 62 Vnde
1413 2658 93 62 si
1459 2658 93 62 in
1506 2658 109 62 hoc
1568 2658 186 62 staremus
1708 2658 155 62 solum,
1801 2658 93 62 nega

149 2712 140 74 remus
243 2712 171 74 aliquid
367 2712 140 74 agere
460 2712 93 74 ab
507 2712 140 74 extra
600 2712 140 74 actum
693 2712 217 74 volitionis
864 2712 93 74 in
911 2712 202 74 voluntate
1066 2712 217 74 immediate,
1237 2712 109 74 vel
1299 2712 124 74 modo
1376 2712 217 74 congruenti
1547 2712 171 74 naturae
1672 2712 140 74 suae,
1765 2712 155 74 quemad

147 2772 142 73 modum
242 2772 111 73 sol
305 2772 126 73 agit
384 2772 95 73 in
432 2772 190 73 diaphano
574 2772 142 73 actum
669 2772 300 73 illuminationis,
922 2772 111 73 vel
985 2772 126 73 modo
1064 2772 111 73 non
1127 2772 221 73 congruenti
1301 2772 174 73 naturae
1428 2772 142 73 suae,
1523 2772 237 73 quemadmodum
1712 2772 142 73 lapis
1791 2772 111 73 proii

153 2822 132 73 citur
242 2822 162 73 sursum,
359 2822 103 73 aut
418 2822 162 73 mediate
536 2822 147 73 agendo
639 2822 88 73 in
683 2822 118 73 ipsa
757 2822 206 73 disponnem,
919 2822 118 73 quae
992 2822 132 73 esset
1081 2822 206 73 necessario
1242 2822 191 73 causatiua
1390 2822 221 73 volitionis,
1566 2822 132 73 sicut
1655 2822 221 73 quaelitates
1816 2822 74 73 pri

144 2871 104 68 mae
204 2871 163 68 calidum
322 2871 74 68 &
352 2871 178 68 frigidum
486 2871 193 68 generatae
634 2871 119 68 sunt
709 2871 208 68 secundarum
872 2871 223 68 causatiuae,
1050 2871 89 68 vt
1095 2871 134 68 albi,
1184 2871 104 68 vel
1243 2871 149 68 nigri.
1347 2871 89 68 AD
1392 2871 163 68 tertium
1511 2871 178 68 dicendum
1644 2871 149 68 contra
1748 2871 119 68 idem
1808 2871 74 68 men

150 2927 128 80 brum,
235 2927 113 80 quod
306 2927 113 80 idem
377 2927 227 80 inconueniens
561 2927 99 80 est
618 2927 99 80 &c.
674 2927 113 80 Dico
745 2927 113 80 quod
816 2927 156 80 propter
929 2927 128 80 fugam
1014 2927 128 80 huius
1099 2927 184 80 rationis,
1241 2927 71 80 &
1270 2927 227 80 inconueniens
1454 2927 113 80 quod
1525 2927 156 80 videtur
1638 2927 213 80 concludere,
1808 2927 99 80 di-

152 2981 127 67 cunt
232 2981 175 67 aliqui,
359 2981 127 67 quod
439 2981 191 67 voluntas
582 2981 111 67 non
646 2981 143 67 mouet
741 2981 96 67 se
789 2981 96 67 ad
837 2981 143 67 actum
932 2981 191 67 volendi,
1075 2981 127 67 nisi
1155 2981 127 67 mota
1234 2981 96 67 ab
1282 2981 223 67 appetibili
1457 2981 191 67 cognito,
1601 2981 80 67 &
1632 2981 111 67 hoc
1696 2981 111 67 non
1744 2981 143 67 metapho

147 3039 118 63 rice,
226 3039 92 63 sed
278 3039 118 63 vere.
357 3039 118 63 Dicit
435 3039 105 63 enim
501 3039 197 63 philosophus
658 3039 79 63 in
697 3039 105 63 iii.
763 3039 79 63 de
802 3039 118 63 anima
881 3039 105 63 sic.
946 3039 92 63 Res
999 3039 92 63 per
1051 3039 105 63 quas
1117 3039 92 63 sit
1169 3039 131 63 motus,
1261 3039 105 63 tres
1326 3039 118 63 sunt.
1405 3039 105 63 Vnum
1471 3039 131 63 quidem
1562 3039 144 63 mouens,
1667 3039 144 63 immobil
1759 3039 131 63 scilicet

142 3093 204 72 secundum
295 3093 170 72 autem,
413 3093 119 72 quo
481 3093 153 72 mouet
583 3093 204 72 scilicet
736 3093 170 72 mouens
854 3093 170 72 motum:
973 3093 187 72 tertium
1109 3093 136 72 quid
1194 3093 204 72 mouetur.
1346 3093 119 72 vbi
1414 3093 204 72 continuo
1567 3093 187 72 reducit
1702 3093 153 72 ipsum
1804 3093 119 72 quo

142 3149 146 67 mouet
239 3149 97 67 ad
288 3149 146 67 ipsum
385 3149 162 67 mouens
499 3149 211 67 diuidendo
661 3149 146 67 illud
758 3149 97 67 in
807 3149 114 67 duo
872 3149 195 67 subdens.
1018 3149 97 67 At
1067 3149 162 67 mouens
1180 3149 243 67 duplicitur.
1375 3149 146 67 Aliud
1472 3149 162 67 quidem
1586 3149 211 67 immobile,
1748 3149 178 67 aliquae

142 3194 144 62 autem
238 3194 176 62 mouens,
366 3194 80 62 &
398 3194 128 62 quid
478 3194 192 62 mouetur.
623 3194 112 62 Est
687 3194 144 62 autem
783 3194 192 62 immobile
927 3194 176 62 actuale
1055 3194 160 62 bonum,
1167 3194 160 62 mouens
1279 3194 144 62 autem
1375 3194 80 62 &
1407 3194 128 62 quod
1488 3194 176 62 mouetur
1616 3194 240 62 appetitiuum
1792 3194 96 62 est.

126 3241 180 104 Mouet
246 3241 160 104 enim
346 3241 160 104 quod
447 3241 280 104 appetitur,
667 3241 100 104 &
707 3241 260 104 appetitus
907 3241 180 104 motus
1028 3241 160 104 est.
1128 3241 160 104 Quod
1228 3241 180 104 autem
1348 3241 240 104 mouetur:
1528 3241 240 104 scilicet
1709 3241 120 104 ab
1749 3241 140 104 appe
