2474 3742
132 282 109 84 de
186 282 218 84 quolibet
350 282 181 84 genere
477 282 163 84 voti.
585 282 145 84 Vnde
676 282 218 84 castitas
839 282 145 84 siue
930 282 254 84 castitatis
1130 282 163 84 bonum
1239 282 163 84 vnius
1348 282 145 84 sine
1438 282 145 84 voto
1529 282 200 84 propter
1674 282 181 84 formam
1783 282 127 84 chari

137 356 153 67 tatis
239 356 323 67 praeponderantis
511 356 170 67 potest
630 356 136 67 esse
715 356 153 67 multo
817 356 170 67 melius
936 356 136 67 quam
1021 356 204 67 castitas
1173 356 204 67 alterius
1326 356 119 67 vel
1394 356 136 67 opus
1479 356 136 67 eius
1564 356 119 67 sub
1632 356 153 67 voto.
1734 356 85 67 &
1768 356 119 67 per
1819 356 102 67 hunc

130 412 164 71 modum
239 412 164 71 etiam
349 412 219 71 castitas
513 412 219 71 vidualis
677 412 128 71 aut
751 412 256 71 coniugalis
951 412 146 71 bene
1043 412 183 71 potest
1170 412 310 71 praeponderare
1426 412 237 71 castitati
1609 412 256 71 virginali.
1791 412 128 71 dicen

135 472 114 65 te
192 472 266 65 Augustino.
401 472 152 65 xvi.
496 472 114 65 de
553 472 228 65 ciuitate
724 472 152 65 dei.
819 472 209 65 Nouimus
971 472 152 65 enim
1067 472 133 65 non
1143 472 114 65 ex
1200 472 171 65 bonis
1314 472 228 65 singulis
1485 472 171 65 inter
1599 472 114 65 se
1656 472 209 65 homines
1789 472 133 65 compa

132 525 158 64 rare.
238 525 123 64 Sed
308 525 158 64 simul
414 525 176 64 quoque
537 525 247 64 comparemus
731 525 229 64 vniuersa:
907 525 106 64 ac
960 525 123 64 per
1031 525 123 64 hoc
1101 525 141 64 sano
1189 525 194 64 veroque
1330 525 194 64 iudicio
1471 525 123 64 cum
1541 525 264 64 continentia
1735 525 176 64 coniugio

138 576 272 67 praeferatur:
359 576 170 67 melior
478 576 153 67 tamen
580 576 119 67 est
648 576 187 67 fidelis
784 576 238 67 coniugatus
971 576 136 67 quam
1057 576 221 67 continens
1227 576 238 67 infidelis:
1414 576 85 67 &
1448 576 204 67 obediens
1601 576 119 67 deo
1669 576 136 67 quam
1737 576 187 67 continens

136 632 183 64 minoris
270 632 150 64 fidei
369 632 233 64 minorisque
553 632 266 64 obedientiae.
769 632 100 64 Si
819 632 133 64 vero
902 632 150 64 paria
1002 632 133 64 sunt
1085 632 216 64 caetera.,
1252 632 266 64 continentiam
1468 632 200 64 coniugio
1618 632 216 64 praeferri
1785 632 133 64 quis
1851 632 67 64 am

139 684 171 64 bigit:
258 684 119 64 Per
327 684 137 64 hunc
412 684 154 64 etiam
514 684 154 64 modum
617 684 222 64 similiter
788 684 239 64 eleemosyna
975 684 154 64 vnius
1078 684 137 64 sine
1163 684 137 64 voto
1248 684 171 64 potest
1368 684 137 64 bene
1453 684 290 64 praeponderare
1692 684 222 64 castitati
1846 684 68 64 al

141 737 148 68 terius
245 737 104 68 sub
304 737 133 68 voto.
393 737 74 68 &
423 737 104 68 sic
482 737 89 68 de
526 737 178 68 caeteris
660 737 178 68 operibus
793 737 104 68 tam
852 737 148 68 primae
956 737 163 68 tabulae
1075 737 119 68 quam
1149 737 193 68 secundae.
1297 737 89 68 Et
1341 737 163 68 propter
1460 737 104 68 hoc
1519 737 193 68 martyrium
1667 737 207 68 praefertur
1815 737 104 68 casti

135 791 127 59 tati
214 791 111 59 sub
278 791 142 59 voto:
372 791 127 59 quia
452 791 174 59 maiorem
578 791 222 59 charitatem
752 791 127 59 nemo
831 791 142 59 habet
926 791 111 59 &c.
990 791 95 59 vt
1037 791 158 59 dictum
1148 791 111 59 est
1211 791 158 59 supra:
1322 791 190 59 secundum
1464 791 127 59 quod
1543 791 206 59 processit
1702 791 158 59 vltima
1796 791 127 59 ratio.

149 844 145 59 Votum
245 844 129 59 enim
326 844 177 59 modicum
455 844 161 59 facit,
567 844 113 59 aut
632 844 145 59 addit
728 844 145 59 operi
825 844 129 59 nisi
905 844 145 59 aliud
1002 844 161 59 adsit:
1114 844 209 59 plerumque
1275 844 145 59 etiam
1372 844 145 59 obest
1468 844 161 59 saltem
1581 844 113 59 per
1645 844 209 59 accidens:
1806 844 97 59 vt
1855 844 97 59 in

137 897 190 70 stultis
275 897 260 70 virginibus.
483 897 104 70 in
535 897 173 70 quibus
656 897 104 70 vt
708 897 156 70 dicit
812 897 173 70 Greti.
933 897 156 70 viii.
1037 897 173 70 Moral.
1158 897 190 70 Dominus
1297 897 104 70 ad
1349 897 208 70 iudicium
1504 897 190 70 veniens
1643 897 121 70 dum
1712 897 173 70 mentis
1816 897 104 70 cor-

132 953 211 63 ruptionem
294 953 244 63 considerat,
489 953 195 63 corporis
636 953 293 63 incorruptionem
880 953 195 63 danmnat.
1026 953 130 63 Vnde
1107 953 114 63 cum
1172 953 146 63 alias
1270 953 130 63 tres
1351 953 146 63 modos
1449 953 260 63 virginitatis
1660 953 293 63 distinxerimus:

141 1013 113 62 est
205 1013 129 62 enim
286 1013 178 62 quaedam
415 1013 258 62 honorabilis,
625 1013 178 62 quaedam
754 1013 242 62 laudabilis,
948 1013 81 62 &
980 1013 178 62 quaedam
1110 1013 274 62 despicabilis:
1336 1013 129 62 ista
1416 1013 161 62 quarta
1529 1013 113 62 est
1594 1013 242 62 damnabilis.
1788 1013 113 62 Sed
1852 1013 97 62 di
1885 1013 48 62 i

138 1058 113 64 ces
203 1058 130 64 quod
284 1058 113 64 hoc
349 1058 113 64 est
413 1058 113 64 per
478 1058 195 64 accidens
624 1058 130 64 quod
705 1058 195 64 secundum
851 1058 130 64 hunc
932 1058 146 64 modum
1029 1058 146 64 aliud
1127 1058 130 64 opus
1208 1058 130 64 sine
1289 1058 130 64 voto
1370 1058 113 64 est
1435 1058 162 64 melius
1548 1058 130 64 quam
1629 1058 195 64 castitas
1775 1058 113 64 sub
1824 1058 97 64 voto

128 1118 134 64 non
204 1118 115 64 ex
262 1118 191 64 natura
396 1118 210 64 operis.
548 1118 153 64 Dico
644 1118 153 64 quod
740 1118 153 64 immo
835 1118 115 64 de
893 1118 191 64 natura
1026 1118 191 64 operis
1160 1118 210 64 aliquod
1313 1118 153 64 opus
1409 1118 153 64 sine
1504 1118 153 64 voto
1600 1118 153 64 puta
1696 1118 249 64 martyrium
1868 1118 57 64 &

138 1166 145 74 plura
235 1166 145 74 alia,
331 1166 97 74 vt
380 1166 177 74 patebit
509 1166 161 74 infra,
622 1166 177 74 meliora
751 1166 129 74 sunt
831 1166 194 74 secundum
976 1166 97 74 se
1025 1166 129 74 quam
1106 1166 129 74 opus
1186 1166 226 74 castitatis
1364 1166 113 74 cum
1428 1166 145 74 voto:
1525 1166 129 74 quia
1605 1166 97 74 ex
1654 1166 161 74 maiori
1767 1166 194 74 charita-

129 1234 100 55 te
179 1234 133 55 nata
263 1234 133 55 sunt
346 1234 150 55 fieri
446 1234 83 55 &
479 1234 267 55 difficiliora
696 1234 150 55 etiam
796 1234 150 55 sunt.
896 1234 150 55 Verum
996 1234 117 55 est
1062 1234 150 55 tamen
1162 1234 133 55 quod
1246 1234 233 55 aspiciendo
1429 1234 100 55 ad
1479 1234 133 55 opus
1562 1234 250 55 simpliciter
1762 1234 100 55 vt
1812 1234 117 55 est
1862 1234 67 55 bo

128 1275 120 71 num
196 1275 103 71 ex
248 1275 171 71 natura
367 1275 86 71 &
402 1275 239 71 substantia
590 1275 188 71 operis,
727 1275 205 71 bonitate
881 1275 137 71 illa
966 1275 120 71 qua
1035 1275 257 71 conuertitur
1240 1275 120 71 cum
1308 1275 137 71 ente
1394 1275 120 71 vel
1462 1275 137 71 quae
1548 1275 120 71 est
1616 1275 137 71 opus
1702 1275 154 71 bonum
1804 1275 103 71 ex
1838 1275 86 71 ge-

135 1323 133 71 nere
218 1323 133 71 quod
301 1323 199 71 includit
450 1323 99 71 in
500 1323 116 71 suo
566 1323 249 71 significato
765 1323 298 71 circunstantiam
1014 1323 99 71 ex
1064 1323 199 71 ratione,
1213 1323 99 71 vt
1263 1323 182 71 habitum
1395 1323 116 71 est
1462 1323 166 71 supra:
1578 1323 149 71 operi
1677 1323 166 71 inquam
1793 1323 99 71 vt
1827 1323 99 71 tali

138 1386 201 66 bonitate
289 1386 117 66 sit
356 1386 168 66 bonum,
473 1386 184 66 accidit
607 1386 134 66 quod
691 1386 134 66 fiat
775 1386 101 66 ex
825 1386 235 66 charitate:
1009 1386 84 66 &
1043 1386 134 66 fiat
1127 1386 151 66 bonum
1227 1386 101 66 ex
1278 1386 302 66 circunstantia,
1529 1386 117 66 non
1596 1386 151 66 solum
1696 1386 101 66 in
1747 1386 168 66 genere
1847 1386 84 66 mo-

137 1446 141 57 ris,
226 1446 124 57 sed
296 1446 159 57 etiam
402 1446 106 57 in
455 1446 177 57 genere
579 1446 247 57 meritorii,
773 1446 106 57 vt
826 1446 159 57 patet
932 1446 106 57 in
985 1446 212 57 comedere
1143 1446 88 57 &
1179 1446 177 57 bibere
1302 1446 141 57 quae
1391 1446 141 57 sunt
1479 1446 159 57 opera
1585 1446 106 57 de
1638 1446 159 57 primo
1744 1446 194 57 genere,
1867 1446 53 57 &

134 1491 105 71 in
187 1491 158 71 opere
293 1491 158 71 dandi
398 1491 264 71 eleemosynam
609 1491 88 71 &
644 1491 264 71 praedicandi
855 1491 141 71 quae
943 1491 141 71 sunt
1031 1491 105 71 de
1083 1491 193 71 secundo
1224 1491 193 71 genere.
1365 1491 246 71 Aspiciendo
1558 1491 158 71 autem
1663 1491 105 71 ad
1716 1491 141 71 opus
1804 1491 105 71 vt
1839 1491 88 71 est

133 1551 145 64 bonum
229 1551 193 64 bonitate
374 1551 225 64 meritoria:
551 1551 145 64 illud
647 1551 113 64 non
712 1551 113 64 est
776 1551 145 64 verum
872 1551 129 64 quod
953 1551 177 64 accidat
1081 1551 96 64 ei
1129 1551 145 64 fieri
1226 1551 96 64 ex
1274 1551 225 64 charitate:
1451 1551 129 64 quia
1531 1551 225 64 essentiale
1708 1551 113 64 est
1772 1551 145 64 operi
1853 1551 64 64 me

129 1598 188 65 ritorio
266 1598 222 65 inquantum
436 1598 120 65 est
505 1598 239 65 meritorium
692 1598 137 65 quod
778 1598 205 65 procedat
932 1598 102 65 ex
983 1598 222 65 voluntate
1154 1598 205 65 secundum
1307 1598 154 65 modum
1410 1598 102 65 et
1461 1598 188 65 ordinem
1598 1598 256 65 charitatis.
1802 1598 102 65 AD
1837 1598 85 65 pri

134 1649 116 65 mum
201 1649 99 65 in
250 1649 232 65 oppositum:
432 1649 132 65 quod
515 1649 132 65 opus
598 1649 232 65 castitatis
780 1649 116 65 sub
846 1649 132 65 voto
928 1649 265 65 praeponderat
1144 1649 132 65 omni
1226 1649 149 65 operi
1325 1649 199 65 secundae
1474 1649 199 65 tabulae:
1623 1649 132 65 quia
1706 1649 199 65 pertinet
1855 1649 99 65 ad

129 1713 154 67 primam
236 1713 169 67 tabulam
360 1713 92 67 in
406 1713 108 67 qua
468 1713 139 67 nulla
560 1713 108 67 sit
622 1713 247 67 dispensatio,
822 1713 139 67 sicut
914 1713 108 67 fit
976 1713 77 67 a
1007 1713 108 67 deo
1069 1713 154 67 contra
1176 1713 200 67 praecepta
1330 1713 185 67 secundae
1469 1713 185 67 tabulae:
1608 1713 123 67 Dico
1685 1713 123 67 quod
1747 1713 169 67 praecepta

138 1776 163 59 primae
252 1776 179 59 tabulae
382 1776 130 59 quia
464 1776 212 59 pertinent
627 1776 277 59 principaliter
855 1776 98 59 ad
904 1776 245 59 dilectionem
1100 1776 130 59 dei,
1181 1776 147 59 aliis
1279 1776 163 59 eisdem
1393 1776 196 59 retentis
1540 1776 130 59 sunt
1622 1776 196 59 digniora
1768 1776 82 59 &
1785 1776 130 59 melio-

130 1812 92 60 ra
176 1812 138 60 illis
268 1812 92 60 de
314 1812 169 60 secunda
436 1812 153 60 tabula
544 1812 123 60 quae
620 1812 199 60 pertinent
774 1812 92 60 ad
820 1812 245 60 dilectionem,
1019 1812 184 60 proximi.
1157 1812 169 60 Propter
1280 1812 123 60 quid
1357 1812 138 60 etiam
1449 1812 169 60 dicitur
1571 1812 123 60 quod
1648 1812 92 60 in
1694 1812 138 60 illis
1786 1812 123 60 deus
1847 1812 77 60 non

135 1875 161 61 potest
248 1875 242 61 dispensare:
441 1875 113 61 sed
506 1875 97 61 in
554 1875 161 61 istis.
667 1875 178 61 Ratione
796 1875 145 61 tamen
893 1875 226 61 charitatis
1071 1875 81 61 &
1103 1875 129 61 modi
1184 1875 161 61 operis
1297 1875 129 61 bene
1377 1875 161 61 potest
1490 1875 274 61 praeponderare
1716 1875 178 61 aliquod
1829 1875 97 61 opus

135 1931 199 56 secundae
285 1931 183 56 tabulae
418 1931 149 56 operi
517 1931 183 56 primae.
650 1931 100 56 Et
700 1931 116 56 sic
766 1931 116 56 non
833 1931 199 56 obstante
982 1931 133 56 quod
1065 1931 183 56 ratione
1198 1931 133 56 voti
1281 1931 199 56 castitas
1430 1931 116 56 sub
1496 1931 133 56 voto
1579 1931 149 56 esset
1679 1931 100 56 de
1729 1931 149 56 prima
1812 1931 116 56 tabu-

136 1977 112 65 la:
200 1977 112 65 nec
264 1977 160 65 posset
376 1977 96 65 in
424 1977 128 65 illa
504 1977 240 65 dispensari:
696 1977 128 65 bene
776 1977 144 65 tamen
872 1977 160 65 posset
984 1977 176 65 aliquod
1111 1977 128 65 opus
1191 1977 192 65 secundae
1335 1977 176 65 tabulae
1463 1977 272 65 praeponderare
1687 1977 96 65 vt
1735 1977 160 65 dictum
1831 1977 96 65 est.

130 2030 142 70 Quin
219 2030 160 70 tamen
326 2030 107 70 in
380 2030 142 70 omni
469 2030 142 70 voto
558 2030 214 70 ecclesia
718 2030 107 70 si
771 2030 249 70 necessitas
967 2030 249 70 occurreret
1163 2030 178 70 posset
1288 2030 267 70 dispensare,
1502 2030 125 70 non
1573 2030 178 70 credo.
1697 2030 142 70 Vnde
1787 2030 178 70 distin

143 2091 192 68 guendum
282 2091 122 68 est
352 2091 105 68 de
404 2091 227 68 pertinere
579 2091 105 68 ad
631 2091 175 68 primam
753 2091 209 68 tabulam:
911 2091 140 68 quia
998 2091 192 68 aliquid
1138 2091 209 68 pertinet
1295 2091 105 68 ad
1347 2091 157 68 ipsam
1452 2091 122 68 per
1522 2091 105 68 se
1574 2091 87 68 &
1609 2091 105 68 ex
1661 2091 122 68 se:
1731 2091 105 68 vt
1783 2091 122 68 non
1836 2091 87 68 su-

134 2140 142 60 mere
223 2140 160 60 nomen
329 2140 124 60 dei
400 2140 106 60 in
454 2140 177 60 vanum.
578 2140 195 60 Aliquid
720 2140 124 60 per
791 2140 213 60 accidens
950 2140 89 60 &
986 2140 106 60 ex
1039 2140 231 60 adiuncto:
1216 2140 106 60 vt
1270 2140 213 60 castitas
1429 2140 124 60 sub
1500 2140 142 60 voto
1589 2140 106 60 ad
1642 2140 213 60 liberius
1784 2140 142 60 vacan-

133 2198 128 55 dum
206 2198 146 55 deo.
297 2198 110 55 Et
352 2198 164 55 licet
462 2198 110 55 in
516 2198 110 55 eo
571 2198 146 55 quod
663 2198 164 55 primo
772 2198 146 55 modo
863 2198 219 55 pertinet
1028 2198 110 55 ad
1083 2198 183 55 primam
1211 2198 201 55 tabulam
1357 2198 128 55 non
1430 2198 183 55 habeat
1558 2198 164 55 locum
1667 2198 292 55 dispensatio:

128 2237 143 74 habet
224 2237 143 74 tamen
319 2237 95 74 in
367 2237 127 74 illo
446 2237 127 74 quod
526 2237 191 74 pertinet
669 2237 95 74 ad
716 2237 143 74 ipsam
812 2237 175 74 secundo
939 2237 143 74 modo:
1035 2237 127 74 quia
1114 2237 143 74 talem
1209 2237 143 74 finem
1305 2237 175 74 statuit
1432 2237 207 74 castitati
1591 2237 143 74 votum
1686 2237 111 74 vel
1734 2237 191 74 propositum

120 2293 228 75 nostrum.
291 2293 114 75 Et
348 2293 133 75 per
424 2293 152 75 hunc
519 2293 171 75 modum
633 2293 247 75 martyrium
823 2293 247 75 reducitur
1013 2293 114 75 ad
1070 2293 171 75 illud
1184 2293 266 75 praeceptum
1393 2293 171 75 cuius
1507 2293 266 75 obseruatio
1716 2293 133 75 dat
1773 2293 152 75 causam

135 2350 236 75 martyrio:
316 2350 109 75 vt
370 2350 145 75 quia
461 2350 127 75 non
534 2350 145 75 vult
624 2350 181 75 negare
751 2350 145 75 vnum
842 2350 163 75 deum,
950 2350 109 75 ad
1005 2350 181 75 primum
1132 2350 254 75 praeceptum
1331 2350 181 75 primae
1458 2350 217 75 tabulae:
1621 2350 109 75 si
1675 2350 145 75 quia
1766 2350 127 75 non
1820 2350 109 75 vult

129 2410 218 68 peierare
292 2410 163 68 deum,
401 2410 109 68 ad
455 2410 236 68 secundum:
637 2410 109 68 si
691 2410 145 68 quia
782 2410 236 68 redarguit
963 2410 199 68 peccata
1108 2410 272 68 proximorum,
1326 2410 109 68 ad
1380 2410 199 68 aliquod
1525 2410 290 68 praeceptorum
1743 2410 181 68 secundae

133 2458 200 75 tabulae.
284 2458 100 75 Ad
334 2458 217 75 secundum:
501 2458 134 75 quod
584 2458 117 75 non
651 2458 117 75 est
718 2458 150 75 digna
818 2458 234 75 ponderatio
1002 2458 167 75 animae
1118 2458 267 75 continentis:
1336 2458 134 75 Dico
1419 2458 134 75 quod
1503 2458 117 75 non
1569 2458 200 75 loquitur
1720 2458 117 75 ibi
1786 2458 100 75 de
1820 2458 100 75 con-

129 2511 204 69 tinentia
282 2511 204 69 speciali
434 2511 136 69 quae
519 2511 119 69 est
587 2511 102 69 in
638 2511 136 69 sola
723 2511 237 69 castitate:
909 2511 119 69 sed
977 2511 102 69 de
1028 2511 136 69 illa
1113 2511 136 69 quae
1198 2511 254 69 generaliter
1401 2511 204 69 pertinet
1554 2511 102 69 ad
1605 2511 153 69 omnes
1706 2511 221 69 virtutes.
1859 2511 68 69 de

133 2571 142 72 quali
228 2571 190 72 loquitur
370 2571 237 72 philosophus
560 2571 111 72 in.
623 2571 126 72 vii.
702 2571 126 72 Eth.
781 2571 126 72 Vnde
860 2571 142 72 super
955 2571 142 72 illud
1050 2571 158 72 Animae
1160 2571 253 72 continentis.
1366 2571 142 72 dicit
1461 2571 142 72 Glos.
1556 2571 190 72 interli.
1698 2571 126 72 Quae
1777 2571 126 72 ipso
1840 2571 79 72 fue

129 2629 125 56 rit
201 2629 233 56 coniuncta
380 2629 233 56 spiritali
559 2629 215 56 scientia
720 2629 179 56 fidei:
846 2629 161 56 cuius
953 2629 125 56 est
1025 2629 233 56 continere
1204 2629 108 56 ab
1258 2629 143 56 omni
1348 2629 179 56 genere
1473 2629 215 56 vitiorum
1634 2629 90 56 &
1670 2629 161 56 omnia
1760 2629 161 56 mandata

133 2676 193 63 seruare
274 2676 105 63 ad
326 2676 140 63 quae
414 2676 105 63 se
466 2676 193 63 obligat
607 2676 105 63 in
659 2676 158 63 fidei
764 2676 263 63 professione
975 2676 88 63 &
1010 2676 245 63 sacramenti
1202 2676 263 63 baptismatis
1413 2676 280 63 susceptione.
1641 2676 158 63 Talem
1746 2676 158 63 autem
1833 2676 88 63 con

127 2725 235 72 tinentiam
308 2725 145 72 quae
398 2725 217 72 pertinet
561 2725 108 72 ad
615 2725 163 72 omnes
724 2725 217 72 virtutes
886 2725 90 72 &
923 2725 217 72 virtutum
1085 2725 181 72 opera:
1212 2725 90 72 &
1248 2725 127 72 sic
1320 2725 108 72 ad
1375 2725 145 72 bona
1465 2725 181 72 media,
1592 2725 235 72 conmparat
1772 2725 127 72 hic
1845 2725 108 72 ad

136 2784 134 67 bona
220 2784 184 67 infima:
354 2784 100 67 vt
404 2784 134 67 sunt
487 2784 217 67 scientiae
655 2784 251 67 saeculares,
855 2784 84 67 &
889 2784 134 67 bona
972 2784 134 67 quae
1056 2784 100 67 ex
1106 2784 150 67 illis
1206 2784 150 67 nobis
1306 2784 184 67 possunt
1440 2784 234 67 prouenire.
1624 2784 134 67 Vnde
1708 2784 150 67 super
1808 2784 150 67 illud

139 2837 147 67 Omnis
237 2837 261 67 poesderatio.
449 2837 147 67 Glos.
547 2837 196 67 interli.
694 2837 163 67 Operum
808 2837 147 67 mundi
906 2837 82 67 &
939 2837 229 67 sapientiae
1118 2837 245 67 saecularis.
1314 2837 180 67 Propter
1445 2837 131 67 quod
1526 2837 98 67 ex
1575 2837 131 67 illo
1657 2837 147 67 dicto
1738 2837 180 67 nequaquam

130 2904 181 61 potest
257 2904 236 61 concludi:
438 2904 145 61 quin
529 2904 272 61 continentia
746 2904 254 61 castitatis
945 2904 181 61 possit
1072 2904 181 61 habere
1199 2904 399 61 praeponderationem.
1543 2904 109 61 Et
1598 2904 127 61 per
1670 2904 181 61 eundem
1797 2904 163 61 modum

139 2949 118 67 quo
206 2949 134 67 dico
290 2949 168 67 aliqua
408 2949 151 67 opera
509 2949 118 67 non
576 2949 118 67 sub
643 2949 134 67 voto
727 2949 151 67 posse
828 2949 285 67 praeponderare
1063 2949 218 67 castitati
1231 2949 118 67 sub
1298 2949 151 67 voto:
1398 2949 118 67 sic
1466 2949 134 67 dico
1550 2949 134 67 quod
1634 2949 185 67 possunt
1751 2949 168 67 praepon-

131 2993 170 71 derare
250 2993 239 71 paupertati
438 2993 119 71 sub
506 2993 153 71 voto:
608 2993 85 71 &
642 2993 222 71 similiter
813 2993 324 71 abrenunciationi
1085 2993 204 71 propriae
1238 2993 239 71 voluntatis
1426 2993 119 71 sub
1494 2993 153 71 voto.
1596 2993 102 71 Et
1647 2993 119 71 per
1716 2993 136 71 hunc
1801 2993 153 71 modum

137 3052 131 72 dico
219 3052 197 72 secundum
366 3052 131 72 quod
448 3052 148 72 alias
546 3052 148 72 dixi,
645 3052 131 72 quod
727 3052 148 72 opera
825 3052 148 72 vitae
923 3052 180 72 actiuae
1054 3052 246 72 praelatorum
1251 3052 164 72 multum
1366 3052 279 72 praeponderant
1595 3052 197 72 operibus
1726 3052 197 72 contempla-

135 3103 196 73 tiuorum:
282 3103 82 73 &
314 3103 131 73 ideo
396 3103 163 73 status
511 3103 131 73 ille
592 3103 261 73 persectiores
805 3103 212 73 requirit:
968 3103 114 73 ita
1034 3103 131 73 quod
1115 3103 98 73 si
1164 3103 196 73 praelati
1311 3103 212 73 congruant
1475 3103 114 73 suo
1540 3103 163 73 statui
1638 3103 278 73 proportionabili

133 3159 119 80 ter
201 3159 137 80 modo
287 3159 119 80 quo
355 3159 222 80 religiosi
525 3159 119 80 suo
594 3159 171 80 statui
713 3159 239 80 congruunt,
901 3159 307 80 perfectissimus
1157 3159 222 80 praelatus
1328 3159 239 80 perfectior
1515 3159 119 80 est
1584 3159 290 80 perfectissimo
1806 3159 119 80 reli
