2414 3740
505 267 173 106 gioso.
626 267 156 106 Etiam
730 267 138 106 ipse
816 267 225 106 praelatus
989 267 121 106 cui
1059 267 225 106 incumbunt
1232 267 156 106 opera
1336 267 277 106 perfectionis
1561 267 190 106 actiuae
1699 267 87 106 &
1734 267 312 106 contemplatiuae
1993 267 242 106 perfectior
2184 267 121 106 est
2236 267 69 106 ex

503 360 211 63 operibus
662 360 141 63 suis
750 360 194 63 actiuis
891 360 141 63 quam
979 360 334 63 contemplatiuis,
1260 360 141 63 modo
1348 360 123 63 quo
1419 360 194 63 exposui
1560 360 123 63 in.
1630 360 141 63 xii.
1718 360 229 63 Quolibet.
1894 360 264 63 quaestione.
2105 360 158 63 xxix.
2193 360 106 63 Hinc

504 420 222 63 religiosi
675 420 188 63 quidam,
812 420 154 63 prout
914 420 103 63 ab
966 420 120 63 eis
1034 420 120 63 (ut
1102 420 205 63 dicitur)
1256 420 222 63 scribitur
1427 420 103 63 in
1478 420 205 63 tractatu
1632 420 171 63 quodam
1752 420 137 63 quem
1837 420 222 63 scholares
2008 420 222 63 appellant
2162 420 137 63 Corre-

507 471 197 70 ctorium,
654 471 164 70 dicunt
769 471 131 70 sic.
851 471 131 70 Quia
932 471 164 70 status
1047 471 246 70 praelatorum
1244 471 229 70 persectior
1424 471 115 70 est
1489 471 131 70 quam
1571 471 164 70 status
1686 471 278 70 religiosorum:
1915 471 115 70 hoc
1980 471 262 70 auctoritate,
2177 471 131 70 digni-

502 522 148 64 tate,
600 522 82 64 &
633 522 181 64 officio
764 522 197 64 constat.
912 522 115 64 Sed
978 522 148 64 vtrum
1076 522 181 64 merito:
1207 522 131 64 dico
1289 522 131 64 sine
1371 522 246 64 praeiudicio
1568 522 131 64 quod
1650 522 115 64 sic
1716 522 148 64 dummo
1815 522 115 64 sit
1880 522 148 64 bonus
1979 522 213 64 praelatus
2143 522 197 64 secundum

504 584 255 63 exigentiam
704 584 182 63 status
832 584 128 63 sui
905 584 164 63 nihil
1014 584 219 63 omittens
1178 584 109 63 de
1233 584 310 63 essentialibus
1488 584 274 63 tangentibus
1707 584 219 63 officium
1871 584 164 63 suum.
1981 584 109 63 Et
2035 584 237 63 subditur.
2200 584 109 63 Vnde

497 631 115 69 si
554 631 249 69 praelatus
746 631 230 69 animarum
918 631 211 69 salutem
1071 631 230 69 procuret
1244 631 172 69 prout
1359 631 172 69 debet
1474 631 211 69 docendo
1627 631 230 69 publice,
1799 631 96 69 &
1837 631 230 69 priuatim
2010 631 211 69 orando,
2163 631 153 69 dona
2240 631 57 69 &

502 683 240 69 sacrificia
691 683 223 69 offerendo
862 683 120 69 pro
931 683 206 69 peccatis
1085 683 137 69 suis
1171 683 86 69 &
1206 683 206 69 alienis:
1360 683 257 69 conseruando
1566 683 103 69 se
1617 683 86 69 &
1652 683 154 69 alios
1755 683 137 69 sine
1841 683 223 69 quaerela:
2012 683 103 69 et
2064 683 240 69 religiosus
2235 683 69 69 ex

509 737 154 64 parte
612 737 120 64 sua
680 737 223 64 perficiat
852 737 257 64 essentialia
1057 737 171 64 status
1177 737 120 64 sui
1246 737 188 64 viuendo
1383 737 103 64 in
1434 737 240 64 obedientia
1623 737 137 64 fine
1708 737 188 64 proprio
1845 737 86 64 &
1880 737 103 64 in
1931 737 240 64 castitate,
2120 737 188 64 videtur
2239 737 69 64 vt

512 793 162 59 dictum
625 793 114 59 est
690 793 146 59 maius
788 793 130 59 esse
869 793 179 59 meritum
999 793 195 59 praelati
1145 793 130 59 quam
1227 793 227 59 religiosi.
1405 793 97 59 Et
1454 793 195 59 inducunt
1600 793 97 59 ad
1649 793 114 59 hoc
1714 793 260 59 auctoritatem
1925 793 227 59 Augustinus
2104 793 97 59 in
2137 793 162 59 epistola

500 850 99 66 ad
549 850 198 66 Valerium
697 850 82 66 a
730 850 148 66 nobis
829 850 148 66 saepe
928 850 214 66 inductam,
1092 850 115 66 vbi
1158 850 165 66 dicit,
1273 850 148 66 Nihil
1372 850 115 66 est
1438 850 99 66 in
1487 850 115 66 hac
1553 850 132 66 vita
1635 850 115 66 &c.
1701 850 99 66 Et
1751 850 99 66 in
1800 850 115 66 his
1866 850 165 66 dictis
1981 850 132 66 suis
2064 850 214 66 veritatem
2212 850 82 66 con

499 892 216 67 fitentur
661 892 144 67 quam
751 892 216 67 tenemus.
913 892 144 67 Nisi
1003 892 144 67 enim
1093 892 126 67 ita
1165 892 180 67 esset,
1291 892 126 67 non
1363 892 234 67 sapienter
1543 892 198 67 agerent
1687 892 144 67 viri
1777 892 234 67 religiosi
1957 892 180 67 quando
2065 892 234 67 consentiunt

506 959 111 66 vt
562 959 222 66 praelati
729 959 185 66 fiant:
858 959 111 66 in
914 959 185 66 quorum
1044 959 167 66 statu
1155 959 204 66 oportet
1303 959 130 66 eos
1377 959 259 66 postponere
1581 959 167 66 opera
1692 959 352 66 contemplatiuae,
1988 959 93 66 &
2025 959 111 66 vt
2081 959 222 66 plurimum
2229 959 74 66 va

497 1008 146 60 care
588 1008 219 60 operibus
753 1008 219 60 actiuae,
917 1008 292 60 praedicando,
1155 1008 292 60 confessiones
1392 1008 238 60 audiendo,
1575 1008 274 60 consulendo:
1794 1008 128 60 aut
1867 1008 183 60 quando
1995 1008 256 60 priuilegia
2178 1008 128 60 impe-

506 1056 178 67 trant,
631 1056 124 67 vel
702 1056 178 67 oblata
826 1056 249 67 acceptant,
1022 1056 107 67 de
1075 1056 231 67 exercendo
1253 1056 160 67 opera
1360 1056 160 67 vitae
1466 1056 196 67 actiuae
1609 1056 107 67 in
1662 1056 356 67 praedicationibus
1964 1056 356 67 consultationibus
2249 1056 53 67 &

497 1123 345 60 confessionibus
784 1123 268 60 audiendis.
995 1123 153 60 Quid
1091 1123 153 60 enim
1186 1123 211 60 prodest
1339 1123 192 60 homini
1474 1123 115 60 si
1531 1123 249 60 vniuersum
1722 1123 192 60 mundum
1857 1123 249 60 lucretur:
2048 1123 192 60 animae
2163 1123 134 60 autem

505 1163 142 77 suae
594 1163 266 77 detrimentum
807 1163 231 77 patiatur:
984 1163 177 77 Matth.
1108 1163 142 77 xvi.
1197 1163 142 77 Quod
1286 1163 177 77 quidem
1410 1163 266 77 detrimentum
1623 1163 248 77 necessario
1818 1163 248 77 paterentur
2013 1163 142 77 isti
2102 1163 142 77 nisi
2173 1163 124 77 opera

507 1221 203 73 actiuae
654 1221 147 73 quae
746 1221 221 73 exercent
912 1221 332 73 recompensarent
1188 1221 276 73 detrimentum
1409 1221 184 73 operum
1538 1221 332 73 contemplatiuae
1814 1221 147 73 quae
1906 1221 239 73 omittunt.
2090 1221 147 73 Vnde
2164 1221 129 73 etiam

507 1276 128 63 quia
587 1276 112 63 ita
651 1276 112 63 est
715 1276 96 63 de
763 1276 208 63 praelatis
923 1276 192 63 respectu
1068 1276 256 63 religiosorum
1276 1276 336 63 contemplatiuorum,
1564 1276 80 63 &
1596 1276 96 63 de
1644 1276 192 63 operibus
1788 1276 176 63 actiuis
1917 1276 176 63 ipsorum
2045 1276 192 63 respectu
2173 1276 128 63 operum

510 1334 351 61 contemplatiuorum
809 1334 140 61 quae
897 1334 211 61 debentur
1055 1334 263 61 religiosis,
1265 1334 105 61 vt
1318 1334 228 61 religiosi
1493 1334 158 61 sunt:
1599 1334 158 61 dicit
1704 1334 176 61 quidam
1827 1334 176 61 doctor
1950 1334 246 61 religiosus
2143 1334 158 61 valde
2231 1334 70 61 ex

507 1382 207 60 cellens,
662 1382 86 60 &
696 1382 103 60 in
748 1382 207 60 scriptis
903 1382 224 60 reliquit:
1075 1382 241 60 religionem
1264 1382 155 60 illam
1367 1382 138 60 esse
1454 1382 275 60 perfectiorem
1677 1382 138 60 quae
1763 1382 224 60 proximius
1936 1382 207 60 operibus
2073 1382 224 60 praelatorum

504 1442 212 58 actiuis
658 1442 270 58 communicat
870 1442 96 58 &
908 1442 250 58 ordinatur
1101 1442 116 58 ad
1158 1442 154 58 illa
1255 1442 270 58 exercendum
1466 1442 116 58 in
1524 1442 270 58 adiutorium
1736 1442 289 58 praelatorum
1967 1442 96 58 &
2005 1442 250 58 profectum
2179 1442 116 58 popu

508 1487 185 74 lorum.
637 1487 148 74 vnde
730 1487 167 74 dicit
841 1487 148 74 sic.
933 1487 204 74 Summum.
1081 1487 185 74 gradum
1211 1487 111 74 in
1266 1487 296 74 religionibus
1507 1487 185 74 tenent
1636 1487 130 74 qui
1710 1487 259 74 ordinantur
1914 1487 111 74 ad
1969 1487 222 74 docendum
2136 1487 93 74 &
2154 1487 148 74 praedi

501 1549 183 62 candum:
634 1549 133 62 quam
717 1549 83 62 &
751 1549 316 62 propinquissimae
1017 1549 133 62 sunt
1100 1549 249 62 perfectioni
1299 1549 266 62 episcoporum.
1515 1549 150 62 Fines
1615 1549 166 62 namque
1731 1549 199 62 primorum
1881 1549 216 62 iunguntur
2047 1549 233 62 principiis
2213 1549 83 62 se-

500 1608 212 63 cundorum,
663 1608 98 63 vt
712 1608 147 63 dicit
810 1608 229 63 Dionysius.
990 1608 131 63 vii.
1072 1608 114 63 ca.
1137 1608 98 63 de
1186 1608 180 63 diuinis
1317 1608 229 63 nominibus.
1496 1608 163 63 Quibus
1611 1608 147 63 tamen
1709 1608 229 63 religiosis
1889 1608 131 63 nisi
1970 1608 229 63 necessitas
2134 1608 163 63 coactio-

501 1653 139 71 nis,
588 1653 122 71 vel
657 1653 105 71 ex
710 1653 279 71 conscientia,
936 1653 122 71 vel
1006 1653 105 71 ab
1058 1653 174 71 homine
1180 1653 105 71 ad
1233 1653 157 71 talia
1337 1653 122 71 eos
1407 1653 279 71 compelleret,
1634 1653 105 71 ea
1686 1653 209 71 exercere
1843 1653 122 71 non
1913 1653 209 71 liceret.
2069 1653 192 71 dicente
2191 1653 105 71 Dio-

510 1708 160 56 nysio.
622 1708 128 56 vii.
702 1708 128 56 caa.
782 1708 96 56 de
830 1708 144 56 cael.
926 1708 208 56 hierarch.
1086 1708 112 56 Non
1150 1708 128 56 enim
1230 1708 112 56 fas
1294 1708 112 56 est
1358 1708 208 56 sanctorum
1518 1708 288 56 perfectioribus
1758 1708 96 56 ac
1806 1708 160 56 sancte
1918 1708 208 56 perfectis
2078 1708 176 56 operari
2206 1708 128 56 quid

501 1765 170 51 omnino
620 1765 187 51 praeter
756 1765 187 51 propria
891 1765 221 51 hostiarum
1061 1765 221 51 mysteria,
1231 1765 102 51 ac
1282 1765 170 51 sacras
1401 1765 289 51 ordinationes.
1638 1765 136 51 Quod
1723 1765 204 51 exponens
1876 1765 153 51 Hugo.
1978 1765 153 51 dicit
2079 1765 136 51 sic:
2164 1765 119 51 Fas
2215 1765 85 51 non

508 1813 122 75 est,
584 1813 107 75 hoc
645 1813 107 75 est
707 1813 168 75 licitum
829 1813 153 75 omnino
936 1813 168 75 aliquid
1058 1813 168 75 operari
1181 1813 122 75 siue
1257 1813 199 75 sanctorum
1410 1813 291 75 perfectioribus.
1655 1813 92 75 i.
1701 1813 107 75 qui
1762 1813 138 75 alios
1854 1813 92 75 in
1899 1813 214 75 sanctitate
2068 1813 229 75 perficiunt,
2236 1813 61 75 si

508 1873 86 73 ue
551 1873 144 73 sancte
652 1873 216 73 perfectisi,
825 1873 86 73 i.
868 1873 101 73 qui
926 1873 86 73 ab
969 1873 130 73 aliis
1055 1873 86 73 in
1098 1873 202 73 sanctitate
1257 1873 245 73 perficiuntur,
1459 1873 159 73 praeter
1574 1873 159 73 propria
1689 1873 187 73 hostiarum
1833 1873 187 73 mysteri,a
1978 1873 72 73 .
2006 1873 86 73 i.
2050 1873 159 73 propria
2150 1873 159 73 gratiarum

511 1919 148 79 dona,
609 1919 82 79 &
642 1919 181 79 prprias
773 1919 164 79 sacras
888 1919 263 79 ordinationes
1102 1919 214 79 vnicuique
1266 1919 181 79 proprie
1398 1919 246 79 assignatas.
1595 1919 115 79 Nam
1660 1919 131 79 sine
1743 1919 164 79 gratia
1858 1919 181 79 operari
1989 1919 148 79 vanum
2087 1919 131 79 est:
2153 1919 148 79 praeter

502 1966 191 84 ordinem
640 1966 191 84 operari
779 1966 121 84 aut
848 1966 191 84 contra,
987 1966 225 84 peruersum
1160 1966 139 84 est.
1247 1966 173 84 Habent
1368 1966 173 84 namque
1489 1966 191 84 singuli
1628 1966 191 84 propria
1767 1966 139 84 dona
1853 1966 208 84 secundum
2009 1966 139 84 quae
2096 1966 173 84 valent
2200 1966 104 84 ope-

505 2030 165 71 rari,
615 2030 92 71 &
652 2030 202 71 ordines
798 2030 220 71 proprios
964 2030 220 71 secundum
1129 2030 147 71 quos
1221 2030 184 71 debent
1349 2030 147 71 suam
1441 2030 275 71 operationem
1661 2030 239 71 moderari.
1845 2030 239 71 Propterea
2029 2030 202 71 necesse
2175 2030 129 71 est
2231 2030 73 71 vt

505 2076 188 74 studeat
642 2076 257 74 vnusquisque
847 2076 188 74 gratiam
984 2076 137 74 quam
1070 2076 188 74 accepit
1207 2076 240 74 agnoscere,
1395 2076 103 74 ne
1447 2076 206 74 incipiat
1601 2076 240 74 praesumere
1789 2076 103 74 in
1841 2076 103 74 eo
1892 2076 137 74 quid
1978 2076 120 74 non
2046 2076 188 74 potest,
2183 2076 86 74 &
2200 2076 103 74 offi

510 2133 146 79 cium
601 2133 219 79 proprium
766 2133 256 79 ordinemque
967 2133 256 79 attendere,
1168 2133 110 79 ne
1223 2133 183 79 audeat
1351 2133 256 79 transgredi
1552 2133 110 79 in
1607 2133 110 79 eo
1662 2133 146 79 quod
1753 2133 128 79 non
1826 2133 183 79 debet.
1955 2133 146 79 Hunc
2046 2133 201 79 ordinem
2174 2133 128 79 diui-

511 2184 127 64 nae
583 2184 327 64 dispensationis
856 2184 254 64 diligenter
1055 2184 236 64 seruandum
1237 2184 145 64 esse
1327 2184 181 64 Petrus
1454 2184 236 64 apostolus
1636 2184 200 64 admonet
1781 2184 200 64 dicens.
1926 2184 272 64 Vnusquisque
2144 2184 163 64 sicut
2234 2184 73 64 ac

509 2248 166 61 cepit
619 2248 203 61 gratiam
767 2248 111 61 in
822 2248 258 61 alterutrum
1025 2248 351 61 administrantes.
1320 2248 111 61 Et
1376 2248 184 61 Paulus
1505 2248 129 61 eos
1579 2248 129 61 qui
1652 2248 148 61 hanc
1745 2248 203 61 diuinam
1892 2248 295 61 ordinationem
2132 2248 92 61 &
2150 2248 148 61 dispem

509 2290 218 87 sationem
673 2290 182 87 tenere
800 2290 237 87 noluerunt
982 2290 273 87 reprehendit
1200 2290 200 87 dicens.
1346 2290 200 87 Numquid
1491 2290 164 87 omnes
1600 2290 237 87 apostoli:
1782 2290 200 87 nunquid
1928 2290 164 87 omnes
2037 2290 255 87 prophetae:
2219 2290 91 87 &c.

510 2346 224 81 Propterea
682 2346 121 81 fas
751 2346 121 81 non
820 2346 121 81 est
889 2346 121 81 his
958 2346 121 81 qui
1027 2346 190 81 diuinae
1165 2346 190 81 gratiae
1302 2346 241 81 participes
1492 2346 155 81 facti
1595 2346 155 81 sunt,
1699 2346 138 81 siue
1785 2346 224 81 immediate
1957 2346 86 81 a
1992 2346 138 81 deo,
2078 2346 138 81 siue
2164 2346 121 81 per
2216 2346 86 81 ho-

506 2397 160 77 minem
613 2397 124 77 eam
684 2397 266 77 acceperint,
897 2397 195 77 aliquid
1039 2397 195 77 operari
1181 2397 195 77 praeter
1323 2397 195 77 propria
1465 2397 142 77 dona
1554 2397 89 77 &
1590 2397 213 77 officia:
1749 2397 107 77 vt
1803 2397 178 77 diuina
1927 2397 266 77 pulchritudo
2140 2397 107 77 in
2176 2397 124 77 omni-

520 2452 122 84 bus
589 2452 262 84 conseruetur
799 2452 87 84 &
834 2452 140 84 ordo
921 2452 314 84 dispensationis
1183 2452 175 84 summae
1305 2452 262 84 perseueret.
1515 2452 105 84 Et
1567 2452 175 84 infra.
1690 2452 105 84 Vt
1742 2452 227 84 videlicet
1917 2452 105 84 id
1969 2452 157 84 solum
2074 2452 262 84 vnusquisque

510 2516 192 58 operari
649 2516 227 58 praesumat
824 2516 140 58 quod
911 2516 105 58 ad
963 2516 192 58 ordinem
1103 2516 87 58 &
1138 2516 209 58 officium
1295 2516 140 58 sibi
1382 2516 244 58 assignatos
1574 2516 209 58 spectare
1731 2516 227 58 probatur.
1906 2516 105 58 Et
1958 2516 175 58 infra.
2080 2516 192 58 Quoniam
2202 2516 105 58 ali-

508 2567 127 65 ter
580 2567 254 65 subsistere
780 2567 127 65 non
852 2567 199 65 possunt
997 2567 109 65 in
1052 2567 109 65 eo
1106 2567 163 65 statu
1215 2567 127 65 quo
1287 2567 199 65 diuinam
1432 2567 326 65 pulchritudinem
1704 2567 254 65 imitantur.
1903 2567 145 65 Hinc
1994 2567 163 65 etiam
2103 2567 181 65 iandiu
2211 2567 91 65 oc-

509 2622 192 74 casione
648 2622 297 74 disputationum
893 2622 87 74 &
927 2622 297 74 altercationum
1172 2622 140 74 quas
1259 2622 209 74 magistri
1416 2622 209 74 Parisien
1573 2622 209 74 habebant
1730 2622 157 74 inter
1835 2622 105 74 se
1888 2622 105 74 de
1940 2622 262 74 perfectione
2132 2622 157 74 statuum

505 2671 201 72 maiori
646 2671 141 72 vel
726 2671 221 72 minori:
887 2671 201 72 audiui
1028 2671 221 72 dominum
1189 2671 181 72 papam
1310 2671 262 72 Clementem
1511 2671 141 72 cum
1592 2671 181 72 adhuc
1712 2671 181 72 esset
1833 2671 242 72 legatus,
2014 2671 121 72 ad
2055 2671 242 72 dirimendum

505 2724 179 78 dictas
631 2724 305 78 altercationes
882 2724 108 78 in
935 2724 179 78 quadam
1061 2724 305 78 praedicatione
1312 2724 126 78 sua
1384 2724 233 78 praeferre
1563 2724 269 78 simpliciter
1778 2724 179 78 statum
1904 2724 269 78 praelatorum
2119 2724 179 78 statui
2226 2724 72 78 re

514 2777 253 87 ligiosorum:
717 2777 152 87 licet
818 2777 152 87 forte
919 2777 118 87 (ut
986 2777 202 87 dicebat)
1138 2777 135 87 ipsi
1223 2777 202 87 praelati
1374 2777 118 87 non
1442 2777 253 87 congruerent
1644 2777 101 87 in
1695 2777 186 87 omnibus
1830 2777 169 87 statui
1948 2777 135 87 suo,
2032 2777 118 87 sed
2100 2777 169 87 essent
2201 2777 101 87 mul-

513 2837 101 60 ti
564 2837 101 60 ex
614 2837 118 60 eis
681 2837 269 60 congruentius
900 2837 185 60 subditi
1035 2837 135 60 quam
1119 2837 219 60 praelati.
1287 2837 101 60 Et
1338 2837 118 60 hoc
1405 2837 185 60 dicebat
1540 2837 219 60 exponendo
1708 2837 151 60 illud
1809 2837 286 60 Ecclesiastes.
2045 2837 101 60 x.
2095 2837 135 60 Vidi
2162 2837 135 60 seruos

506 2886 112 79 in
562 2886 169 79 equis
675 2886 94 79 &
712 2886 243 79 principes
900 2886 225 79 ambulare
1068 2886 169 79 super
1180 2886 206 79 terram.
1330 2886 131 79 Sed
1405 2886 150 79 nunc
1499 2886 169 79 mirum
1611 2886 131 79 est
1686 2886 169 79 quare
1798 2886 187 79 aliqui
1929 2886 131 79 sic
2004 2886 225 79 nituntur
2154 2886 150 79 depri-

515 2945 146 78 mere
606 2945 182 78 statum
733 2945 291 78 praelatorum,
970 2945 109 78 vt
1024 2945 182 78 dicant
1152 2945 164 78 primo
1261 2945 146 78 quod
1352 2945 109 78 in
1406 2945 164 78 ipsis
1516 2945 127 78 non
1588 2945 255 78 requiritur
1789 2945 237 78 perfectio
1970 2945 127 78 nec
2025 2945 273 78 praeeminentia

512 2992 253 75 sanctitatis
714 2992 84 75 &
748 2992 219 75 bonitatis
916 2992 135 75 nisi
1001 2992 152 75 solum
1102 2992 101 75 de
1152 2992 253 75 congruentia
1355 2992 84 75 &
1388 2992 118 75 non
1456 2992 101 75 de
1506 2992 253 75 necessitate
1708 2992 185 75 status.
1843 2992 185 75 Secundo
1978 2992 135 75 quod
2062 2992 152 75 opera
2163 2992 118 75 eis
2214 2992 84 75 pro

512 3050 130 66 pria
593 3050 178 66 ratione
723 3050 162 66 status
836 3050 259 66 praelationis
1047 3050 113 66 non
1112 3050 130 66 sunt
1193 3050 162 66 tantae
1306 3050 276 66 difficultatis
1533 3050 81 66 &
1566 3050 227 66 arduitatis
1744 3050 97 66 de
1792 3050 162 66 genere
1906 3050 130 66 suo,
1987 3050 178 66 quantae
2117 3050 130 66 sunt
2182 3050 113 66 opera

509 3105 268 76 religiosorum
727 3105 134 76 eis,
811 3105 201 76 propria,
962 3105 101 76 vt
1012 3105 218 76 religiosi
1179 3105 151 76 sunt:
1280 3105 184 76 quia(ut
1414 3105 184 76 dicunt)
1548 3105 117 76 non
1615 3105 117 76 est
1682 3105 168 76 multum
1799 3105 151 76 graue
1900 3105 117 76 seu
1967 3105 218 76 difficile
2134 3105 101 76 de
2168 3105 134 76 genere

513 3154 260 104 praedicando
721 3154 243 104 illuminare
911 3154 208 104 populum,
1067 3154 121 104 nec
1136 3154 243 104 corrigendo
1327 3154 156 104 ipsum
1431 3154 208 104 purgare,
1587 3154 121 104 nec
1656 3154 243 104 sacramenta
1847 3154 260 104 ministrando
2054 3154 156 104 ipsum
2141 3154 156 104 sancti
