2379 3749
107 249 148 94 ficare
211 249 74 94 &
240 249 207 94 perficere:
403 249 118 94 quae
477 249 118 94 sunt
551 249 133 94 opera
639 249 222 94 hierarchica
817 249 89 94 ad
861 249 192 94 praelatos
1009 249 237 94 pertinentia,
1201 249 103 94 non
1260 249 133 94 solum
1349 249 89 94 ad
1393 249 163 94 maiores
1512 249 89 94 vt
1556 249 163 94 epseos:
1674 249 103 94 sed
1734 249 133 94 etiam

104 340 93 65 ad
151 340 171 65 minore.
276 340 187 65 scilicet
416 340 93 65 ad
462 340 233 65 parochiales
649 340 249 65 presbyteros,
851 340 124 65 eis,
929 340 171 65 propria
1053 340 171 65 ratione
1178 340 109 65 sui
1240 340 171 65 status,
1364 340 140 65 licet
1458 340 187 65 secundum
1598 340 140 65 magis
1691 340 78 65 &
1707 340 124 65 minus.

102 386 165 68 Quamuis
222 386 135 68 autem
313 386 135 68 alias
403 386 135 68 horum
493 386 196 68 contraria
644 386 226 68 euidentibus
824 386 271 68 auctoritatibus
1050 386 75 68 &
1080 386 211 68 rationibus
1245 386 256 68 declarauimus:
1456 386 105 68 non
1516 386 150 68 taedet
1621 386 135 68 tamen
1697 386 120 68 aliqua

104 440 99 60 iam
160 440 169 60 dictorum
287 440 99 60 sub
343 440 183 60 compendio
484 440 113 60 nunc
555 440 183 60 repetere:
695 440 70 60 &
724 440 155 60 propter
836 440 113 60 illa
907 440 113 60 quae
977 440 113 60 isti
1047 440 141 60 dicunt
1146 440 127 60 circa
1231 440 141 60 statum
1329 440 211 60 praelatorum
1498 440 155 60 quaedam
1611 440 113 60 alia
1681 440 155 60 addere:
1780 440 42 60 &

100 495 144 66 dicta
196 495 176 66 ipsorum
324 495 112 66 quo
388 495 96 66 ad
436 495 112 66 hoc
500 495 112 66 non
564 495 144 66 solum
660 495 224 66 rationibus
836 495 112 66 sed
900 495 160 66 maxime
1012 495 208 66 sanctorum
1172 495 288 66 auctoritatibus
1412 495 224 66 refellere.
1588 495 112 66 Est
1652 495 160 66 igitur
1748 495 64 66 il

105 548 205 75 principio
263 548 252 75 aduertendum:
468 548 126 75 quod
546 548 95 75 ad
594 548 126 75 vere
672 548 221 75 iudicandum
846 548 142 75 inter
940 548 110 75 duo
1003 548 221 75 adinuicem,
1176 548 142 75 vtrum
1271 548 173 75 illorum
1397 548 95 75 in
1444 548 158 75 aliquo
1554 548 252 75 praerogatiuo
1743 548 79 75 emi

105 607 139 68 neat,
197 607 170 68 oportet
321 607 139 68 primo
414 607 186 68 aspicere
554 607 201 68 solummodo
709 607 93 68 ad
755 607 124 68 illa
833 607 124 68 quae
910 607 108 68 per
972 607 93 68 se
1018 607 124 68 nata
1096 607 124 68 sunt
1173 607 139 68 illis
1266 607 217 68 conuenire,
1437 607 108 68 non
1499 607 139 68 autem
1592 607 124 68 quae
1669 607 108 68 per
1716 607 108 68 acci-

105 654 152 73 dens.
206 654 186 73 Secundo
341 654 186 73 oportet
476 654 202 73 aspicere
628 654 101 73 ad
679 654 152 73 omnia
780 654 84 73 &
814 654 186 73 singula
949 654 152 73 talia
1050 654 118 73 non
1117 654 101 73 ad
1168 654 169 73 aliqua
1286 654 186 73 tantum.
1421 654 169 73 Tertio
1539 654 186 73 oportet
1657 654 169 73 aspicere

112 715 97 64 ad
160 715 130 64 bona
241 715 178 64 caetera
371 715 97 64 si
419 715 130 64 sint
500 715 162 64 paria,
614 715 81 64 &
646 715 130 64 illa
727 715 97 64 in
776 715 259 64 comparatione
986 715 275 64 praesupponere
1213 715 130 64 esse
1294 715 162 64 paria,
1407 715 97 64 vt
1456 715 162 64 siquis
1569 715 146 64 velit
1650 715 178 64 comparare

109 778 224 62 castitatem
285 778 224 62 virginalem
461 778 96 62 ad
509 778 224 62 castitatem
685 778 240 62 coniugalem,
877 778 112 62 non
941 778 144 62 debet
1037 778 192 62 aspicere
1181 778 96 62 ad
1229 778 240 62 conditiones
1421 778 224 62 personarum
1597 778 128 62 quae
1677 778 128 62 sunt
1757 778 96 62 in

106 823 138 68 istis
198 823 199 68 statibus:
351 823 123 68 puta
428 823 92 68 si
474 823 184 68 meliores
612 823 77 68 &
642 823 215 68 sanctiores
811 823 230 68 inueniantur
995 823 92 68 in
1041 823 184 68 coniugio
1179 823 123 68 quam
1256 823 92 68 in
1302 823 245 68 virginitate:
1501 823 107 68 non
1562 823 92 68 ex
1608 823 107 68 hoc
1654 823 169 68 praeferem

103 879 113 70 dum
167 879 225 70 coniugium:
344 879 129 70 quia
424 879 145 70 illud
521 879 177 70 accidit
649 879 177 70 statui.
778 879 209 70 Similiter
939 879 113 70 non
1003 879 145 70 debet
1100 879 193 70 aspicere
1244 879 96 70 ad
1293 879 177 70 aliquam
1421 879 241 70 conditionem
1598 879 225 70 particularem

103 931 242 56 solummodo,
293 931 138 56 puta
379 931 104 56 si
431 931 173 56 melior
551 931 121 56 est
620 931 242 56 corporalis
810 931 259 56 foecunditas
1017 931 207 56 coniugum
1172 931 138 56 quam
1259 931 242 56 sterilitas
1448 931 224 56 virginum:
1621 931 121 56 non
1673 931 155 56 propter

105 986 111 63 hoc
169 986 239 63 simpliciter
360 986 207 63 coniugium
519 986 111 63 est
582 986 255 63 praeferendum
789 986 255 63 virginitati:
996 986 127 63 quia
1075 986 223 63 virginitas
1250 986 95 63 in
1298 986 143 63 aliis
1394 986 191 63 pluribus
1537 986 80 63 &
1568 986 223 63 potioribus
1728 986 95 63 prae

102 1039 172 62 eminet.
227 1039 203 62 Similiter
383 1039 109 62 non
445 1039 140 62 debet
539 1039 187 62 aspicere
679 1039 140 62 solum
773 1039 94 62 ad
820 1039 234 62 conditiones
1007 1039 125 62 quae
1085 1039 109 62 per
1147 1039 94 62 se
1194 1039 187 62 singulis
1334 1039 234 62 conueniunt:
1521 1039 109 62 sed
1584 1039 140 62 etiam
1677 1039 94 62 ad
1708 1039 125 62 caete-

108 1089 96 72 ra
156 1089 128 72 quae
236 1089 192 72 vtrisque
380 1089 128 72 nata
460 1089 128 72 sunt
540 1089 208 72 conuenire
700 1089 96 72 si
748 1089 128 72 sint
828 1089 160 72 paria,
940 1089 80 72 &
972 1089 128 72 illa
1051 1089 128 72 esse
1131 1089 144 72 paria
1227 1089 224 72 supponere.
1403 1089 128 72 puta
1483 1089 96 72 si
1531 1089 160 72 melior
1643 1089 112 72 est
1691 1089 144 72 coniumx

105 1147 186 54 obediens
245 1147 124 54 quam
323 1147 140 54 virgo
416 1147 233 54 inobediens:
602 1147 109 54 non
664 1147 171 54 propter
789 1147 109 54 hoc
851 1147 202 54 coniugium
1006 1147 248 54 praeferendum
1208 1147 109 54 est
1270 1147 248 54 virginitati.
1472 1147 186 54 secundum
1612 1147 124 54 quod
1689 1147 93 54 de
1720 1147 109 54 primo

107 1199 181 58 istorum
238 1199 148 58 dicit
337 1199 165 58 Augus.
452 1199 148 58 intio
551 1199 115 58 il.
617 1199 313 58 retractationum.
881 1199 148 58 Error
980 1199 198 58 sacrarum
1128 1199 198 58 virginum
1276 1199 181 58 meritum
1408 1199 198 58 aequando
1556 1199 231 58 pudicitiae
1721 1199 115 58 coniu

100 1253 130 81 gali
181 1253 162 81 tantum
294 1253 195 81 inualuit
440 1253 97 81 vt
489 1253 114 81 non
554 1253 162 81 nullas
667 1253 146 81 etiam
765 1253 195 81 moniales
911 1253 211 81 deiecisse
1073 1253 97 81 in
1121 1253 178 81 nuptias
1251 1253 227 81 diceretur.
1430 1253 97 81 Et
1478 1253 162 81 maxime
1592 1253 211 81 argumento
1738 1253 97 81 tali

114 1305 98 72 Tu
163 1305 98 72 ne
212 1305 164 72 melior
327 1305 98 72 es
376 1305 147 72 Sara:
474 1305 164 72 Melior
589 1305 98 72 ne
638 1305 98 72 es
687 1305 131 72 quam
769 1305 197 72 Susanna:
916 1305 115 72 Cui
982 1305 213 72 respondet
1146 1305 98 72 in
1195 1305 147 72 libro
1293 1305 98 72 de
1342 1305 131 72 bono
1424 1305 213 72 coniugali
1588 1305 180 72 dicens.
1719 1305 98 72 Si
1752 1305 82 72 res

102 1365 151 58 ipsas
203 1365 252 58 comparemus,
405 1365 151 58 nullo
506 1365 135 58 modo
590 1365 236 58 dubitandum
775 1365 118 58 est
842 1365 202 58 meliorem
994 1365 135 58 esse
1078 1365 236 58 castitatem
1263 1365 236 58 virginalem
1448 1365 135 58 quam
1532 1365 236 58 castitatem
1700 1365 135 58 coniu-

105 1419 164 64 galem.
219 1419 180 64 Homines
351 1419 148 64 autem
449 1419 115 64 cum
515 1419 246 64 comparamus,
712 1419 131 64 ille
794 1419 164 64 melior
908 1419 115 64 est
974 1419 115 64 qui
1040 1419 148 64 bonum
1138 1419 180 64 amplius
1269 1419 131 64 quam
1351 1419 148 64 alius
1450 1419 164 64 habet.
1565 1419 98 64 De
1614 1419 180 64 secundo
1745 1419 115 64 di-

95 1474 115 62 cit
160 1474 115 62 li.
226 1474 131 62 xvi.
308 1474 98 62 de
357 1474 197 62 ciuitate
504 1474 131 62 dei.
586 1474 180 62 Nouimus
717 1474 115 62 non
783 1474 98 62 ex
832 1474 148 62 bonis
931 1474 197 62 singulis
1078 1474 180 62 homines
1209 1474 148 62 inter
1308 1474 98 62 se
1357 1474 229 62 comparare:
1537 1474 115 62 sed
1603 1474 148 62 simul
1701 1474 164 62 quoque

95 1521 242 57 comparemus
285 1521 225 57 vniuersa.
458 1521 138 57 Vnde
545 1521 138 57 quia
631 1521 260 57 foecunditas
839 1521 260 57 spiritualis
1046 1521 104 57 in
1098 1521 242 57 virginibus
1289 1521 138 57 quam
1375 1521 208 57 requirit
1531 1521 156 57 earum
1635 1521 173 57 status
1738 1521 87 57 cum

98 1576 253 66 sterilitate
300 1576 236 66 corporali,
486 1576 270 66 foecunditati
705 1576 270 66 coniugatorum
924 1576 219 66 corporali
1092 1576 287 66 praeponderat:
1328 1576 118 66 non
1396 1576 169 66 status
1514 1576 287 66 coniugatorum:
1750 1576 118 66 sed

111 1638 175 60 virginum
243 1638 233 60 praeferendus
432 1638 117 60 est.
505 1638 160 60 dicente
621 1638 204 60 Augustinus
781 1638 131 60 libro
869 1638 87 60 de
912 1638 146 60 virgi.
1014 1638 175 60 Felicior
1145 1638 146 60 partus
1247 1638 218 60 spiritualis
1422 1638 117 60 quam
1495 1638 189 60 carnalis.
1641 1638 160 60 Beatior
1743 1638 87 60 enim

105 1685 147 62 Maria
203 1685 131 62 fuit
285 1685 245 62 concipiendo
481 1685 196 62 Christum
628 1685 131 62 fide
710 1685 131 62 quam
792 1685 164 62 carne.
907 1685 180 62 Materna
1037 1685 131 62 enim
1119 1685 262 62 propinquitas
1332 1685 147 62 nihil
1430 1685 98 62 ei
1479 1685 229 62 profuisset
1659 1685 131 62 nisi
1725 1685 98 62 feli

110 1736 127 64 cius
190 1736 143 64 ipsum
285 1736 127 64 fide
364 1736 127 64 quam
444 1736 143 64 carne
539 1736 222 64 gestasset.
714 1736 127 64 ldem
793 1736 143 64 super
888 1736 143 64 illud
983 1736 159 64 Lucae.
1095 1736 111 64 xi.
1158 1736 143 64 Beati
1253 1736 111 64 qui
1317 1736 175 64 audiunt
1444 1736 159 64 verbum
1555 1736 111 64 dei
1619 1736 79 64 &
1634 1736 191 64 custodiunt

102 1794 165 64 illud.
218 1794 116 64 Hoc
284 1794 199 64 (inquit)
433 1794 116 64 est
500 1794 182 64 dicere:
632 1794 149 64 mater
731 1794 116 64 mea
797 1794 132 64 quam
880 1794 199 64 appellas
1029 1794 199 64 felicem,
1178 1794 132 64 inde
1261 1794 149 64 felix
1360 1794 132 64 est:
1442 1794 132 64 quia
1525 1794 165 64 verbum
1641 1794 116 64 dei
1691 1794 132 64 custo-

99 1845 137 60 dit:
185 1845 120 60 non
253 1845 137 60 quia
339 1845 103 60 in
391 1845 137 60 illa
477 1845 172 60 Verbum
597 1845 137 60 caro
683 1845 172 60 factum
803 1845 137 60 est.
889 1845 103 60 De
940 1845 189 60 tertio.
1078 1845 137 60 xvi.
1163 1845 103 60 de
1215 1845 206 60 ciuitate
1369 1845 120 60 dei
1438 1845 137 60 post
1524 1845 172 60 verbum
1627 1845 206 60 praedictum

103 1898 115 68 sub
168 1898 197 68 singulis
316 1898 263 68 inspiciendis
529 1898 295 68 comprehendendo
776 1898 181 68 caetera
907 1898 131 68 bona
989 1898 131 68 quae
1071 1898 230 68 conmuniter
1252 1898 181 68 possunt
1383 1898 164 68 inesse
1498 1898 181 68 ambobus
1629 1898 131 68 quae
1695 1898 131 68 debent

105 1953 177 58 supponi
234 1953 129 58 esse
315 1953 161 58 paria,
428 1953 194 58 continue
573 1953 161 58 subdit
686 1953 177 58 dicens.
815 1953 97 58 Ac
863 1953 113 58 per
928 1953 113 58 hoc
992 1953 129 58 sano
1073 1953 177 58 veroque
1202 1953 194 58 consilio
1347 1953 113 58 cum
1412 1953 242 58 continentia
1605 1953 194 58 coniugio
1734 1953 97 58 prae

97 2008 182 66 feratur:
233 2008 151 66 melior
339 2008 136 66 tamen
430 2008 106 66 est
490 2008 166 66 fidelis
611 2008 227 66 coniugatus,
793 2008 121 66 quam
869 2008 197 66 continens
1020 2008 212 66 infidelis:
1186 2008 76 66 &
1217 2008 182 66 obediens
1353 2008 136 66 adeo:
1444 2008 121 66 quam
1519 2008 197 66 continens
1671 2008 166 66 minoris
1776 2008 61 66 fi

99 2063 113 59 dei
164 2063 227 59 minorisque
342 2063 259 59 obedientiae.
552 2063 97 59 Si
601 2063 130 59 vero
682 2063 146 59 paria
779 2063 130 59 sint
860 2063 194 59 caetera,
1005 2063 243 59 continentem
1200 2063 210 59 coniugato
1362 2063 210 59 praeferre
1523 2063 130 59 quis
1604 2063 194 59 ambigit:
1734 2063 97 59 Nunc

100 2113 132 58 autem
188 2113 118 58 tria
262 2113 147 58 genera
365 2113 147 58 operum
468 2113 103 58 per
526 2113 88 58 se
570 2113 206 58 conueniunt
732 2113 147 58 statui
835 2113 220 58 praelatorum
1011 2113 162 58 ratione
1129 2113 103 58 sui
1187 2113 132 58 statu
1275 2113 176 58 scilicet
1408 2113 176 58 purgare,
1540 2113 220 58 illuminare,
1716 2113 73 58 &
1731 2113 88 58 per-

102 2165 169 68 ficere:
224 2165 107 68 qui
286 2165 123 68 sunt
362 2165 123 68 tres
439 2165 138 68 actus
531 2165 230 68 hierarchici
715 2165 107 68 per
776 2165 169 68 ordinem
899 2165 92 68 se
945 2165 199 68 habentes.
1098 2165 184 68 secundum
1236 2165 123 68 quid
1313 2165 138 68 dicit
1405 2165 138 68 Hugo.
1497 2165 107 68 vbi
1558 2165 153 68 supra.
1666 2165 123 68 Nisi
1727 2165 92 68 prae

99 2217 182 64 cederet
232 2217 199 64 purgatio
381 2217 116 64 non
448 2217 232 64 sequeretur
630 2217 265 64 illuminatio:
846 2217 83 64 &
879 2217 133 64 nisi
962 2217 232 64 sequeretur
1144 2217 249 64 illuminatio
1343 2217 116 64 non
1409 2217 182 64 veniret
1542 2217 265 64 consummatio.
1741 2217 83 64 Si-

103 2269 110 64 cut
166 2269 125 64 enim
244 2269 219 64 illuminari
416 2269 110 64 non
479 2269 157 64 potest
589 2269 110 64 qui
651 2269 110 64 non
714 2269 110 64 est
776 2269 203 64 purgatus:
933 2269 110 64 sic
995 2269 219 64 consummari
1168 2269 110 64 non
1230 2269 157 64 potest
1340 2269 110 64 qui
1402 2269 110 64 non
1465 2269 110 64 est
1528 2269 250 64 illuminatus:
1731 2269 125 64 quia

105 2332 199 61 cognitio
254 2332 215 61 veritatis
420 2332 116 61 non
486 2332 132 61 nisi
569 2332 165 61 mundos
684 2332 232 61 illuminat:
866 2332 83 61 &
900 2332 215 61 perfectio
1065 2332 199 61 virtutis
1214 2332 116 61 non
1280 2332 132 61 nisi
1363 2332 99 61 ad
1412 2332 248 61 illuminatos
1611 2332 215 61 veritate.
1760 2332 66 61 ap

103 2380 235 63 propinquat.
291 2380 203 63 Similiter
448 2380 125 63 tria
526 2380 157 63 genera
635 2380 157 63 operum
745 2380 110 63 per
808 2380 94 63 se
855 2380 219 63 conueniunt
1027 2380 157 63 statui
1136 2380 250 63 religiosorum
1340 2380 172 63 ratione
1465 2380 157 63 status
1575 2380 94 63 su
1622 2380 188 63 scilicet
1747 2380 78 63 ob-

103 2440 196 62 seruatio
250 2440 262 62 paupertatis,
462 2440 245 62 castitatis,
658 2440 82 62 &
691 2440 262 62 obedientiae:
904 2440 82 62 &
936 2440 114 62 hoc
1002 2440 98 62 ex
1051 2440 147 62 voto.
1149 2440 180 62 Caetera
1280 2440 147 62 autem
1378 2440 147 62 opera
1476 2440 245 62 sanctitatis
1656 2440 163 62 communia

95 2492 137 56 sunt
180 2492 205 56 omnibus:
335 2492 103 56 vt
386 2492 137 56 sunt
472 2492 137 56 tria
557 2492 154 56 opera
660 2492 342 56 contemplationis,
951 2492 188 56 oratio,
1088 2492 188 56 lectio,
1225 2492 240 56 meditatio,
1413 2492 86 56 &
1447 2492 154 56 omnia
1550 2492 154 56 opera
1636 2492 188 56 misericor

106 2541 144 64 diae.
202 2541 160 64 Volens
314 2541 128 64 ergo
395 2541 144 64 scire
491 2541 289 64 praeeminentiam
731 2541 176 64 statuum
860 2541 144 64 inter
956 2541 208 64 praelatos
1116 2541 80 64 &
1148 2541 241 64 religiosos,
1341 2541 208 64 respicere
1501 2541 144 64 debet
1597 2541 96 64 ad
1646 2541 144 64 opera
1726 2541 96 64 illa

109 2593 120 59 quae
184 2593 105 59 his
244 2593 75 59 &
274 2593 135 59 illis
365 2593 105 59 per
425 2593 90 59 se
470 2593 211 59 conueniunt
636 2593 165 59 ratione
756 2593 150 59 status
861 2593 181 59 ipsorum,
997 2593 75 59 &
1027 2593 105 59 non
1087 2593 90 59 ad
1132 2593 120 59 alia
1207 2593 120 59 quae
1282 2593 181 59 caeteris
1418 2593 196 59 conuenire
1568 2593 181 59 possunt:
1704 2593 75 59 &
1734 2593 120 59 ideo

104 2648 113 58 sunt
174 2648 127 58 opera
259 2648 197 58 accidentia
414 2648 141 58 statui
513 2648 70 58 &
541 2648 99 58 vni
597 2648 70 58 &
626 2648 155 58 alteri.
738 2648 155 58 Constat
851 2648 127 58 autem
936 2648 113 58 quod
1006 2648 127 58 actus
1091 2648 183 58 praedicti
1232 2648 127 58 tres,
1316 2648 155 58 proprii
1429 2648 141 58 statui
1528 2648 211 58 praelatorum
1683 2648 141 58 scilicet

105 2705 187 66 purgare,
246 2705 234 66 illuminare,
433 2705 78 66 &
464 2705 218 66 perficere:
636 2705 140 66 multo
729 2705 250 66 perfectiores
932 2705 125 66 sunt
1010 2705 125 66 quam
1088 2705 125 66 tres
1166 2705 109 66 ali
1228 2705 187 66 scilicet
1369 2705 203 66 obseruare
1525 2705 250 66 paupertatem,
1712 2705 109 66 casti

106 2755 170 69 tatem,
225 2755 85 69 &
259 2755 255 69 obedientiam
463 2755 119 69 sub
531 2755 153 69 voto:
634 2755 221 69 inquantum
804 2755 136 69 sunt
889 2755 119 69 per
957 2755 102 69 se
1008 2755 153 69 opera
1110 2755 170 69 status
1229 2755 289 69 religiosorum,
1468 2755 136 69 quia
1553 2755 136 69 illa
1638 2755 136 69 sunt
1706 2755 119 69 opera

104 2811 220 67 iustitiae
273 2811 220 67 generalis
442 2811 101 67 ad
493 2811 203 67 alterum:
645 2811 135 67 ista
729 2811 135 67 vero
814 2811 101 67 ad
865 2811 203 67 seipsum.
1017 2811 101 67 Et
1067 2811 135 67 ideo
1152 2811 135 67 illa
1236 2811 152 67 tanto
1338 2811 135 67 sunt
1422 2811 203 67 digniora
1574 2811 101 67 et
1608 2811 220 67 perfectiora

108 2867 177 68 quanto
232 2867 266 68 communiora:
445 2867 89 68 &
480 2867 106 68 ad
533 2867 159 68 plura
640 2867 106 68 se
693 2867 248 68 extendunt:
887 2867 89 68 &
923 2867 124 68 per
994 2867 248 68 consequens
1189 2867 301 68 difficiliora:
1436 2867 213 68 caeteris
1596 2867 142 68 dico
1667 2867 159 68 paribus

110 2922 130 66 quae
191 2922 178 66 possunt
320 2922 178 66 vtrique
450 2922 162 66 statui
563 2922 227 66 congruere,
741 2922 130 66 quid
822 2922 243 66 supponendum
1016 2922 113 66 est
1081 2922 194 66 secundum
1227 2922 113 66 iam
1292 2922 162 66 dicta.
1405 2922 130 66 Vnde
1486 2922 81 66 &
1518 2922 130 66 illi
1599 2922 178 66 dicunt.
1713 2922 113 66 Suppo

110 2977 141 59 namus
204 2977 94 59 in
251 2977 172 59 vtroque
376 2977 141 59 statu
470 2977 234 59 fundamentum
657 2977 141 59 omnis
751 2977 250 59 perfectionis
954 2977 187 59 scilicet
1094 2977 234 59 charitatem:
1281 2977 109 59 ita
1344 2977 125 59 quod
1422 2977 187 59 praelati
1563 2977 78 59 &
1594 2977 203 59 religiosi
1734 2977 94 59 sint

108 3029 98 64 in
157 3029 230 64 charitate.
337 3029 98 64 Et
386 3029 131 64 tunc
468 3029 115 64 est
534 3029 213 64 quaestio,
698 3029 164 64 quorum
813 3029 148 64 opera
911 3029 131 64 sunt
993 3029 246 64 perfectiora
1190 3029 98 64 ad
1239 3029 131 64 quae
1321 3029 197 64 obligati
1469 3029 131 64 sunt
1551 3029 180 64 ratione
1682 3029 115 64 sui
1732 3029 98 64 sta-

102 3087 148 72 tus.
194 3087 111 72 Et
249 3087 148 72 quod
342 3087 203 72 amplius
489 3087 129 72 est
563 3087 148 72 addo
655 3087 258 72 supponendo
858 3087 277 72 fundamentum
1080 3087 258 72 charitatis
1283 3087 222 72 vtrisque
1449 3087 203 72 aequale
1597 3087 129 72 tam
1652 3087 185 72 secundum

98 3141 145 73 omnia
194 3141 129 73 alia
275 3141 145 73 opera
371 3141 225 73 charitatis
548 3141 129 73 quam
628 3141 193 73 secundum
773 3141 129 73 illa
853 3141 96 73 in
901 3141 161 73 quibus
1014 3141 161 73 status
1126 3141 112 73 per
1190 3141 96 73 se
1239 3141 273 73 distinguitur.
1463 3141 129 73 Quia
1544 3141 145 73 autem
1640 3141 145 73 dicta
1721 3141 112 73 opera
