2459 3745
121 253 208 114 feruatis
277 253 87 114 a
312 253 243 114 religiosis
503 253 104 114 ex
555 253 156 114 voto,
659 253 104 114 vt
711 253 122 114 iam
780 253 174 114 dictum
902 253 139 114 est,
989 253 87 114 &
1024 253 191 114 plenius
1162 253 243 114 declaratum
1353 253 104 114 in
1405 253 139 114 alio
1492 253 226 114 Quolibet,
1666 253 87 114 &
1701 253 122 114 iam
1753 253 156 114 amplius

124 343 261 78 declarabitur.
339 343 123 78 Quia
416 343 154 78 dicunt
523 343 123 78 quod
600 343 184 78 praelati
738 343 92 78 ad
784 343 123 78 opus
861 343 277 78 illuminationis
1092 343 108 78 per
1153 343 277 78 praedicationem
1384 343 108 78 non
1445 343 123 78 sunt
1522 343 184 78 obligati
1660 343 92 78 ex
1706 343 230 78 necessitate

120 401 169 62 status
238 401 118 62 sui
306 401 101 62 vt
356 401 169 62 curati
474 401 270 62 parochiales:
694 401 152 62 licet
795 401 152 62 forte
896 401 101 62 ad
947 401 135 62 hunc
1031 401 152 62 actum
1132 401 101 62 de
1183 401 253 62 necessitate
1385 401 219 62 teneantur
1554 401 169 62 epsei:
1672 401 118 62 Quo
1739 401 101 62 ad
1773 401 135 62 epseos

128 449 114 73 non
193 449 179 73 oportet
323 449 114 73 hoc
389 449 163 73 ponere
503 449 163 73 forte:
617 449 114 73 cum
682 449 147 73 dicat
780 449 228 73 Apostolus.
960 449 98 73 i.
1009 449 131 73 Tim.
1090 449 131 73 iii.
1172 449 179 73 Oportet
1302 449 212 73 episcopum
1466 449 131 73 esse
1547 449 212 73 doctorem.
1710 449 82 73 &
1743 449 163 73 Titum.
1841 449 65 73 i.

120 496 183 81 Oportet
254 496 217 81 episcopum
420 496 133 81 esse
504 496 267 81 continentem,
720 496 267 81 amplectentem
937 496 117 81 eum
1004 496 117 81 qui
1071 496 200 81 secundum
1221 496 217 81 doctrinam
1387 496 117 81 est
1454 496 183 81 fidelem
1587 496 200 81 sermonem
1737 496 100 81 vt
1771 496 133 81 potens

122 549 115 96 sit
187 549 213 96 exhortari
351 549 98 96 in
400 549 197 96 doctrina
547 549 147 96 sana:
646 549 82 96 &
679 549 115 96 eos
744 549 115 96 qui
810 549 262 96 contradicumt
1023 549 197 96 arguere.
1170 549 82 96 &
1203 549 147 96 super
1301 549 115 96 hoc
1366 549 131 96 sunt
1448 549 180 96 plurima
1579 549 197 96 capitula
1727 549 98 96 in
1760 549 147 96 distin-

117 601 238 75 ctionibus
300 601 256 75 decretorum
501 601 146 75 quae
592 601 183 75 longum
720 601 165 75 esset
830 601 128 75 hic
903 601 238 75 adducere.
1085 601 238 75 Gregorius
1268 601 165 75 autem
1378 601 219 75 exponens
1542 601 128 75 iam
1616 601 183 75 dictum
1725 601 183 75 sermonem

137 653 137 88 Tit.
222 653 102 88 i.
273 653 188 88 dicitid
410 653 119 88 est
478 653 171 88 pasto.
598 653 119 88 xv.
666 653 239 88 Praedicans
854 653 205 88 officium
1007 653 205 88 suscipit
1161 653 205 88 quisquis
1315 653 102 88 ad
1366 653 256 88 sacerdotium
1571 653 205 88 accedit.
1724 653 137 88 Hinc
1793 653 119 88 Moysi

130 710 277 91 praecipitur,
355 710 104 91 vt
406 710 277 91 tabernaculum
631 710 208 91 sacerdos
787 710 242 91 ingrediens
977 710 277 91 tintinabulis
1202 710 225 91 ambiatur:
1375 710 104 91 vt
1427 710 225 91 videlicet
1600 710 156 91 voces
1686 710 225 91 praedicatio

126 762 112 78 nis
190 762 160 78 habeat
302 762 96 78 ne
350 762 176 78 superni
478 762 192 78 pectoris
622 762 192 78 iudicium
766 762 96 78 ex
814 762 192 78 silentio
958 762 208 78 offendat.
1117 762 192 78 scriptum
1261 762 160 78 quippe
1373 762 128 78 est:
1453 762 96 78 vt
1501 762 192 78 audiatur
1645 762 176 78 sonitus
1773 762 160 78 quando

131 815 243 93 ingreditur
322 815 87 93 &
357 815 226 93 egreditur
530 815 261 93 sanctuarium
739 815 104 93 in
791 815 226 93 conspectu
965 815 174 93 domini
1087 815 87 93 &
1122 815 122 93 non
1191 815 226 93 moriatur.
1365 815 209 93 Sacerdos
1522 815 174 93 namque
1643 815 243 93 ingrediens
1817 815 87 93 vel

132 877 224 71 egrediens
304 877 189 71 moritur
442 877 103 71 si
493 877 103 71 de
545 877 103 71 eo
596 877 189 71 sonitus
734 877 310 71 praedicationis
992 877 120 71 non
1061 877 206 71 auditur:
1216 877 86 71 &
1250 877 138 71 iram
1336 877 172 71 contra
1457 877 103 71 se
1508 877 189 71 occulti
1646 877 189 71 iudicis
1766 877 138 71 exigit

133 919 96 86 si
181 919 128 86 fine
261 919 288 86 praedicationis
501 919 160 86 sonitu
612 919 192 86 incedit.
756 919 112 86 Sed
820 919 112 86 hoc
884 919 176 86 tempore
1012 919 224 86 opportuno:
1188 919 128 86 quia
1268 919 224 86 praeceptum
1444 919 256 86 affirmatiuum
1651 919 128 86 est,
1731 919 112 86 non
1779 919 128 86 semper

138 974 162 85 tenetur
256 974 206 85 praedicare
418 974 88 85 in
463 974 162 85 propria
580 974 177 85 persona:
713 974 133 85 scire
802 974 133 85 tamen
890 974 162 85 tenetur
1008 974 265 85 praedicationis
1229 974 192 85 doctrinam
1376 974 88 85 vt
1421 974 162 85 paratus
1539 974 103 85 sit
1597 974 88 85 ad
1642 974 206 85 exequendam
1804 974 133 85 ipsam

131 1025 136 87 etiam
222 1025 91 87 in
267 1025 167 87 propria
388 1025 167 87 persona
510 1025 106 87 cum
570 1025 167 87 necesse
691 1025 167 87 fuerit.
812 1025 136 87 Alias
903 1025 136 87 autem
994 1025 121 87 bene
1070 1025 151 87 potest
1176 1025 136 87 ipsam
1267 1025 151 87 exequi
1373 1025 106 87 per
1433 1025 136 87 alium
1524 1025 106 87 vel
1585 1025 151 87 minus:
1691 1025 136 87 tamen
1767 1025 136 87 ratione

129 1080 171 94 status
249 1080 171 94 semper
368 1080 120 94 est
437 1080 222 94 obligatus
608 1080 103 94 ad
659 1080 120 94 eam
727 1080 205 94 sciendam
881 1080 85 94 &
915 1080 239 94 exequendam
1103 1080 120 94 cum
1172 1080 137 94 opus
1257 1080 188 94 fuerit:
1394 1080 154 94 sicut
1497 1080 205 94 sacerdos
1650 1080 188 94 curatus
1787 1080 103 94 ex
1821 1080 103 94 offi

133 1134 112 88 cio
197 1134 80 88 &
229 1134 144 88 statu
325 1134 160 88 semper
437 1134 112 88 est
501 1134 208 88 obligatus
662 1134 96 88 ad
710 1134 208 88 audiendum
870 1134 256 88 confessiones
1078 1134 224 88 subditorum
1254 1134 176 88 suorum:
1382 1134 144 88 licet
1479 1134 144 88 illas
1575 1134 224 88 quonidoque
1751 1134 128 88 bene
1815 1134 96 88 pos-

133 1190 104 82 sit
193 1190 149 82 audire
297 1190 104 82 per
356 1190 149 82 alium.
460 1190 89 82 vt
505 1190 134 82 extra
594 1190 89 82 de
639 1190 134 82 poen.
728 1190 134 82 Omnis
817 1190 193 82 vtriusque
966 1190 149 82 sexus.
1070 1190 119 82 Quid
1144 1190 134 82 autem
1233 1190 164 82 dicitur
1352 1190 89 82 de
1397 1190 178 82 curatis:
1530 1190 119 82 quod
1605 1190 134 82 licet
1694 1190 208 82 praedicare
1843 1190 74 82 eis

141 1240 192 85 competat
285 1240 96 85 ex
333 1240 192 85 officio,
477 1240 144 85 tamen
573 1240 96 85 ad
622 1240 112 85 hoc
686 1240 112 85 non
750 1240 128 85 sunt
830 1240 192 85 obligati
974 1240 176 85 ratione
1102 1240 176 85 status:
1230 1240 128 85 quia
1310 1240 112 85 pro
1374 1240 144 85 magna
1470 1240 144 85 parte
1567 1240 160 85 essent
1679 1240 96 85 in
1727 1240 144 85 statu
1807 1240 112 85 damna

133 1308 173 74 tionis
254 1308 121 74 cum
323 1308 155 74 pauci
426 1308 138 74 sint
513 1308 121 74 qui
582 1308 190 74 faciant
720 1308 86 74 &
755 1308 207 74 rariores
910 1308 138 74 sint
996 1308 121 74 qui
1066 1308 190 74 sciant:
1204 1308 138 74 Dico
1290 1308 104 74 de
1342 1308 155 74 primo
1446 1308 121 74 hic
1515 1308 155 74 dicto
1618 1308 104 74 de
1670 1308 190 74 curatis
1808 1308 138 74 quod

140 1350 119 84 non
208 1350 119 84 est
276 1350 171 84 verum:
396 1350 137 84 quia
481 1350 205 84 officium
635 1350 307 84 praedicationis
891 1350 222 84 nequaquam
1062 1350 205 84 competit
1215 1350 119 84 eis
1283 1350 137 84 nisi
1369 1350 188 84 ratione
1505 1350 171 84 status
1625 1350 102 84 in
1676 1350 119 84 quo
1727 1350 188 84 succedunt

138 1402 160 96 lxxii.
250 1402 241 96 discipulis:
443 1402 160 96 quibus
555 1402 225 96 praedicare
731 1402 225 96 competebat
908 1402 176 96 ratione
1036 1402 160 96 status
1148 1402 128 96 quem
1228 1402 257 96 assumpserunt
1437 1402 112 96 cum
1501 1402 241 96 mitterentur
1693 1402 80 96 a
1726 1402 192 96 Christo,
1854 1402 64 96 si

136 1455 110 87 cut
199 1455 95 87 &.
247 1455 126 87 xii.
325 1455 205 87 apostoli.
483 1455 126 87 vnde
562 1455 142 87 eadem
656 1455 205 87 praecepta
814 1455 158 87 omnino
924 1455 142 87 dedit
1019 1455 110 87 eis
1082 1455 95 87 in
1129 1455 189 87 mittendo
1271 1455 158 87 ipsos.
1381 1455 95 87 vt
1428 1455 142 87 patet
1523 1455 189 87 Matth.x.
1665 1455 79 87 &
1696 1455 110 87 Lu.
1759 1455 110 87 ix.
1822 1455 126 87 Vnde

144 1509 126 85 super
228 1509 98 85 Lu.
284 1509 126 85 dicit
369 1509 126 85 Glos.
453 1509 126 85 Sicut
537 1509 84 85 in
579 1509 183 85 apostolis
720 1509 126 85 forma
804 1509 98 85 est
860 1509 183 85 epseorum,
1001 1509 98 85 sic
1057 1509 98 85 in.
1113 1509 140 85 lxxii.
1212 1509 126 85 forma
1296 1509 98 85 est
1352 1509 267 85 praesbyterorum.
1577 1509 155 85 secundi
1689 1509 169 85 ordinis.
1802 1509 112 85 lxxii.

129 1567 254 91 mittuntur
325 1567 137 91 qui
403 1567 137 91 tot
481 1567 254 91 linguarum
676 1567 234 91 gentibus
851 1567 273 91 euangelium
1066 1567 332 91 praedicarent.
1339 1567 156 91 Quia
1436 1567 215 91 dicunt:
1592 1567 156 91 sunt
1690 1567 117 91 ne
1748 1567 117 91 in
1787 1567 137 91 statu

148 1614 242 86 damnationis:
345 1614 121 86 Dico
421 1614 121 86 quod
496 1614 121 86 sic,
572 1614 91 86 si
618 1614 106 86 nec
678 1614 152 86 sciant
784 1614 106 86 nec
845 1614 227 86 praedicent,
1027 1614 106 86 aut
1087 1614 167 86 sciant,
1209 1614 76 86 &
1239 1614 106 86 non
1300 1614 212 86 praedicent
1466 1614 182 86 secundum
1603 1614 121 86 quod
1679 1614 182 86 requirit
1815 1614 136 86 indi-

142 1666 158 99 gentia
253 1666 158 99 populi
363 1666 110 99 pro
426 1666 173 99 tempore
552 1666 221 99 opportuno:
726 1666 237 99 quemadmodum
915 1666 126 99 alia
994 1666 205 99 praecepta
1151 1666 189 99 affirmat
1293 1666 110 99 iua
1356 1666 205 99 obligant.
1514 1666 110 99 Sed
1577 1666 95 99 ad
1624 1666 110 99 hoc
1687 1666 110 99 non
1735 1666 189 99 requiritur

143 1722 147 90 multum
246 1722 162 90 eminens
364 1722 177 90 scientia
496 1722 177 90 modernis
629 1722 221 90 temporibus:
806 1722 132 90 licet
894 1722 132 90 maior
982 1722 206 90 requiritur
1144 1722 88 90 in
1188 1722 162 90 eprseis
1306 1722 118 90 quam
1379 1722 177 90 curatis.
1512 1722 88 90 Et
1556 1722 118 90 ideo
1630 1722 103 90 pro
1689 1722 162 90 moderno
1792 1722 132 90 tempore

150 1777 104 85 non
210 1777 149 85 potest
314 1777 119 85 dici
388 1777 119 85 quod
462 1777 134 85 pauci
551 1777 149 85 sciant
655 1777 163 85 quantum
774 1777 208 85 necessitas
938 1777 193 85 requirit:
1086 1777 104 85 aut
1145 1777 223 85 exequantur:
1324 1777 89 85 et
1368 1777 119 85 ideo
1443 1777 104 85 nec
1502 1777 119 85 quod
1576 1777 119 85 sint
1651 1777 89 85 in
1695 1777 134 85 statu
1784 1777 163 85 danmna-

154 1828 140 85 tionis
252 1828 168 85 ponendum
379 1828 112 85 est.
449 1828 168 85 Qualiter
575 1828 126 85 autem
659 1828 84 85 se
702 1828 168 85 habebant
828 1828 154 85 tempora
940 1828 225 85 praecedentia
1123 1828 140 85 quando
1221 1828 126 85 erant
1305 1828 197 85 haeretici:
1460 1828 70 85 &
1488 1828 84 85 se
1530 1828 168 85 habebunt
1656 1828 154 85 tempora
1769 1828 140 85 futura
1867 1828 84 85 in

157 1883 206 100 praedictis:
322 1883 151 100 nescio.
432 1883 151 100 Attamen
541 1883 82 100 si
583 1883 96 100 ita
637 1883 123 100 esset
720 1883 110 100 quod
788 1883 123 100 pauci
871 1883 137 100 sciant
967 1883 69 100 &
994 1883 165 100 rariores
1118 1883 151 100 faciunt
1227 1883 123 100 prout
1310 1883 137 100 status
1406 1883 123 100 eorum
1488 1883 178 100 requirit:
1625 1883 82 100 et
1666 1883 165 100 proptrea
1790 1883 165 100 dicendum

156 1937 132 85 esset
245 1937 118 85 quod
318 1937 147 85 essent
421 1937 88 85 in
465 1937 132 85 statu
554 1937 250 85 danmnandorum:
760 1937 250 85 quantuncumque
966 1937 103 85 sit
1024 1937 132 85 durum
1113 1937 147 85 dicere
1216 1937 118 85 hoc:
1289 1937 147 85 potius
1392 1937 132 85 tamen
1481 1937 177 85 dicendum
1613 1937 132 85 esset
1701 1937 118 85 quam
1775 1937 147 85 falsum
1863 1937 59 85 di

152 1992 121 87 cere
227 1992 136 87 circa
318 1992 166 87 ipsorum
439 1992 151 87 statum
545 1992 76 87 &
575 1992 181 87 mentiri.
711 1992 106 87 Sed
771 1992 121 87 quid
847 1992 106 87 hic
907 1992 211 87 laboramus:
1073 1992 91 87 si
1119 1992 181 87 praelati
1254 1992 106 87 non
1315 1992 121 87 sunt
1390 1992 181 87 obligati
1526 1992 91 87 ad
1572 1992 272 87 praedicationem
1783 1992 136 87 ratione

153 2045 117 85 sui
220 2045 184 85 status:
354 2045 150 85 multo
454 2045 150 85 minus
554 2045 117 85 hoc
621 2045 200 85 competit
771 2045 234 85 religiosis
955 2045 184 85 ratione
1088 2045 167 85 status
1205 2045 200 85 ipsorum:
1355 2045 134 85 quia
1439 2045 117 85 non
1506 2045 134 85 plus
1589 2045 217 85 magistris
1756 2045 117 85 vel
1806 2045 117 85 magi-

158 2100 139 93 stris
250 2100 217 93 theologiae
421 2100 124 93 quam
498 2100 155 93 laicis
606 2100 201 93 conuersis
761 2100 93 93 in
808 2100 155 93 ordine
916 2100 186 93 ipsorum.
1055 2100 77 93 &
1086 2100 108 93 sic
1148 2100 139 93 illud
1241 2100 155 93 dictum
1349 2100 139 93 eorum
1442 2100 139 93 nihil
1535 2100 139 93 valet
1628 2100 93 93 ad
1674 2100 232 93 propositum.
1845 2100 77 93 Pro

157 2147 120 99 pter
232 2147 120 99 quid
308 2147 151 99 addunt
413 2147 196 99 dicentes.
564 2147 120 99 Dato
639 2147 120 99 quod
714 2147 90 99 ad
759 2147 120 99 opus
835 2147 271 99 praedicationis
1061 2147 136 99 omnes
1151 2147 196 99 teneantur
1302 2147 75 99 &
1332 2147 136 99 epsei
1422 2147 75 99 &
1452 2147 166 99 curati:
1573 2147 75 99 &
1603 2147 181 99 quilibet
1738 2147 166 99 illorum
1859 2147 90 99 ad

154 2204 134 92 ipsum
244 2204 105 92 sit
303 2204 239 92 sufficienter
498 2204 224 92 instructus:
677 2204 119 92 iste
751 2204 134 92 tamen
841 2204 134 92 actus
931 2204 105 92 non
990 2204 105 92 est
1050 2204 149 92 tantae
1155 2204 254 92 difficultatis
1364 2204 90 92 ex
1408 2204 149 92 genere
1513 2204 105 92 suo
1573 2204 105 92 nec
1632 2204 209 92 arduitatis
1797 2204 164 92 quantae

155 2260 123 91 sunt
231 2260 92 91 ex
278 2260 154 91 genere
385 2260 108 91 suo
447 2260 138 91 actus
539 2260 261 91 religiosorum:
754 2260 92 91 vt
800 2260 215 91 propriorum
969 2260 200 91 abnegatio
1123 2260 92 91 &,
1169 2260 184 91 propriae
1307 2260 215 91 voluntatis
1476 2260 108 91 per
1538 2260 138 91 totam
1630 2260 138 91 vitam
1722 2260 123 91 suam
1784 2260 138 91 abrenum

158 2306 172 95 ciatio.
283 2306 125 95 Dico
361 2306 125 95 quod
439 2306 125 95 etsi
517 2306 94 95 in
564 2306 172 95 officio
689 2306 281 95 praedicationis
923 2306 109 95 non
985 2306 109 95 sit
1047 2306 140 95 magna
1141 2306 234 95 difficultas
1328 2306 94 95 in
1375 2306 187 95 corporis
1515 2306 250 95 afflictione:
1718 2306 156 95 maxima
1812 2306 109 95 tamen

165 2381 111 71 est
229 2381 95 71 in
276 2381 238 71 afflictione
466 2381 174 71 mentis,
593 2381 95 71 si
641 2381 95 71 eo
688 2381 127 71 modo
768 2381 190 71 exerceri
910 2381 159 71 debeat
1021 2381 95 71 vt
1069 2381 159 71 status
1180 2381 159 71 varius
1291 2381 206 71 auditorum
1449 2381 206 71 requirit.
1608 2381 95 71 vt
1655 2381 127 71 enim
1735 2381 143 71 dicit
1814 2381 111 71 Greg.

160 2418 92 89 in
206 2418 199 89 principio
359 2418 168 89 secundi
481 2418 153 89 pasto.
588 2418 107 89 Non
649 2418 138 89 eadem
741 2418 168 89 cunctos
863 2418 214 89 exhortatio
1032 2418 245 89 constringit,
1230 2418 122 89 quia
1307 2418 107 89 nec
1368 2418 168 89 cunctos
1490 2418 107 89 par
1552 2418 138 89 morum
1643 2418 184 89 qualitas
1766 2418 168 89 astringit

164 2473 129 88 saepe
250 2473 143 88 namque
350 2473 129 88 aliis
435 2473 186 88 officiunt
578 2473 114 88 quae
650 2473 129 88 aliis
736 2473 172 88 prosunt,
865 2473 72 88 &
893 2473 129 88 panis
979 2473 100 88 qui
1036 2473 129 88 vitam
1122 2473 157 88 fortium
1236 2473 172 88 roborat,
1365 2473 200 88 paruulorum
1523 2473 143 88 necat.
1623 2473 100 88 Pro
1680 2473 200 88 quaelitate
1837 2473 114 88 ergo

164 2526 212 86 auditorum
327 2526 147 86 debet
425 2526 180 86 formari
556 2526 147 86 sermo
653 2526 212 86 doctorum:
817 2526 98 86 vt
866 2526 98 86 et
915 2526 98 86 ad
964 2526 114 86 sua
1029 2526 196 86 singulis
1176 2526 212 86 congruat:
1339 2526 82 86 &
1372 2526 147 86 tamen
1470 2526 82 86 a
1502 2526 196 86 communis
1649 2526 245 86 eruditionis
1829 2526 98 86 arte

163 2575 169 91 numquam
286 2575 185 91 recedat.
424 2575 154 91 Aliter
532 2575 154 91 namque
639 2575 200 91 admonendi
793 2575 123 91 sunt
870 2575 123 91 viri
947 2575 138 91 atque
1039 2575 154 91 aliter
1147 2575 200 91 foeminae,
1301 2575 154 91 aliter
1408 2575 185 91 iuuenes,
1547 2575 154 91 aliter
1654 2575 154 91 senes,
1762 2575 154 91 aliter
1869 2575 92 91 in

172 2629 131 90 opes,
260 2629 146 90 aliter
362 2629 218 90 locupletes,
536 2629 73 90 &
566 2629 131 90 caeta
653 2629 189 90 huiusmodi
798 2629 175 90 propria.
929 2629 102 90 et.
988 2629 116 90 xxx.
1061 2629 102 90 li.
1119 2629 131 90 Mora.
1206 2629 87 90 in
1250 2629 204 90 principio.
1410 2629 87 90 In
1454 2629 175 90 ecclesia
1585 2629 116 90 ordo
1657 2629 175 90 doctorum
1788 2629 131 90 quasi
1861 2629 73 90 rex

172 2683 204 100 praesidet
329 2683 125 100 quem
407 2683 188 100 fidelium
549 2683 157 100 suorum
658 2683 141 100 turba
752 2683 235 100 circunstat:
940 2683 94 100 de
987 2683 172 100 pietate
1113 2683 78 100 &
1144 2683 188 100 iustitia
1285 2683 94 100 in
1332 2683 282 100 praedicationis
1567 2683 141 100 serie
1662 2683 125 100 spem
1740 2683 157 100 miscet
1850 2683 78 100 &
1865 2683 63 100 me

174 2738 121 86 tum:
250 2738 197 86 quantenus
401 2738 106 86 nec
461 2738 166 86 incaute
582 2738 91 86 de
628 2738 242 86 misericordia
824 2738 212 86 confidant,
991 2738 106 86 nec
1051 2738 182 86 desprate
1188 2738 197 86 iustitiam
1339 2738 182 86 timeant,
1475 2738 106 86 nec
1536 2738 91 86 de
1581 2738 182 86 exhibita
1717 2738 182 86 iustitia
1838 2738 91 86 prae

166 2802 170 86 sumant,
289 2802 108 86 nec
351 2802 92 86 de
397 2802 216 86 praeterita
566 2802 216 86 iniquitate
736 2802 216 86 desperent.
906 2802 108 86 Sic
967 2802 139 86 autem
1060 2802 200 86 temperare
1214 2802 77 86 &
1245 2802 139 86 scire
1337 2802 200 86 temperare
1491 2802 154 86 verbum
1599 2802 277 86 praedicationis
1831 2802 77 86 &
1846 2802 77 86 exe

175 2842 129 96 qui,
255 2842 161 96 multis
368 2842 113 96 est
433 2842 242 96 impossibile
626 2842 81 96 &
658 2842 161 96 paucis
771 2842 226 96 possibile:
949 2842 113 96 ita
1013 2842 129 96 quod
1094 2842 145 96 multo
1190 2842 193 96 facilius
1336 2842 113 96 est
1400 2842 177 96 debitum
1529 2842 258 96 obligationis
1739 2842 177 96 soluere
1868 2842 97 96 in

173 2908 228 94 propriorum
352 2908 310 94 abrenunciatione
613 2908 98 94 &,
661 2908 179 94 prpriae
792 2908 228 94 voluntatis
971 2908 261 94 abdicatione,
1183 2908 130 94 quam
1264 2908 179 94 debitum
1394 2908 293 94 praedicationis
1639 2908 98 94 vt
1688 2908 179 94 oportet
1802 2908 130 94 exerce

170 2959 112 85 re.
234 2959 112 85 Qui
298 2959 128 85 sunt
379 2959 128 85 illi
459 2959 112 85 qui
523 2959 177 85 soluunt
652 2959 96 85 vt
700 2959 193 85 tenentur
844 2959 177 85 debitum
973 2959 337 85 abrenunciationis,
1262 2959 273 85 abdicationis,
1486 2959 80 85 &
1519 2959 305 85 praedicationis:
1775 2959 80 85 &
1808 2959 96 85 in
1856 2959 112 85 quo

178 3007 229 89 deficiunt:
357 3007 131 89 deus
439 3007 163 89 nouit.
553 3007 131 89 Quid
635 3007 163 89 addunt
749 3007 131 89 quod
831 3007 212 89 religiosi
994 3007 131 89 bene
1076 3007 196 89 exercent
1223 3007 131 89 opus
1304 3007 294 89 praedicationis
1549 3007 98 89 ex
1598 3007 245 89 priuilegio:
1794 3007 147 89 quare
1876 3007 49 89 &

174 3058 112 91 eis
238 3058 96 91 in
286 3058 112 91 hoc
350 3058 112 91 non
414 3058 256 91 praeferuntur
622 3058 208 91 praelati:
783 3058 128 91 dico
863 3058 128 91 quod
943 3058 112 91 hoc
1007 3058 144 91 nihil
1103 3058 96 91 ad
1151 3058 240 91 propositum:
1343 3058 128 91 quia
1423 3058 176 91 possunt
1552 3058 192 91 exercere
1696 3058 96 91 ex
1728 3058 208 91 priuilegiis

175 3114 118 112 per
243 3114 236 112 superiorum
428 3114 219 112 imperium.
597 3114 101 112 de
647 3114 118 112 hoc
714 3114 152 112 nihil
816 3114 101 112 ad
866 3114 169 112 statum
984 3114 287 112 religiosorum.
1220 3114 135 112 Nunc
1304 3114 152 112 autem
1406 3114 118 112 non
1473 3114 118 112 est
1540 3114 118 112 hic
1608 3114 152 112 sermo
1709 3114 135 112 nisi
1793 3114 101 112 de
1827 3114 101 112 sta
