2470 3739
131 270 115 94 gis
196 270 214 94 meritoria
361 270 132 94 quam
444 270 148 94 opera
543 270 148 94 dicta
642 270 181 94 actiuae
774 270 264 94 praelatorum,
988 270 132 94 bene
1070 270 214 94 assignata
1235 270 115 94 est
1301 270 165 94 contra
1417 270 165 94 illius
1532 270 214 94 argumenti
1681 270 247 94 intentionetii

130 354 151 62 dicta
231 354 235 62 expositio,
416 354 84 62 &
450 354 151 62 vera,
551 354 84 62 &
584 354 135 62 male
668 354 252 62 reprehensa,
870 354 135 62 nisi
954 354 219 62 ostendant
1123 354 135 62 quod
1207 354 151 62 opera
1308 354 303 62 contemplatiuae
1560 354 151 62 vitae
1661 354 235 62 praesentis
1829 354 101 62 sunt

128 406 155 61 magis
231 406 224 61 meritoria
404 406 138 61 quam
490 406 155 61 opera
594 406 190 61 actiuae
732 406 259 61 praelatorum
939 406 242 61 praedicta,
1129 406 138 61 quod
1215 406 190 61 numquam
1353 406 207 61 probant,
1509 406 121 61 sed
1578 406 224 61 solummodo
1733 406 190 61 supponunt

138 456 81 66 &
170 456 212 66 contraria
333 456 163 66 absque
447 456 179 66 ratione
577 456 81 66 &
610 456 244 66 auctoritate
805 456 277 66 reprehendunt.
1033 456 277 66 Auctoritates.
1261 456 98 66 nm
1310 456 130 66 quas
1391 456 130 66 illi
1472 456 195 66 secundum
1619 456 228 66 Augustinus
1798 456 81 66 &
1814 456 114 66 Greg-

136 510 187 59 adducunt
277 510 94 59 ad
324 510 203 59 probandum
480 510 125 59 quod
558 510 141 59 opera
652 510 281 59 contemplatiuae
886 510 141 59 vitae
980 510 219 59 praesentis
1152 510 141 59 magis
1245 510 203 59 meritoria
1402 510 125 59 sunt
1480 510 125 59 quam
1558 510 141 59 opera
1651 510 187 59 actiuae,
1792 510 156 59 nequa-

146 565 134 68 quam
230 565 217 68 loquuntur
397 565 100 68 de
447 565 201 68 operibus
598 565 184 68 actiuae
732 565 268 68 praelatorum.
949 565 251 68 praedictis,
1150 565 117 68 sed
1217 565 217 68 solummodo
1384 565 100 68 de
1434 565 201 68 operibus
1585 565 184 68 actiuae
1702 565 217 68 laborantium

139 622 93 62 in
185 622 123 62 mola
262 622 108 62 vel
324 622 262 62 pertinentibus
540 622 93 62 ad
586 622 139 62 omnes
678 622 77 62 &
709 622 139 62 circa
802 622 139 62 opera
894 622 216 62 mandatorum
1064 622 77 62 &
1095 622 185 62 virtutum
1234 622 201 62 moralium,
1388 622 108 62 vel
1450 622 139 62 etiam
1542 622 247 62 praelatorum:
1743 622 93 62 ad
1789 622 123 62 quae
1851 622 77 62 non

134 669 199 71 coacti,
279 669 127 71 sed
351 669 163 71 vltro
460 669 235 71 accedunt:
641 669 109 71 ad
695 669 145 71 quod
786 669 127 71 eas
858 669 181 71 ibidem
985 669 253 71 adduximus,
1184 669 91 71 &
1220 669 109 71 de
1274 669 127 71 quo
1347 669 199 71 solummo
1492 669 253 71 loquuntur,
1691 669 109 71 vt
1745 669 163 71 patet
1854 669 109 71 in

129 723 240 62 spicienti.
317 723 86 62 &
352 723 120 62 sic
420 723 137 62 male
506 723 103 62 ab
557 723 154 62 illis
660 723 274 62 retorquentur
882 723 171 62 contra
1002 723 171 62 dictam
1122 723 206 62 secundam
1276 723 291 62 expositionem.
1516 723 206 62 Vlterius
1670 723 154 62 autem
1773 723 103 62 vt
1807 723 120 62 reuer

133 779 107 60 tar
194 779 138 60 super
286 779 199 60 calumniam
439 779 153 60 primae
547 779 245 60 expositionis
746 779 169 60 addendo
868 779 153 60 dictis
976 779 92 60 in
1022 779 215 60 quaestione
1190 779 215 60 praedicta,
1359 779 184 60 sciendum
1497 779 107 60 est
1558 779 123 60 quod
1635 779 138 60 sicut
1727 779 138 60 opera
1803 779 123 60 praela

141 833 130 55 torum
227 833 187 55 praedicta
371 833 158 55 propter
486 833 231 55 necessitatem
674 833 144 55 totius
774 833 173 55 temporis
904 833 130 55 vitae
991 833 202 55 praesentis
1149 833 231 55 praeferuntur
1336 833 173 55 operibus
1466 833 259 55 contemplatiuae
1682 833 202 55 praesentis
1826 833 101 55 vitae

132 885 145 69 licet
229 885 194 69 operibus
374 885 145 69 eorum
471 885 178 69 actiuae
600 885 97 69 ad
649 885 129 69 quae
729 885 145 69 vltro
826 885 97 69 se
875 885 210 69 offerunt,
1036 885 258 69 praeferantur
1246 885 145 69 opera
1343 885 307 69 contemplatiuae,
1601 885 81 69 &
1633 885 113 69 hoc
1698 885 258 69 quemadmodum:

134 939 119 61 sub
202 939 136 61 lege
287 939 153 61 Moysi
390 939 153 61 opera
492 939 204 61 coniugii
645 939 307 61 praeferebantur
901 939 119 61 pro
969 939 256 61 determinato
1173 939 187 61 tempore
1310 939 204 61 operibus
1463 939 290 61 continentiae,
1702 939 153 61 licet
1804 939 102 61 in
1838 939 85 61 ali

139 992 157 57 quibus.
253 992 114 57 tunc
324 992 228 57 praerogatiue
509 992 86 57 in
552 992 128 57 aliis
638 992 157 57 erantur
752 992 128 57 opera
837 992 242 57 continentiae,
1037 992 71 57 &
1066 992 86 57 pr
1108 992 157 57 tempore
1222 992 157 57 moderno
1336 992 128 57 opera
1422 992 228 57 continentiae
1607 992 242 57 praeferantur.
1793 992 128 57 dicente

135 1045 167 55 Hiero.
252 1045 100 55 ad
302 1045 150 55 Algu.
402 1045 234 55 Olimgiliae
586 1045 134 55 erat
670 1045 167 55 audire
787 1045 150 55 illum
887 1045 250 55 versiculum.
1087 1045 150 55 Filii
1187 1045 117 55 tui
1254 1045 150 55 sicut
1354 1045 200 55 nouellae
1505 1045 200 55 oliuarum
1655 1045 100 55 in
1705 1045 200 55 circuitu
1839 1045 83 55 men

135 1095 105 60 sae
195 1095 135 60 tuae,
285 1095 75 60 &
315 1095 150 60 videas
421 1095 150 60 filios
526 1095 180 60 filiorum
661 1095 165 60 tuorum.
781 1095 120 60 Nunc
857 1095 120 60 vero
932 1095 90 60 de
977 1095 256 60 continentibus
1187 1095 180 60 dicitur.
1323 1095 180 60 Adhaesit
1458 1095 135 60 anima
1548 1095 105 60 mea
1608 1095 120 60 post
1683 1095 105 60 te.
1744 1095 120 60 Idem
1804 1095 120 60 contra

138 1151 164 66 Helu.
247 1151 273 66 haereticum.
466 1151 128 66 Nec
539 1151 219 66 putentme
702 1151 200 66 aliquam
848 1151 200 66 fecisse
994 1151 255 66 distantiam
1194 1151 164 66 inter
1304 1151 200 66 sanctos
1449 1151 200 66 veteris
1595 1151 255 66 testamenti
1795 1151 91 66 &
1814 1151 109 66 noui

132 1217 104 52 i.
184 1217 173 52 inter,
304 1217 121 52 eos
374 1217 121 52 qui
443 1217 207 52 habebant
598 1217 225 52 coniugia,
771 1217 86 52 &
805 1217 121 52 hos
874 1217 121 52 qui
944 1217 86 52 a
978 1217 259 52 complexibus
1185 1217 190 52 penitus
1323 1217 276 52 recesserunt.
1548 1217 155 52 Verum
1652 1217 121 52 pro
1721 1217 242 52 conditione

133 1260 195 65 temporum
279 1260 130 65 alii
360 1260 113 65 eos
425 1260 130 65 tunc
506 1260 227 65 subiecisse
684 1260 243 65 sententiae:
878 1260 81 65 &
911 1260 130 65 alii
992 1260 130 65 nos.
1073 1260 130 65 ideo
1154 1260 162 65 nanque
1267 1260 146 65 sylua
1365 1260 178 65 crescit
1494 1260 113 65 vnt
1559 1260 227 65 succidatur
1737 1260 178 65 postea,
1851 1260 81 65 iam

135 1309 169 73 plenus
253 1309 118 73 est
321 1309 169 73 orbis:
439 1309 152 73 terra
540 1309 118 73 nos
607 1309 118 73 non
675 1309 169 73 capit:
793 1309 135 73 ideo
877 1309 135 73 ager
961 1309 185 73 seritur
1096 1309 101 73 vt
1147 1309 202 73 metatur.
1298 1309 135 73 Vnde
1383 1309 236 73 Augustinus
1568 1309 101 73 de
1619 1309 270 73 virginitate.
1821 1309 101 73 Prio

136 1367 152 73 ribus
238 1367 169 73 quippe
356 1367 237 73 temporibus
543 1367 186 73 venturo
678 1367 203 73 secundum
831 1367 169 73 carnem
949 1367 186 73 Christo
1085 1367 152 73 ipsum
1187 1367 152 73 genus
1288 1367 169 73 carnis
1407 1367 102 73 in
1458 1367 322 73 propheticagente
1712 1367 220 73 necessarium

131 1421 157 64 fuit:
235 1421 139 64 nunc
322 1421 157 64 autem
426 1421 122 64 cum
496 1421 104 64 ex
548 1421 139 64 omni
635 1421 209 64 hominium
792 1421 174 64 genere
913 1421 104 64 ad
965 1421 191 64 populum
1105 1421 122 64 dei
1174 1421 174 64 membra
1296 1421 191 64 Christi
1435 1421 278 64 colliguntur,
1661 1421 174 64 sacram
1765 1421 157 64 virgini

130 1473 143 69 tatem
226 1473 111 69 qui
289 1473 159 69 potest
401 1473 159 69 capere
512 1473 175 69 capiat.
640 1473 96 69 de
687 1473 111 69 quo
751 1473 159 69 Hiero.
862 1473 96 69 ad
910 1473 159 69 Eusto.
1022 1473 127 69 Alia
1101 1473 143 69 autem
1197 1473 127 69 erat
1276 1473 96 69 in
1324 1473 159 69 veteri
1435 1473 127 69 lege
1515 1473 207 69 felicitas
1674 1473 111 69 cum
1738 1473 159 69 vacuus
1833 1473 96 69 erat

132 1529 166 57 orbis,
248 1529 83 57 &
281 1529 132 57 sola
364 1529 199 57 eratbene
513 1529 166 57 dictio
629 1529 232 57 liberorum.
811 1529 199 57 paulatim
960 1529 149 57 autem
1060 1529 215 57 crescente
1225 1529 166 57 segete
1341 1529 166 57 messor
1457 1529 199 57 immissus
1606 1529 132 57 est.
1689 1529 149 57 Virgo
1789 1529 132 57 erat
1855 1529 66 57 He

131 1574 144 65 lias:
227 1574 192 65 Heliseus
371 1574 160 65 virgo:
483 1574 192 65 virgines
626 1574 144 65 filii
722 1574 256 65 prophetarum.
930 1574 208 65 Hieremiae
1090 1574 160 65 dictum
1202 1574 128 65 est.
1282 1574 96 65 Tu
1330 1574 96 65 ne
1378 1574 192 65 accipies
1521 1574 176 65 vxorem.
1649 1574 80 65 &
1681 1574 176 65 Gretin.
1809 1574 144 65 super

138 1637 163 62 Euange.
257 1637 119 62 Quia
331 1637 119 62 enim
406 1637 104 62 per
465 1637 208 62 incrementa
628 1637 208 62 tempororum
792 1637 178 62 excreuit
926 1637 163 62 virtus.
1044 1637 208 62 castitatis
1208 1637 89 62 in
1252 1637 134 62 eorum
1342 1637 238 62 translatione
1535 1637 104 62 qui
1594 1637 223 62 ascensionem
1758 1637 163 62 dominicam

135 1698 314 51 designauerunt,
396 1698 261 51 ostenditur.
605 1698 122 51 nam
675 1698 157 51 Enoch
779 1698 174 51 vxorem
901 1698 87 51 &
936 1698 174 51 filios
1058 1698 192 51 habuit:
1197 1698 174 51 Helias
1319 1698 139 51 vero
1406 1698 122 51 nec
1476 1698 174 51 vxorem
1598 1698 122 51 nec
1668 1698 174 51 filios
1772 1698 157 51 habuis-

133 1745 99 64 se
183 1745 199 64 legitur.
332 1745 232 64 Translatus
515 1745 116 64 est
581 1745 149 64 Enoch
681 1745 116 64 per
747 1745 166 64 coitum
863 1745 216 64 generans,
1029 1745 83 64 &
1062 1745 116 64 per
1128 1745 166 64 coitum
1244 1745 199 64 genitus.
1393 1745 166 64 Raptus
1510 1745 116 64 est
1576 1745 166 64 Helias
1692 1745 116 64 per
1758 1745 166 64 coitum
1858 1745 66 64 ge

131 1798 166 74 nitus,
248 1798 116 74 sed
314 1798 116 74 non
380 1798 116 74 per
447 1798 166 74 coirum
563 1798 216 74 generans.
729 1798 216 74 Assumptus
895 1798 133 74 vero
978 1798 116 74 est
1044 1798 183 74 dominus
1177 1798 116 74 non
1243 1798 116 74 per
1310 1798 166 74 coitum
1426 1798 216 74 generans,
1592 1798 116 74 nec
1658 1798 116 74 per
1725 1798 166 74 coitum
1824 1798 100 74 geni

136 1841 127 65 tus.
216 1841 159 65 Ambro.
327 1841 143 65 libro
423 1841 111 65 ii.
486 1841 143 65 super
582 1841 159 65 Lucam.
693 1841 175 65 Denique
821 1841 143 65 Maria
916 1841 191 65 exemplum
1059 1841 175 65 edidit.
1187 1841 96 65 In
1234 1841 127 65 ipsa
1314 1841 127 65 enim
1394 1841 159 65 coepit
1505 1841 191 65 dignitas
1648 1841 207 65 virginum.
1792 1841 127 65 Hiero.

135 1899 84 66 in
177 1899 126 66 libro
261 1899 84 66 de
303 1899 140 66 homine
401 1899 182 66 perfecto.
541 1899 112 66 Quae
610 1899 126 66 virgo
694 1899 140 66 peprit
792 1899 112 66 quod
862 1899 126 66 virgo
946 1899 182 66 concepit:
1086 1899 112 66 quae
1156 1899 126 66 prius
1240 1899 126 66 mater
1324 1899 126 66 facta
1408 1899 98 66 est
1464 1899 112 66 quam
1533 1899 182 66 maritata.
1673 1899 224 66 Consimiliter
1841 1899 84 66 omni

134 1955 86 68 no
177 1955 129 68 opera
263 1955 172 68 pietatis
391 1955 72 68 &
420 1955 243 68 misericordiae
621 1955 86 68 ad
664 1955 186 68 proximios
807 1955 129 68 vitae
893 1955 158 68 actiuae
1007 1955 86 68 in
1050 1955 186 68 aliquibus
1194 1955 172 68 personis
1322 1955 100 68 pro
1380 1955 215 68 determinato
1552 1955 158 68 tempore
1666 1955 186 68 praeferri
1795 1955 129 68 prasent

130 2013 176 62 operibus
263 2013 132 62 vitae
351 2013 264 62 contemplatiuae
571 2013 206 62 praesentis
733 2013 88 62 in
777 2013 162 62 eisdem:
894 2013 88 62 vt
938 2013 162 62 maioris
1056 2013 147 62 meriti
1159 2013 103 62 sit
1218 2013 176 62 personis
1350 2013 132 62 illis
1438 2013 191 62 insistere
1585 2013 103 62 pro
1644 2013 118 62 illo
1717 2013 162 62 tempore
1820 2013 103 62 operi

134 2058 188 75 pietatis
275 2058 172 75 actiuae
401 2058 141 75 vitae
495 2058 125 75 quam
573 2058 141 75 operi
667 2058 298 75 contemplatiuae,
918 2058 235 75 quemadmodum
1107 2058 110 75 cum
1169 2058 125 75 Gen.
1248 2058 157 75 xviii.
1357 2058 172 75 Abraham
1483 2058 172 75 Angelos
1608 2058 125 75 tres
1687 2058 94 75 in
1718 2058 204 75 specietrium

136 2119 178 62 virorum
265 2119 194 62 recepit:
410 2119 113 62 qui
475 2119 242 62 festinauit,
669 2119 194 62 dixitque
814 2119 97 62 ad
863 2119 162 62 Saram.
976 2119 210 62 Accelera,
1138 2119 129 62 quae
1218 2119 210 62 occurrit,
1380 2119 194 62 dixitque
1525 2119 162 62 puero,
1638 2119 113 62 qui
1703 2119 242 62 festinauir:

132 2177 241 61 perfectius
321 2177 137 61 opus
407 2177 155 61 fuit.
510 2177 155 61 Sarae
613 2177 86 61 &
647 2177 155 61 puero
750 2177 172 61 iuuare
871 2177 206 61 Abraham,
1025 2177 155 61 forte
1129 2177 86 61 &
1163 2177 155 61 magis
1266 2177 241 61 meritorium
1455 2177 189 61 proilla
1592 2177 137 61 hora
1678 2177 137 61 quam
1747 2177 172 61 insiste-

127 2218 113 62 re
184 2218 359 62 contemplationi.
486 2218 132 62 Sic
561 2218 170 62 etiam
675 2218 113 62 in
731 2218 245 62 proposito
920 2218 170 62 forte
1034 2218 132 62 pro
1109 2218 151 62 hora
1203 2218 132 62 qua
1279 2218 189 62 domino
1411 2218 264 62 seruiendum
1619 2218 151 62 erat
1713 2218 94 62 a
1751 2218 189 62 Martha
1864 2218 57 62 &

135 2274 173 65 Maria,
256 2274 104 65 vt
308 2274 208 65 hospiti,
464 2274 243 65 perfectius
655 2274 87 65 &
689 2274 156 65 magis
793 2274 243 65 meritorium
984 2274 139 65 fuit
1071 2274 191 65 Marthae
1209 2274 139 65 esse
1296 2274 243 65 sollicitam
1487 2274 156 65 circa
1591 2274 139 65 opus
1677 2274 208 65 pietatis
1816 2274 104 65 exhi

127 2324 159 68 bendum
238 2324 175 68 Christo
365 2324 127 68 quod
445 2324 127 68 erat
524 2324 143 68 vitae
620 2324 191 68 actiuae,
762 2324 79 68 &
794 2324 206 68 similiter
953 2324 143 68 magis
1048 2324 222 68 meritorium
1223 2324 143 68 forte
1318 2324 175 68 fuisset
1445 2324 175 68 Mariae,
1573 2324 95 68 si
1620 2324 222 68 exercitata
1779 2324 143 68 fuisset

136 2386 93 66 in
182 2386 124 66 illo
259 2386 139 66 opere
352 2386 139 66 sicut
445 2386 170 66 Martha.
568 2386 124 66 Quod
646 2386 124 66 quia
723 2386 108 66 non
785 2386 139 66 fuit,
878 2386 77 66 &
909 2386 93 66 in
955 2386 139 66 nullo
1048 2386 216 66 profuisset
1218 2386 186 66 Marthae,
1357 2386 139 66 licet
1450 2386 139 66 illam
1542 2386 186 66 vocasset
1682 2386 186 66 loquens,
1821 2386 93 66 vt
1867 2386 93 66 di

134 2440 116 66 cit
201 2440 166 66 Glossa
317 2440 100 66 ex
367 2440 183 66 illorum
500 2440 199 66 persona,
649 2440 116 66 qui
715 2440 183 66 diuinae
848 2440 315 66 contemplationis
1114 2440 166 66 ignari
1230 2440 149 66 solum
1329 2440 199 66 didicere
1479 2440 216 66 fraternae
1645 2440 249 66 dilectionis
1827 2440 100 66 opus

139 2485 151 68 magis
240 2485 218 68 meritoria
407 2485 134 68 fuit
491 2485 167 68 Mariae
608 2485 117 68 pro
675 2485 134 68 hora
758 2485 134 68 pars
842 2485 134 68 quam
926 2485 184 68 elegit,
1060 2485 151 68 licet
1160 2485 151 68 magis
1260 2485 218 68 meritoria
1428 2485 151 68 eidem
1528 2485 184 68 fuisset
1662 2485 117 68 pro
1729 2485 134 68 hora
1796 2485 117 68 pars-

135 2544 389 58 Marthaesimplicitensi
475 2544 162 58 idonea
588 2544 178 58 fuisset
718 2544 97 58 ad
766 2544 130 58 opus
847 2544 162 58 illud.
961 2544 81 58 &
993 2544 194 58 secundum
1139 2544 113 58 hoc
1204 2544 211 58 processit
1365 2544 130 58 illa
1446 2544 146 58 prima
1544 2544 227 58 expositio:
1722 2544 130 58 quae
1786 2544 130 58 omnino

134 2596 221 63 literalis
304 2596 136 63 erat
389 2596 85 63 &
423 2596 170 63 absque
542 2596 170 63 aliqua
662 2596 272 63 absurditate,
883 2596 119 63 nec
951 2596 238 63 discordans
1138 2596 153 63 fidei
1240 2596 85 63 &
1274 2596 204 63 moribus.
1427 2596 187 63 propter
1564 2596 136 63 quod
1649 2596 221 63 nequaquam
1802 2596 119 63 debet

137 2653 191 64 reputari
280 2653 159 64 fuisse
391 2653 159 64 falsa,
502 2653 175 64 dicente
629 2653 222 64 Augustinus
804 2653 95 64 in
852 2653 159 64 Glossa
963 2653 127 64 supe
1042 2653 222 64 principium
1217 2653 127 64 Gen.
1297 2653 111 64 Cum
1360 2653 143 64 omnes
1455 2653 191 64 diuinos.
1598 2653 159 64 libros
1710 2653 191 64 legimus,
1852 2653 95 64 in

132 2704 159 68 tanta
238 2704 265 68 multitudine
450 2704 194 68 verorum
591 2704 282 68 intellectuum
821 2704 124 68 qui
891 2704 106 68 de
944 2704 177 68 paucis
1068 2704 159 68 veris
1174 2704 212 68 eruuntur
1333 2704 159 68 illud
1438 2704 247 68 potissimum
1633 2704 229 68 deligamus
1809 2704 141 68 quod

138 2757 242 70 apparuerit
328 2757 121 70 eum
397 2757 190 70 sentire
535 2757 138 70 quem
622 2757 207 70 legimus.
777 2757 104 70 Si
829 2757 156 70 autem
933 2757 121 70 hoc
1002 2757 190 70 lateat,
1140 2757 156 70 illud
1244 2757 138 70 quod
1330 2757 294 70 circunstantia
1572 2757 242 70 scripturae
1762 2757 121 70 non
1814 2757 104 70 impe

141 2812 121 66 dit
210 2812 86 66 &
244 2812 121 66 cum
313 2812 138 66 sana
399 2812 138 66 fide
485 2812 241 66 concordat.
675 2812 155 66 Quare
778 2812 121 66 cum
847 2812 103 66 in
899 2812 241 66 proposito.
1088 2812 172 66 lateat
1209 2812 138 66 quid
1295 2812 207 66 Christus
1450 2812 224 66 senserit,
1622 2812 207 66 alioquin
1777 2812 121 66 non
1829 2812 86 66 tam

143 2871 174 60 variae
264 2871 279 60 expositiones
491 2871 104 60 in
543 2871 139 60 ipso
630 2871 192 60 essent,
770 2871 122 60 nec
839 2871 192 60 impedit
979 2871 192 60 literae
1118 2871 313 60 circunstantia,
1379 2871 87 60 &
1414 2871 139 60 ipsa
1501 2871 226 60 concordat
1675 2871 122 60 cum
1745 2871 139 60 sana
1815 2871 104 60 fide

135 2925 243 61 nequaquam
322 2925 149 61 ergo
415 2925 187 61 falsa,
546 2925 243 61 reputanda
732 2925 149 61 est.
826 2925 224 61 Caeterum
994 2925 131 61 cum
1068 2925 187 61 primas
1199 2925 149 61 duas
1292 2925 299 61 expositiones
1535 2925 131 61 non
1609 2925 261 61 approbant:
1815 2925 131 61 qua

136 2974 108 62 re
190 2974 198 62 tertiam
334 2974 126 62 cui
406 2974 234 62 nequaquam
586 2974 288 62 contradicunt
820 2974 126 62 non
892 2974 270 62 commendant:
1107 2974 144 62 Quia
1197 2974 216 62 expresse
1359 2974 216 62 declarat
1521 2974 144 62 quod
1611 2974 234 62 nequaquam
1791 2974 108 62 de
1827 2974 90 62 con

135 3030 255 62 templatione
339 3030 153 62 vitae
441 3030 238 62 praesentis
629 3030 102 62 ad
680 3030 204 62 actionem
833 3030 187 62 eiusdem
969 3030 170 62 dictum
1088 3030 153 62 illud
1190 3030 289 62 intelligendum
1428 3030 119 62 sit
1497 3030 153 62 sicut
1599 3030 136 62 ipsi
1684 3030 170 62 volunt
1803 3030 153 62 illud

138 3085 252 64 intelligi,
336 3085 126 64 sed
408 3085 180 64 potius
534 3085 108 64 de
588 3085 198 64 actione
732 3085 342 64 vitapraesentis,
1020 3085 90 64 &
1055 3085 324 64 contemplatione
1325 3085 162 64 vitae
1433 3085 216 64 futurae:
1595 3085 180 64 quarum
1721 3085 198 64 figuram
1847 3085 72 64 ge

139 3136 131 83 runt
221 3136 148 83 Maria
319 3136 82 83 &
352 3136 181 83 Martha.
484 3136 148 83 Quiam
582 3136 164 83 dicunt
697 3136 181 83 vltimo:
828 3136 131 83 quod
911 3136 99 83 in
960 3136 214 83 apostolis
1124 3136 131 83 fuit
1206 3136 148 83 omnis
1305 3136 230 83 perfectio,
1486 3136 181 83 quantum
1617 3136 99 83 ad
1666 3136 148 83 opera
1748 3136 181 83 religioso
