2441 3730
499 271 283 84 consuetudine
729 271 230 84 obseruata
906 271 124 84 vel
976 271 283 84 conseruanda,
1206 271 141 84 quia
1294 271 88 84 &
1330 271 265 84 ordinationi
1541 271 230 84 ecclesiae
1718 271 88 84 &
1753 271 230 84 voluntati
1930 271 247 84 superioris
2124 271 88 84 &
2142 271 159 84 statuto

488 349 204 64 ecclesiae
646 349 142 64 atque
740 349 252 64 consuetudini
944 349 220 64 praedictae
1117 349 189 64 censemus
1259 349 94 64 in
1306 349 173 64 talibus
1432 349 157 64 omnino
1542 349 126 64 fore
1621 349 267 64 assentiendum.
1841 349 110 64 Hac
1904 349 126 64 ergo
1982 349 267 64 protestatione
2187 349 110 64 propo

494 400 116 65 sita
566 400 72 65 &
595 400 203 65 intellecta
754 400 145 65 semper
855 400 87 65 in
899 400 101 65 hac
957 400 203 65 quaestione
1116 400 72 65 &
1145 400 87 65 in
1188 400 246 65 consimilibus,
1391 400 116 65 Dico
1463 400 116 65 quod
1536 400 145 65 reuera
1637 400 188 65 ingressus
1782 400 203 65 religionem
1941 400 116 65 siue
2013 400 87 65 ex
2057 400 116 65 voto
2115 400 188 65 praecedente

494 454 96 68 de
542 454 241 68 ingrediendo
735 454 128 68 siue
815 454 161 68 absque
927 454 144 68 voto,
1024 454 144 68 debet
1120 454 144 68 prius
1216 454 193 68 experiri
1361 454 144 68 vires
1457 454 128 68 suas
1537 454 193 68 antequam
1682 454 257 68 profiteatur.
1891 454 128 68 Vnde
1971 454 80 68 &
2003 454 96 68 ad
2051 454 112 68 hoc
2115 454 161 68 nequis
2228 454 96 68 in

504 511 194 56 discrete
649 511 258 56 profiteatur,
859 511 145 56 datus
956 511 113 56 est
1021 511 97 56 ei
1069 511 145 56 annus
1166 511 258 56 probationis,
1376 511 145 56 sicut
1473 511 145 56 dicit
1569 511 129 56 illa
1650 511 242 56 decretalis,
1844 511 113 56 non
1909 511 145 56 solum
2005 511 97 56 in
2054 511 178 56 fauorem
2167 511 129 56 conuer

499 559 119 72 si.
567 559 102 72 Vt
618 559 136 72 enim
704 559 154 72 dicit
806 559 171 72 Ambro.
925 559 102 72 in
977 559 205 72 epistola
1130 559 102 72 ad
1181 559 222 72 Montanum,
1352 559 188 72 tempore
1488 559 222 72 indigemus
1659 559 102 72 vt
1710 559 188 72 aliquid
1846 559 205 72 maturius
2000 559 171 72 agamus
2119 559 119 72 nec
2171 559 136 72 praeci

504 611 179 72 pitemus
634 611 211 72 consilia.
796 611 97 72 Et
845 611 130 72 idem
926 611 97 72 ad
975 611 244 72 Simplicium.
1170 611 146 72 Lenta
1267 611 114 72 est
1332 611 146 72 omnis
1430 611 162 72 virtus
1544 611 81 72 &
1576 611 195 72 diuturna
1722 611 244 72 cunctatrix:
1917 611 130 72 ande
1999 611 179 72 iudicat
2129 611 195 72 priusque

500 668 206 66 examinat.
659 668 79 66 &
690 668 111 66 hoc
754 668 206 66 praecipue
912 668 95 66 ad
960 668 127 66 illa
1039 668 95 66 de
1087 668 158 66 quibus
1197 668 127 66 sunt
1277 668 206 66 consilia,
1435 668 127 66 quae
1514 668 95 66 vt
1562 668 143 66 dicit
1657 668 143 66 libro
1752 668 95 66 i.
1800 668 95 66 de
1847 668 254 66 virginitate,
2053 668 143 66 supra
2148 668 111 66 nos
2196 668 95 66 sunt

501 721 80 64 &
533 721 96 64 in
581 721 129 64 voto
662 721 145 64 magis
758 721 129 64 sunt
838 721 129 64 quam
919 721 96 64 in
967 721 225 64 magisterio
1144 721 129 64 siue
1224 721 225 64 praecepto.
1401 721 129 64 quae
1481 721 96 64 vt
1530 721 145 64 dicit
1626 721 225 64 Augustinus
1803 721 96 64 in
1851 721 145 64 libro
1947 721 96 64 de
1996 721 241 64 adulterinis
2172 721 129 64 coniu-

497 772 149 73 giis,
597 772 198 73 facienda
745 772 132 73 sunt
828 772 116 73 non
894 772 132 73 lege
976 772 198 73 iubente,
1125 772 116 73 sed
1191 772 165 73 libera
1306 772 231 73 charitate,
1488 772 83 73 &
1521 772 99 73 ea
1571 772 132 73 sunt
1653 772 99 73 in
1703 772 182 73 nostris
1835 772 198 73 officiis
1983 772 215 73 gratiora,
2148 772 132 73 quae
2214 772 83 73 cum

500 834 178 60 liceret
629 834 145 60 nobis
726 834 113 60 non
791 834 226 60 impendere,
969 834 145 60 tamen
1066 834 145 60 causa
1163 834 242 60 dilectionis
1357 834 242 60 impendimus.
1550 834 97 60 Et
1599 834 129 60 ideo
1680 834 97 60 vt
1728 834 145 60 dicit
1825 834 97 60 in
1874 834 145 60 libro
1971 834 97 60 de
2019 834 259 60 virginitate,
2229 834 97 60 in

504 885 169 68 maiori
622 885 169 68 merito
741 885 220 68 collocant
909 885 186 68 propter
1044 885 135 68 quod
1129 885 101 68 de
1180 885 186 68 talibus
1315 885 152 68 dicit
1416 885 203 68 dominus,
1568 885 118 68 Qui
1635 885 169 68 potest
1754 885 169 68 capere
1872 885 186 68 capiat,
2007 885 118 68 non
2074 885 101 68 ex
2108 885 186 68 necessita

501 942 116 69 te,
567 942 231 69 potestatem
748 942 198 69 habentes
897 942 132 69 vfae
979 942 248 69 voluntatis,
1177 942 99 69 vt
1227 942 149 69 dicit
1326 942 182 69 ibidem.
1458 942 165 69 lgitur
1573 942 99 69 vt
1623 942 99 69 de
1672 942 231 69 proponente
1854 942 165 69 vouere
1969 942 116 69 seu
2035 942 215 69 profiteri
2184 942 116 69 dicit

500 988 166 78 Hiero.
617 988 100 78 ad
667 988 266 78 Demetriadem,
883 988 183 78 sanctae
1016 988 100 78 ac
1066 988 250 78 spiritualis
1266 988 150 78 vitae
1365 988 233 78 fundamenta
1548 988 216 78 iaciantur
1715 988 100 78 vt
1765 988 150 78 vires
1864 988 133 78 suas
1948 988 216 78 agnoscat:
2114 988 150 78 quais
2214 988 116 78 de-

495 1051 118 60 mum
562 1051 135 60 bene
647 1051 202 60 exercere
798 1051 185 60 poterit
933 1051 118 60 cum
1000 1051 118 60 eas
1067 1051 101 60 se
1118 1051 219 60 didicerit
1286 1051 185 60 habere.
1421 1051 185 60 optima.
1555 1051 84 60 n
1589 1051 236 60 hortamenta
1774 1051 135 60 sunt
1858 1051 118 60 cum
1926 1051 185 60 docetur
2060 1051 185 60 aliquis
2178 1051 118 60 posse

502 1095 135 69 quod
587 1095 186 69 cupiat:
722 1095 102 69 ne
773 1095 152 69 nihil
875 1095 169 69 prosit
993 1095 102 69 ad
1044 1095 102 69 ea
1095 1095 169 69 vocari
1213 1095 135 69 quae
1298 1095 135 69 sibi
1383 1095 152 69 forte
1484 1095 271 69 impossibilia
1704 1095 135 69 esse
1789 1095 305 69 praesumpserit.
2043 1095 85 69 &
2077 1095 169 69 Ambro.
2178 1095 119 69 libro

499 1158 91 67 de
544 1158 152 67 vidui.
651 1158 167 67 Mensura
773 1158 122 67 ergo
849 1158 152 67 oneris
955 1158 106 67 pro
1016 1158 167 67 mensura
1138 1158 137 67 debet
1229 1158 122 67 esse
1305 1158 198 67 gerentis.
1457 1158 183 67 alioquin
1594 1158 183 67 impositi
1731 1158 167 67 hominis
1853 1158 106 67 fit
1914 1158 137 67 ruina
2005 1158 106 67 vbi
2066 1158 183 67 vectoris
2188 1158 106 67 infir

504 1210 135 49 mitas
594 1210 120 49 est,
669 1210 105 49 non
730 1210 135 49 supra
820 1210 135 49 vires
910 1210 241 49 abstinentiae
1106 1210 196 49 grauioris
1256 1210 165 49 vectura
1376 1210 181 49 subeunda
1512 1210 120 49 est,
1587 1210 105 49 sed
1647 1210 226 49 reliquendum
1828 1210 105 49 est
1888 1210 90 49 vt
1933 1210 211 49 vnaquamque
2098 1210 135 49 anima
2189 1210 90 49 se
2219 1210 75 49 pe-

502 1260 107 60 set,
568 1260 93 60 non
622 1260 200 60 auctoritate
781 1260 146 60 aliquam
888 1260 186 60 praecepti,
1034 1260 93 60 sed
1087 1260 186 60 incremento
1234 1260 120 60 gerae
1314 1260 186 60 prouocata.
1460 1260 93 60 Vbi
1514 1260 186 60 praeceptum
1660 1260 93 60 est
1713 1260 93 60 lex
1766 1260 107 60 est:
1833 1260 93 60 vbi
1886 1260 173 60 consilium
2019 1260 107 60 gera
2086 1260 107 60 est:
2139 1260 160 60 praeceptum

505 1319 84 52 ad
547 1319 154 52 naturam
659 1319 168 52 reuocat:
785 1319 182 52 consilium
925 1319 84 52 ad
968 1319 154 52 generam
1080 1319 182 52 prouocat.
1220 1319 98 52 sed
1276 1319 98 52 hoc
1332 1319 98 52 non
1388 1319 154 52 omnibus
1500 1319 182 52 iperatur,
1640 1319 84 52 si
1682 1319 84 52 ab
1724 1319 154 52 omnibus
1836 1319 210 52 flagitatur.
2005 1319 140 52 etenim
2103 1319 98 52 qui
2159 1319 126 52 pesam
2229 1319 70 52 dis

506 1369 162 74 tribuit
624 1369 206 74 aequitatem
785 1369 132 74 debet
874 1369 176 74 examinis
1006 1369 176 74 refuare:
1138 1369 118 74 pesa
1212 1369 103 74 est
1270 1369 118 74 quae
1344 1369 206 74 diuiditur:
1506 1369 191 74 sapientia
1652 1369 118 74 quae
1726 1369 103 74 ita
1785 1369 162 74 diuidit
1902 1369 88 74 vt
1946 1369 176 74 virtutes
2079 1369 176 74 viresque
2196 1369 103 74 aesti

498 1417 104 66 met
558 1417 223 66 singulorum.
736 1417 74 66 &
765 1417 119 66 ideo
840 1417 134 66 dicit
929 1417 163 66 dominus
1048 1417 119 66 quod
1122 1417 104 66 qui
1181 1417 149 66 potest
1285 1417 149 66 capere
1389 1417 163 66 capiat.
1508 1417 119 66 Scit
1582 1417 119 66 enim
1656 1417 163 66 creator
1775 1417 149 66 omnium
1879 1417 178 66 affectus
2013 1417 119 66 esse
2087 1417 149 66 varios
2176 1417 119 66 singu-

504 1471 140 83 lorum,
602 1471 70 83 &
630 1471 112 83 ideo
700 1471 84 83 ad
742 1471 168 83 virtutem
868 1471 182 83 prouocat,
1008 1471 98 83 non
1064 1471 126 83 autem
1148 1471 224 83 infirmitatem
1330 1471 154 83 viculis
1442 1471 168 83 alligat.
1568 1471 98 83 Sed
1624 1471 154 83 quoniam
1736 1471 84 83 vt
1778 1471 126 83 sicut
1862 1471 126 83 dicit
1946 1471 168 83 dominus,
2072 1471 98 83 non
2128 1471 126 83 omnis
2212 1471 112 83 quae

499 1533 109 61 ndo
562 1533 156 61 coepit
671 1533 218 61 deliberet:
842 1533 125 61 quae
920 1533 187 61 aggressa
1061 1533 109 61 est
1123 1533 234 61 perseueret:
1310 1533 140 61 nulla
1404 1533 140 61 detur
1497 1533 171 61 occasio
1622 1533 234 61 aduersatio,
1809 1533 140 61 nulla
1902 1533 234 61 subtrahatur
2089 1533 171 61 Christo
2198 1533 94 61 obla

496 1577 129 83 tio:
576 1577 129 83 noli
657 1577 129 83 ergo
738 1577 97 83 vt
786 1577 113 83 ait
850 1577 161 83 Hiero.
963 1577 97 83 ad
1011 1577 193 83 Alletam,
1156 1577 161 83 subire
1269 1577 129 83 onus
1350 1577 129 83 quid
1430 1577 145 83 ferre
1527 1577 113 83 non
1591 1577 193 83 poteris,
1736 1577 97 83 ne
1785 1577 97 83 vt
1833 1577 113 83 ait
1897 1577 145 83 Greg.
1994 1577 113 83 li.
2058 1577 97 83 i.
2107 1577 161 83 Pasto,
2219 1577 113 83 qui

498 1630 90 79 in
543 1630 135 79 plano
633 1630 165 79 stantes
753 1630 180 79 titubant
888 1630 90 79 in
933 1630 225 79 praecipitio
1114 1630 135 79 pedem
1204 1630 165 79 ponant.
1324 1630 90 79 Et
1369 1630 135 79 licet
1459 1630 90 79 vt
1504 1630 150 79 dictum
1609 1630 105 79 est
1669 1630 195 79 ingressus
1819 1630 210 79 religionem
1985 1630 150 79 debeat
2090 1630 165 79 expriri
2195 1630 105 79 vires

499 1688 109 85 suas
567 1688 122 85 prius
649 1688 109 85 quam
717 1688 218 85 profiteatur,
894 1688 82 85 vt
935 1688 95 85 non
989 1688 109 85 nisi
1057 1688 163 85 discrete
1180 1688 218 85 profiteatur:
1356 1688 109 85 Dico
1424 1688 122 85 tamen
1506 1688 109 85 quod
1574 1688 136 85 vouens
1669 1688 177 85 ingressum
1805 1688 204 85 religionis,
1969 1688 68 85 &
1996 1688 122 85 illum
2077 1688 177 85 solummodo
2200 1688 95 85 expli

495 1737 135 83 cans
579 1737 151 83 verbo
680 1737 185 83 cordis,
815 1737 135 83 siue
899 1737 202 83 explicet
1050 1737 151 83 verbo
1151 1737 168 83 cordis
1269 1737 118 83 aut
1336 1737 135 83 oris
1420 1737 135 83 quod
1504 1737 101 83 in
1555 1737 185 83 vouendo
1689 1737 151 83 habet
1790 1737 235 83 propositum
1975 1737 84 83 &
2009 1737 101 83 de
2060 1737 202 83 intrando
2211 1737 84 83 &
2228 1737 67 83 de

505 1796 237 68 permanendo,
695 1796 79 68 &
727 1796 95 68 de
774 1796 221 68 experiendo
948 1796 95 68 et
995 1796 95 68 de
1043 1796 237 68 profitendo,
1233 1796 127 68 siue
1312 1796 158 68 neutro
1422 1796 127 68 modo
1501 1796 206 68 explicet,
1660 1796 111 68 sed
1723 1796 285 68 cointelligatur
1960 1796 221 68 implicite,
2134 1796 127 68 nisi
2197 1796 95 68 vere

494 1856 86 62 &
528 1856 206 62 expresse
682 1856 206 62 intendat
837 1856 154 62 verbo
939 1856 188 62 cordis,
1076 1856 120 62 aut
1145 1856 137 62 oris
1231 1856 103 62 se
1282 1856 206 62 obligare
1436 1856 103 62 ad
1488 1856 257 62 permanendum
1693 1856 86 62 &
1728 1856 103 62 ad
1779 1856 257 62 experiendum
1985 1856 86 62 &
2019 1856 103 62 ad
2070 1856 257 62 profitendum

500 1910 100 69 vel
557 1910 228 69 simpliciter,
742 1910 100 69 vel
799 1910 100 69 sub
856 1910 199 69 conditione
1013 1910 85 69 si
1055 1910 228 69 sufficientem
1241 1910 85 69 se
1283 1910 128 69 oneri
1369 1910 199 69 inuenerit:
1526 1910 85 69 ad
1568 1910 142 69 nullum
1668 1910 157 69 illorum
1782 1910 85 69 se
1825 1910 157 69 obligat
1939 1910 100 69 per
1996 1910 128 69 illud
2081 1910 142 69 votum,
2181 1910 100 69 nec
2224 1910 71 69 com

494 1959 169 75 tinentur
621 1959 99 75 sub
677 1959 85 75 eo
720 1959 85 75 ex
762 1959 155 75 annexo,
875 1959 127 75 sicut
960 1959 99 75 nec
1016 1959 226 75 simpliciter,
1199 1959 99 75 sed
1256 1959 141 75 cadunt
1355 1959 155 75 solummo
1467 1959 99 75 sub
1524 1959 113 75 modo
1594 1959 198 75 proposito:
1750 1959 113 75 quia
1820 1959 198 75 nequamquam
1975 1959 85 75 se
2018 1959 169 75 obligat,
2145 1959 99 75 sia
2201 1959 99 75 est
2244 1959 56 75 so

504 2007 147 78 lummodo
610 2007 227 78 circunstantia
797 2007 120 78 voti,
878 2007 107 78 siue
944 2007 147 78 tamquam
1051 2007 200 78 circunstans
1211 2007 134 78 votum,
1305 2007 107 78 sine
1372 2007 107 78 quae
1438 2007 120 78 votum
1519 2007 120 78 ipsum
1599 2007 93 78 non
1652 2007 120 78 esset
1732 2007 134 78 votum,
1826 2007 93 78 nec
1879 2007 120 78 etiam
1959 2007 120 78 esset
2039 2007 160 78 licitum,
2146 2007 147 78 promissum

495 2065 113 76 nisi
566 2065 85 76 in
608 2065 113 76 casu
679 2065 142 76 fieret
778 2065 113 76 puta
849 2065 184 76 occasione
991 2065 156 76 mortis,
1104 2065 99 76 vel
1161 2065 184 76 huiusmodi
1302 2065 99 76 vel
1359 2065 170 76 alicuius
1487 2065 213 76 consimilis.
1657 2065 113 76 vnde
1727 2065 71 76 &
1756 2065 85 76 in
1798 2065 213 76 praecedenti
1968 2065 170 76 Quolibet
2096 2065 85 76 si
2138 2065 99 76 sic
2181 2065 113 76 posset

511 2119 155 62 voueri
620 2119 202 62 ingressus
775 2119 217 62 religionis
946 2119 109 62 sub
1008 2119 233 62 dubitatione
1194 2119 155 62 dimisi
1303 2119 248 62 quaestionem.
1505 2119 109 62 xx.
1567 2119 93 62 Et
1613 2119 109 62 sic
1675 2119 124 62 dico
1753 2119 124 62 quod
1830 2119 93 62 ex
1877 2119 171 62 ratione
2001 2119 78 62 &
2032 2119 140 62 forma
2125 2119 140 62 talis
2203 2119 93 62 voti

503 2171 108 74 sic
564 2171 154 74 vouens
672 2171 139 74 nihil
765 2171 169 74 amplius
888 2171 139 74 vouet
980 2171 123 74 quam
1057 2171 139 74 merum
1150 2171 216 74 ingressum,
1319 2171 77 74 &
1350 2171 92 74 ad
1396 2171 139 74 nihil
1489 2171 169 74 amplius
1612 2171 92 74 se
1658 2171 185 74 obligat.
1797 2171 92 74 Et
1843 2171 108 74 sic
1905 2171 92 74 vt
1951 2171 123 74 mihi
2028 2171 169 74 videtur
2151 2171 139 74 nihil
2228 2171 62 74 il

499 2224 138 77 lorum
591 2224 138 77 verum
682 2224 107 77 est
744 2224 122 77 quae
820 2224 184 77 assumpta
958 2224 122 77 sunt
1035 2224 92 77 in
1080 2224 199 77 solutione
1234 2224 153 77 vltimi
1341 2224 214 77 argumenti,
1509 2224 77 77 &
1540 2224 138 77 sicut
1632 2224 199 77 professio
1785 2224 107 77 sub
1846 2224 138 77 dicta
1938 2224 214 77 conditione
2106 2224 184 77 scilicet
2229 2224 61 77 si

506 2284 210 72 expertus
664 2284 193 72 fuerit,
805 2284 123 72 non
875 2284 158 72 cadit
980 2284 123 72 sub
1050 2284 158 72 voto,
1155 2284 228 72 similiter
1331 2284 210 72 secundum
1488 2284 140 72 quod
1576 2284 158 72 alias
1681 2284 245 72 declaraui,
1874 2284 123 72 nec
1944 2284 158 72 mora,
2050 2284 123 72 nec
2102 2284 193 72 experien-

499 2337 128 73 tia
572 2337 182 73 cadunt
699 2337 128 73 sub
772 2337 146 73 voto
863 2337 255 73 ingressus,
1064 2337 200 73 quoniam
1210 2337 109 73 si
1264 2337 200 73 aliquod
1410 2337 200 73 istorum
1556 2337 255 73 implicite,
1756 2337 128 73 aut
1829 2337 109 73 ex
1884 2337 182 73 annexo
2012 2337 200 73 caderet
2157 2337 128 73 sub
2212 2337 73 73 vo

503 2384 112 84 to,
567 2384 160 84 potius
679 2384 176 84 caderet
807 2384 112 84 sic
870 2384 112 84 sub
934 2384 128 84 voto
1014 2384 128 84 ipsa
1094 2384 208 84 professio
1254 2384 128 84 quam
1334 2384 128 84 mora
1413 2384 112 84 vel
1477 2384 256 84 experientia,
1685 2384 128 84 quia
1765 2384 208 84 professio
1925 2384 112 84 est
1989 2384 144 84 finis
2084 2384 208 84 ingressus
2228 2384 64 84 mo

505 2439 95 72 rae
560 2439 68 72 &
587 2439 230 72 experientiae.
776 2439 122 72 finis
857 2439 122 72 autem
938 2439 135 72 semper
1033 2439 216 72 principalius
1208 2439 122 72 cadit
1290 2439 95 72 sub
1344 2439 176 72 proposito
1479 2439 68 72 &
1506 2439 189 72 intentione
1655 2439 189 72 proponentl
1803 2439 176 72 inquantum
1939 2439 176 72 proponit:
2074 2439 108 72 quam
2141 2439 149 72 aliquid
2236 2439 54 72 eo

497 2495 106 70 rum
557 2495 121 70 quae
633 2495 121 70 sunt
709 2495 91 70 ad
754 2495 151 70 finem.
860 2495 91 70 Et
905 2495 106 70 sic
966 2495 227 70 quemadmodum
1147 2495 151 70 siquis
1253 2495 166 70 voueret
1374 2495 91 70 se
1419 2495 166 70 daturum
1540 2495 197 70 pitantiam
1691 2495 151 70 alicui
1797 2495 197 70 religioni
1948 2495 91 70 in
1994 2495 151 70 aliqua
2100 2495 136 70 certo
2190 2495 106 70 die
2236 2495 45 70 &

494 2543 133 75 siml
577 2543 232 75 proponeret
760 2543 149 75 illam
859 2543 182 75 intrare
992 2543 133 75 illo
1074 2543 133 75 die,
1157 2543 116 75 nec
1224 2543 232 75 intenderet
1406 2543 99 75 in
1455 2543 232 75 proponendo
1638 2543 99 75 se
1687 2543 199 75 obligare
1837 2543 99 75 ad
1886 2543 232 75 ingressum,
2069 2543 116 75 nec
2135 2543 99 75 in
2168 2543 116 75 vouen

502 2596 102 84 do
553 2596 237 84 pitantiam,
739 2596 152 84 nullo
841 2596 135 84 modo
925 2596 203 84 dicendus
1077 2596 152 84 esset
1179 2596 152 84 talis
1281 2596 135 84 esse
1365 2596 220 84 obligatus
1534 2596 102 84 ad
1585 2596 237 84 ingressum,
1771 2596 118 84 nec
1839 2596 186 84 deberet
1974 2596 135 84 dici
2059 2596 135 84 quod
2127 2596 152 84 ingres-

496 2647 126 86 sus
568 2647 198 86 caderet
712 2647 144 86 vllo
802 2647 144 86 modo
892 2647 126 86 sub
964 2647 144 86 illo
1054 2647 162 86 voto:
1162 2647 144 86 sic,
1252 2647 180 86 siquis
1378 2647 162 86 vouet
1487 2647 108 86 se
1541 2647 270 86 ingressurum
1757 2647 270 86 religionem,
1973 2647 90 86 &
2009 2647 162 86 simul
2099 2647 180 86 proponit

495 2706 166 64 manere
611 2706 83 64 &
644 2706 199 64 experiri
793 2706 83 64 &
826 2706 232 64 profiteri,
1009 2706 149 64 nullo
1108 2706 132 64 modo
1191 2706 199 64 dicendus
1340 2706 116 64 est
1406 2706 132 64 esse
1489 2706 215 64 obligatus
1654 2706 99 64 ad
1704 2706 166 64 moram,
1820 2706 281 64 experientiam,
2051 2706 116 64 seu
2101 2706 182 64 professio

491 2765 129 67 nem,
572 2765 113 67 nec
636 2765 226 67 implicite,
814 2765 113 67 nec
879 2765 226 67 explicite,
1057 2765 113 67 nec
1121 2765 145 67 vere,
1218 2765 113 67 nec
1283 2765 323 67 interpraetatiue,
1558 2765 113 67 nec
1622 2765 291 67 principaliter,
1865 2765 113 67 nec
1929 2765 97 67 ex
1978 2765 162 67 annexo
2091 2765 178 67 quantum
2204 2765 81 67 est

497 2815 88 76 de
541 2815 88 76 vi
585 2815 118 76 voti
659 2815 191 76 simplicis
806 2815 206 76 ingressus,
968 2815 118 76 quia
1041 2815 118 76 vota
1115 2815 118 76 sunt
1188 2815 162 76 stricti
1306 2815 147 76 iuris:
1409 2815 88 76 si
1453 2815 147 76 siquis
1556 2815 162 76 voueret
1673 2815 88 76 se
1717 2815 235 76 professurum,
1909 2815 118 76 siue
1982 2815 206 76 proponeret
2129 2815 147 76 expresse

495 2873 103 71 aut
554 2873 162 71 voueret
672 2873 88 71 se
716 2873 206 71 intraturum
878 2873 118 71 siue
952 2873 118 71 non,
1025 2873 118 71 sper
1099 2873 132 71 tamen
1187 2873 177 71 iplicite
1319 2873 74 71 &
1349 2873 265 71 interpretatiue
1570 2873 74 71 &
1599 2873 88 71 ex
1643 2873 147 71 annexo
1746 2873 191 71 censendus
1893 2873 132 71 esset
1982 2873 147 71 vouere
2085 2873 206 71 ingressum,
2232 2873 44 71 &

494 2922 177 78 similiter
630 2922 122 78 moram
712 2922 82 78 ad
753 2922 204 78 experiendum
916 2922 68 78 &
943 2922 217 78 experientiam
1120 2922 82 78 si
1160 2922 95 78 non
1215 2922 122 78 velit
1296 2922 82 78 in
1337 2922 163 78 ingressu
1459 2922 122 78 stati
1541 2922 190 78 profiteri.
1691 2922 68 78 &
1718 2922 95 78 hoc
1772 2922 109 78 ideo
1840 2922 109 78 quia
1908 2922 177 78 posterius
2044 2922 122 78 ordie
2125 2922 95 78 non
2166 2922 109 78 potest

503 2970 155 72 impleri
616 2970 113 72 fine
686 2970 197 72 impletione
841 2970 169 72 prioris.
968 2970 127 72 prius
1052 2970 127 72 tamen
1137 2970 141 72 potest
1235 2970 155 72 impleri
1348 2970 113 72 fine
1418 2970 211 72 posterioris
1587 2970 211 72 impletione.
1756 2970 113 72 Vnde
1826 2970 99 72 cum
1883 2970 141 72 ordine
1981 2970 225 72 discretionis
2164 2970 70 72 &
2178 2970 99 72 ratio

496 3036 111 68 nis
560 3036 158 68 rectae
670 3036 143 68 atque
765 3036 174 68 statuti
892 3036 222 68 ecclesiae,
1066 3036 127 68 post
1146 3036 206 68 ingressum
1304 3036 127 68 mora
1383 3036 79 68 &
1415 3036 238 68 experientia
1605 3036 127 68 quae
1684 3036 158 68 haberi
1795 3036 158 68 potest
1906 3036 143 68 primo
2001 3036 127 68 anno
2080 3036 111 68 qui
2127 3036 143 68 dicitur

490 3085 248 73 probationis,
692 3085 171 73 debeant
816 3085 217 73 praecedere
987 3085 264 73 professionem:
1204 3085 93 73 in
1251 3085 109 73 quo
1313 3085 140 73 tamen
1406 3085 171 73 quisque
1530 3085 155 73 potest
1639 3085 93 73 ex
1685 3085 233 73 permissione
1872 3085 202 73 ecclesiae
2027 3085 124 73 sibi
2089 3085 186 73 praeiudica

493 3143 99 87 re
542 3143 181 87 seipsum
673 3143 164 87 statim
788 3143 99 87 ad
838 3143 263 87 professionem
1051 3143 181 87 futuram
1182 3143 230 87 obligando,
1363 3143 115 87 aut
1429 3143 148 87 etiam
1527 3143 164 87 statim
1642 3143 246 87 profitendo,
1840 3143 131 87 ideo
1922 3143 214 87 profitens
2086 3143 181 87 statim,
2201 3143 82 87 aut
