2435 3751
151 248 192 81 largiri
290 248 262 81 dignaretur:
500 248 105 81 vt
552 248 157 81 serui
657 248 122 81 dei
726 248 105 81 in
779 248 157 81 agris
883 248 192 81 alienis
1023 248 192 81 inuenti
1163 248 122 81 non
1233 248 192 81 tanquam
1372 248 157 81 fures
1477 248 366 81 comprehenderentur
1791 248 122 81 sed
1861 248 122 81 tan

150 326 129 67 quam
230 326 161 67 strumi
343 326 242 67 fugarentur.
537 326 81 67 &
569 326 161 67 infra.
682 326 193 67 Caeterum
827 326 129 67 quis
907 326 145 67 ferat
1004 326 113 67 non
1069 326 145 67 sicut
1165 326 242 67 infirmiores
1359 326 210 67 tolerari:
1520 326 113 67 sed
1584 326 145 67 sicut
1681 326 226 67 sanctiores
1842 326 97 67 eti-

139 377 107 58 am
193 377 267 58 praedicari:
406 377 124 58 Est
477 377 160 58 autem
584 377 284 58 aduertendum:
815 377 142 58 quod
903 377 107 58 de
957 377 178 58 talium
1081 377 178 58 labore
1206 377 231 58 contingit
1383 377 178 58 viuere
1508 377 267 58 dupliciter.
1721 377 124 58 Vno
1792 377 142 58 modo
1863 377 89 58 ius

150 433 131 62 sibi
231 433 229 62 vendicando
411 433 98 62 in
460 433 180 62 praemio
591 433 196 62 laboris.
738 433 131 62 Alio
820 433 131 62 modo
902 433 131 62 vsum
983 433 147 62 facti
1082 433 196 62 tantummo
1229 433 98 62 ex
1278 433 131 62 illo
1359 433 245 62 expectando:
1556 433 98 62 vt
1605 433 131 62 tunc
1686 433 147 62 demum
1785 433 114 62 cum
1834 433 114 62 prae-

142 494 133 58 mium
225 494 216 58 denegatur
392 494 199 58 pacifice
541 494 266 58 sustineatur:
757 494 83 58 &
790 494 100 58 ad
840 494 166 58 mensam
957 494 166 58 domini
1073 494 233 58 mendicando
1256 494 233 58 accedatur.
1438 494 83 58 &
1472 494 116 58 hoc
1538 494 183 58 vltimum
1671 494 150 58 credo
1771 494 133 58 esse
1837 494 100 58 per-

140 535 278 62 fectissimum.
365 535 104 62 De
417 535 156 62 illis
522 535 156 62 autem
626 535 122 62 qui
695 535 122 62 non
765 535 208 62 laborant
921 535 191 62 manibus
1060 535 87 62 &
1095 535 122 62 hoc
1164 535 191 62 propter
1303 535 243 62 proximorum
1494 535 208 62 negotium
1650 535 174 62 saluti
1754 535 174 62 animarum

155 595 277 66 intendentes:
379 595 242 66 distinguo:
570 595 138 66 quia
656 595 121 66 aut
725 595 156 66 labor
829 595 173 66 manuum
950 595 173 66 posset
1071 595 207 66 exerceri
1226 595 104 66 ab
1278 595 121 66 eis
1347 595 173 66 absque
1468 595 242 66 detrimento
1658 595 259 66 proximorum,
1849 595 86 66 aut

150 644 135 62 non.
234 644 101 62 Si
285 644 152 62 primo
386 644 152 62 modo:
487 644 135 62 dico
572 644 169 62 omnino
690 644 135 62 quod
774 644 236 62 perfectius
960 644 152 62 esset
1061 644 118 62 eis
1128 644 169 62 viuere
1246 644 101 62 de
1297 644 169 62 labore
1415 644 135 62 quam
1499 644 101 62 de
1550 644 236 62 euangelio:
1736 644 118 62 vel
1803 644 101 62 de
1837 644 101 62 men-

153 699 210 60 dicitate,
314 699 97 60 ea
363 699 178 60 ratione
492 699 113 60 qua
557 699 162 60 prius:
670 699 129 60 nisi
751 699 275 60 postponeretur
977 699 145 60 labor
1074 699 178 60 propter
1204 699 259 60 complementum
1414 699 323 60 contemplationis.
1689 699 129 60 tunc
1769 699 129 60 enim
1850 699 113 60 di-

146 754 246 66 stinguendum
342 754 164 66 esset:
457 754 98 66 vt
506 754 115 66 iam
572 754 148 66 supra
670 754 230 66 distinctum
851 754 131 66 est.
933 754 98 66 Si
982 754 180 66 secundo
1113 754 148 66 modo:
1211 754 115 66 aut
1277 754 131 66 ergo
1359 754 98 66 ad
1408 754 230 66 proximorum
1589 754 197 66 negotium
1736 754 230 66 exequendum

158 805 131 67 quis
239 805 196 67 fraterna
386 805 212 67 charitate
550 805 196 67 vrgetur,
697 805 114 67 aut
762 805 163 67 debito
876 805 180 67 officii
1007 805 261 67 compellitur.
1219 805 180 67 vtroque
1350 805 131 67 enim
1432 805 196 67 cessante
1579 805 163 67 nuilus
1693 805 212 67 perfectus
1840 805 98 67 debe

152 859 105 65 ret
212 859 194 65 insistere
361 859 135 65 velle
451 859 179 65 negotiis
586 859 239 65 exterioribus
780 859 135 65 vitae
870 859 179 65 actiuae:
1004 859 120 65 quia
1079 859 149 65 semper
1184 859 239 65 contemplatio
1378 859 135 65 debet
1468 859 120 65 esse
1542 859 90 65 in
1587 859 209 65 desiderio:
1752 859 135 65 licet
1826 859 105 65 actio

154 911 172 61 propter
280 911 251 61 necessitatem
483 911 110 61 sit
546 911 94 61 in
593 911 219 61 exercitio:
765 911 141 61 prout
859 911 94 61 in
906 911 235 61 praecedenti
1095 911 188 61 Quolibet
1236 911 251 61 declarauimus
1439 911 94 61 in
1486 911 219 61 quaestione
1659 911 94 61 de
1690 911 235 61 praeeminentia

144 965 148 69 inter
242 965 148 69 vitam
341 965 181 69 actiuam
473 965 82 69 &
506 965 313 69 contemplatiuam.
769 965 99 69 Et
818 965 214 69 vtrolibet
983 965 181 69 illorum
1114 965 181 69 modorum
1246 965 230 69 existente,
1427 965 115 69 aut
1493 965 165 69 nuilus
1608 965 197 69 dictorum
1756 965 165 69 casuum
1855 965 82 69 seu

153 1027 205 64 causarum
307 1027 222 64 occurrit:
477 1027 188 64 propter
614 1027 137 64 quos
699 1027 119 64 vel
767 1027 137 64 quas
853 1027 171 64 Paulus
972 1027 239 64 laborauit:
1160 1027 119 64 aut
1228 1027 137 64 immo
1314 1027 188 64 aliquis
1450 1027 154 64 eorum
1553 1027 119 64 vel
1621 1027 171 64 plures
1723 1027 205 64 occurrunt.

152 1071 96 60 Si
200 1071 144 60 primo
296 1071 144 60 modo,
393 1071 128 60 dico
473 1071 128 60 quod
553 1071 208 60 compulsis
713 1071 160 60 debito
825 1071 176 60 officii
954 1071 160 60 omnino
1066 1071 225 60 perfectius
1242 1071 112 60 est
1307 1071 160 60 viuere
1419 1071 96 60 de
1467 1071 208 60 euangelio
1627 1071 128 60 quam
1707 1071 96 60 de
1756 1071 160 60 labore
1852 1071 80 60 aut

146 1130 99 62 de
195 1130 279 62 mendicatione.
425 1130 131 62 vnde
507 1130 99 62 in
556 1130 131 62 isto
639 1130 131 62 casu
721 1130 181 62 viuebat
852 1130 164 62 Paulus
967 1130 99 62 de
1017 1130 230 62 euangelio:
1197 1130 181 62 verlter
1329 1130 131 62 enim
1411 1130 230 62 perfectius
1592 1130 115 62 est
1658 1130 164 62 viuere
1773 1130 99 62 de
1806 1130 131 62 euange

147 1178 115 60 lio
212 1178 131 60 quam
294 1178 98 60 de
343 1178 262 60 mendicitate.
556 1178 131 60 Vnde
637 1178 213 60 Timotheus
801 1178 131 60 quia
883 1178 115 60 non
948 1178 164 60 potens
1063 1178 164 60 viuere
1177 1178 98 60 de
1226 1178 164 60 labore
1341 1178 180 60 timebat
1472 1178 164 60 viuere
1586 1178 98 60 de
1636 1178 229 60 euangelio,
1799 1178 131 60 putans

152 1236 104 56 hoc
212 1236 134 56 minus
301 1236 193 56 perfectum
449 1236 134 56 esse:
538 1236 119 56 quia
612 1236 134 56 vidit
702 1236 193 56 magistrum
850 1236 119 56 suum
924 1236 148 56 Paulum
1028 1236 104 56 non
1088 1236 134 56 velle
1177 1236 148 56 viuere
1281 1236 89 56 de
1325 1236 208 56 euangelio:
1489 1236 178 56 secundum
1622 1236 208 56 Augustinus
1786 1236 89 56 vt
1815 1236 119 56 dictum

146 1287 121 67 est
215 1287 172 67 supra,
335 1287 224 67 cogitauit
508 1287 103 67 se
560 1287 172 67 debere
680 1287 172 67 viuere
801 1287 172 67 potius
922 1287 103 67 de
974 1287 172 67 aliqua
1094 1287 293 67 negotiatione:
1336 1287 86 67 &
1370 1287 224 67 nequaquam
1543 1287 224 67 cogitauit
1715 1287 103 67 se
1750 1287 172 67 diuerte-

152 1340 97 68 re
200 1340 97 68 ad
249 1340 275 68 mendicitatem:
475 1340 145 68 quasi
572 1340 226 68 perfectius
750 1340 145 68 esset
847 1340 162 68 viuere
960 1340 97 68 de
1009 1340 145 68 iusta
1106 1340 259 68 negotiatione
1316 1340 129 68 quam
1397 1340 97 68 de
1445 1340 259 68 mendicitate,
1655 1340 129 68 quod
1736 1340 162 68 reuera
1833 1340 97 68 per-

145 1386 189 71 fectius
282 1386 154 71 esset
385 1386 86 71 &
419 1386 172 71 melius
540 1386 120 71 non
608 1386 189 71 potenti
746 1386 206 71 laborare
900 1386 86 71 &
934 1386 120 71 non
1003 1386 206 71 tendenti
1158 1386 103 71 ad
1209 1386 309 71 consummationem
1467 1386 343 71 contemplationis:
1758 1386 154 71 neque
1861 1386 103 71 in

147 1449 145 70 tento
243 1449 209 70 negotiis,
404 1449 241 70 proximorum.
597 1449 145 70 Illis
694 1449 129 70 vero
774 1449 113 70 qui
839 1449 193 70 vrgentur
984 1449 193 70 fraterna
1128 1449 209 70 charitate
1289 1449 97 70 ad
1338 1449 225 70 proximorum
1515 1449 193 70 negotium
1659 1449 241 70 exercendum,
1853 1449 113 70 qui

151 1504 105 60 non
211 1504 151 60 habent
317 1504 211 60 potestatem
482 1504 166 60 viuendi
602 1504 90 60 de
648 1504 211 60 euangelio:
813 1504 120 60 Dico
888 1504 120 60 quod
964 1504 211 60 perfectius
1129 1504 105 60 est
1189 1504 151 60 viuere
1295 1504 90 60 de
1340 1504 226 60 mendicitate
1521 1504 120 60 quam
1596 1504 90 60 de
1641 1504 166 60 labore:
1761 1504 120 60 quia
1822 1504 105 60 illis

153 1554 136 61 licet
243 1554 196 61 compulsis
394 1554 91 61 ex
440 1554 166 61 officio
560 1554 211 61 viuentibus
726 1554 91 61 de
772 1554 211 61 euangelio:
938 1554 75 61 &
968 1554 136 61 istis
1059 1554 136 61 aliis
1149 1554 211 61 viuentibus
1315 1554 91 61 de
1360 1554 226 61 mendicitate
1542 1554 136 61 minus
1632 1554 242 61 impedirentur
1828 1554 106 61 seu
1874 1554 60 61 re

144 1607 224 60 traherentur
324 1607 75 60 a
354 1607 210 60 proximorum
518 1607 165 60 negotii
638 1607 224 60 executione.
818 1607 105 60 Nec
877 1607 135 60 etiam
967 1607 90 60 in
1012 1607 120 60 isto
1087 1607 120 60 casu
1162 1607 90 60 si
1207 1607 120 60 illi
1281 1607 105 60 qui
1341 1607 180 60 vrgentur
1476 1607 90 60 ad
1521 1607 180 60 negotia,
1656 1607 210 60 proximorum
1805 1607 120 60 frater

151 1667 92 64 na
197 1667 214 64 charitate,
365 1667 214 64 acciperent
534 1667 153 64 victum
641 1667 92 64 ab
687 1667 138 64 illis
779 1667 153 64 quibus
886 1667 199 64 militant,
1039 1667 138 64 esset
1131 1667 230 64 mendicitas,
1314 1667 184 64 proprie:
1452 1667 107 64 sed
1514 1667 153 64 potius
1621 1667 199 64 potestas:
1774 1667 138 64 licet
1850 1667 77 64 non

150 1718 94 66 ex
197 1718 157 66 debito
308 1718 173 66 officii
433 1718 79 66 &
465 1718 173 66 diuinae
591 1718 267 66 institutionis
811 1718 142 66 tamen
905 1718 94 66 ex
953 1718 157 66 debito
1063 1718 220 66 charitatis
1236 1718 79 66 &
1267 1718 236 66 obligatione
1456 1718 205 66 naturali.
1613 1718 94 66 Si
1661 1718 126 66 vero
1739 1718 173 66 aliquis
1865 1718 94 66 di

146 1766 161 65 ctorum
259 1766 161 65 casuum
372 1766 113 65 seu
436 1766 210 65 causarum,
598 1766 97 65 in
646 1766 161 65 quibus
759 1766 161 65 Paulus
872 1766 210 65 laborauit
1033 1766 194 65 manibus,
1179 1766 210 65 occurrat:
1340 1766 129 65 tunc
1421 1766 129 65 dico
1501 1766 129 65 quod
1582 1766 226 65 perfectius
1760 1766 113 65 est
1808 1766 113 65 secun

150 1822 115 57 dum
215 1822 197 57 vtrumque
363 1822 197 57 dictorum
512 1822 197 57 modorum,
660 1822 263 57 exercentibus
874 1822 197 57 negotia,
1022 1822 230 57 proximorum
1203 1822 165 57 viuere
1318 1822 99 57 de
1367 1822 165 57 labore
1483 1822 115 57 vel
1548 1822 99 57 de
1598 1822 263 57 mendicatione
1795 1822 132 57 sumpta

142 1875 90 62 ab
187 1875 136 62 aliis
278 1875 151 62 quibus
383 1875 105 62 non
443 1875 226 62 militarent,
624 1875 90 62 de
669 1875 136 62 quali
760 1875 166 62 viuebat
880 1875 151 62 Paulus
986 1875 196 62 quondoque
1136 1875 151 62 omisso
1242 1875 166 62 labore:
1362 1875 181 62 secundum
1498 1875 121 62 quod
1573 1875 211 62 Augustinus
1739 1875 181 62 testatur
1875 1875 90 62 di

149 1930 122 60 cens
225 1930 92 60 de
271 1930 137 60 opere
362 1930 137 60 mona.
454 1930 168 60 Putemus
576 1930 198 60 apostolum
728 1930 137 60 illis
820 1930 168 60 omnibus
942 1930 153 60 diebus
1049 1930 153 60 quibus
1155 1930 122 60 fuit
1232 1930 168 60 Athenis
1354 1930 107 60 non
1415 1930 153 60 fuisse
1521 1930 198 60 operatum:
1674 1930 168 60 propter
1796 1930 107 60 hoc
1842 1930 92 60 enim

148 1982 79 62 &
180 1982 95 62 ex
227 1982 205 62 Macedonia
385 1982 237 62 supplebatur
575 1982 126 62 eius
654 1982 237 62 indigentia:
844 1982 142 62 sicut
938 1982 142 62 dicit
1033 1982 95 62 in
1081 1982 174 62 secunda
1207 1982 95 62 ad
1254 1982 142 62 Cori,
1349 1982 190 62 quamquam
1492 1982 79 62 &
1523 1982 142 62 aliis
1618 1982 142 62 horis
1713 1982 79 62 &
1744 1982 190 62 noctibus
1871 1982 63 62 po

154 2033 155 65 terat:
262 2033 124 65 quia
339 2033 170 65 valebat
463 2033 77 65 &
494 2033 139 65 animo
587 2033 77 65 &
618 2033 186 65 corpore.
757 2033 108 65 Sed
819 2033 155 65 omnino
927 2033 217 65 perfectius
1097 2033 108 65 est
1159 2033 93 65 in
1206 2033 139 65 illis
1299 2033 170 65 casibus
1422 2033 93 65 de
1469 2033 170 65 proprio
1593 2033 155 65 viuere
1701 2033 155 65 labore
1809 2033 108 65 aut
1856 2033 77 65 con

147 2092 179 66 fratrum
277 2092 179 66 suorum:
408 2092 82 66 &
440 2092 114 66 hoc
506 2092 98 66 ne
555 2092 179 66 sumendo
685 2092 98 66 ab
734 2092 147 66 aliis
832 2092 163 66 maxime
946 2092 98 66 ab
995 2092 147 66 illis
1093 2092 163 66 quibus
1207 2092 212 66 militant,
1370 2092 245 66 impediretur
1566 2092 163 66 cursus
1680 2092 228 66 euangelii:
1843 2092 82 66 qui

148 2141 153 58 reuera
255 2141 230 58 impediretur
439 2141 92 58 in
485 2141 123 58 hoc.
562 2141 184 58 secundum
700 2141 123 58 quod
777 2141 138 58 patet
869 2141 230 58 discurrendo
1053 2141 107 58 per
1114 2141 153 58 casus,
1221 2141 92 58 in
1267 2141 153 58 quibus
1375 2141 184 58 diuersis
1513 2141 92 58 de
1559 2141 153 58 causis
1666 2141 230 58 specialibus
1835 2141 92 58 Pau-

147 2190 97 62 lus
203 2190 125 62 nihil
286 2190 153 62 accepit
398 2190 84 62 ab
439 2190 125 62 illis
523 2190 139 62 quibus
620 2190 195 62 militauit:
774 2190 97 62 sed
829 2190 181 62 quondoque
968 2190 153 62 accepit
1080 2190 84 62 ab
1122 2190 125 62 aliis
1205 2190 70 62 &
1233 2190 195 62 quonidoque
1386 2190 125 62 vixit
1470 2190 84 62 de
1511 2190 153 62 labore:
1623 2190 167 62 secundum
1748 2190 111 62 quod
1818 2190 139 62 quando

151 2251 106 65 que
212 2251 91 65 in
257 2251 152 65 aliquo
363 2251 121 65 casu
439 2251 137 65 bonum
530 2251 197 65 videbatur
682 2251 91 65 ei
727 2251 182 65 accipere
864 2251 106 65 vno
925 2251 137 65 modo,
1016 2251 197 65 quandoque
1167 2251 137 65 autem
1258 2251 76 65 &
1289 2251 91 65 in
1334 2251 121 65 alio
1410 2251 121 65 casu
1486 2251 152 65 melius
1592 2251 197 65 videbatur
1744 2251 91 65 ei
1774 2251 152 65 accipere

146 2311 160 60 cumque
258 2311 225 60 occurrebat
435 2311 160 60 causa,
547 2311 176 60 propter
675 2311 128 60 quam
755 2311 144 60 visum
852 2311 112 60 est
916 2311 96 60 ei
964 2311 241 60 laborandum,
1156 2311 192 60 captabat
1301 2311 96 60 ad
1349 2311 112 60 hoc
1413 2311 160 60 certas
1525 2311 144 60 horas
1621 2311 112 60 tam
1685 2311 96 60 de
1734 2311 112 60 die
1798 2311 128 60 quam
1862 2311 64 60 de

149 2354 161 67 nocte:
261 2354 161 67 maxime
374 2354 96 67 de
422 2354 161 67 nocte:
534 2354 96 67 in
582 2354 161 67 quibus
695 2354 128 67 sine
775 2354 161 67 minori
887 2354 209 67 dispendio
1048 2354 161 67 potuit
1160 2354 96 67 se
1209 2354 225 67 subtrahere
1385 2354 80 67 a
1417 2354 209 67 ppostolo,
1578 2354 80 67 &
1610 2354 128 67 tunc
1690 2354 225 67 laborabat.
1867 2354 96 67 di

147 2407 131 62 cente
235 2407 203 62 Augustinus
395 2407 87 62 de
438 2407 131 62 opere
525 2407 131 62 mona.
613 2407 87 62 i.
656 2407 116 62 lpse
729 2407 189 62 apostolis
874 2407 160 62 quomodo
990 2407 160 62 vacaret
1107 2407 160 62 operari
1223 2407 160 62 manibus
1339 2407 131 62 suis:
1426 2407 116 62 nisi
1499 2407 87 62 ad
1543 2407 189 62 erogandum
1688 2407 145 62 verbum
1790 2407 102 62 dei
1833 2407 102 62 certa

154 2461 170 68 tempora
277 2461 262 68 constitueret:
493 2461 154 68 neque,
601 2461 108 68 enm
663 2461 124 68 deus
740 2461 77 68 &
771 2461 108 68 hoc
833 2461 154 68 latere
941 2461 108 68 nos
1003 2461 170 68 voluit:
1126 2461 108 68 nam
1188 2461 77 68 &
1219 2461 139 68 cuius
1311 2461 139 68 artis
1404 2461 154 68 opifex
1512 2461 154 68 fuerit
1620 2461 77 68 &
1651 2461 154 68 quibus
1744 2461 185 68 temporibus

150 2520 185 59 vacabat
285 2520 253 59 dispensando
487 2520 219 59 euangelio
655 2520 152 59 sacra
756 2520 219 59 scriptura
925 2520 118 59 non
992 2520 185 59 tacuit.
1127 2520 118 59 Nam
1194 2520 118 59 cum
1261 2520 135 59 dies
1346 2520 269 59 profectionis
1565 2520 185 59 vrgeret
1699 2520 101 59 in
1750 2520 168 59 Troade
1851 2520 84 59 &c.

153 2570 100 62 vbi
210 2570 171 62 declarat
338 2570 200 62 Augustinus
495 2570 114 62 quod
567 2570 186 62 praecipue
710 2570 86 62 de
752 2570 100 62 die
809 2570 200 62 disputauit
966 2570 71 62 &
995 2570 228 62 praedicauit:
1181 2570 100 62 per
1238 2570 114 62 quod
1309 2570 171 62 insinuat
1438 2570 71 62 a
1466 2570 186 62 contrario
1609 2570 114 62 quod
1680 2570 86 62 de
1723 2570 128 62 nocte
1795 2570 128 62 praeci-

147 2620 115 67 pue
212 2620 231 67 laborauit.
394 2620 132 67 vnde
476 2620 214 67 sequitur.
641 2620 165 67 Optima
756 2620 132 67 enim
838 2620 115 67 est
904 2620 247 67 gubernatio:
1102 2620 99 67 vt
1151 2620 148 67 omnia
1250 2620 132 67 suis
1332 2620 231 67 temporibus
1513 2620 231 67 distributa
1694 2620 99 67 ex
1744 2620 165 67 ordine
1843 2620 82 67 ge-

151 2677 149 69 rantur
255 2677 89 69 ne
300 2677 149 69 animum
405 2677 164 69 humanum
524 2677 224 69 turbulentis
703 2677 283 69 implicationibus
942 2677 179 69 inuoluta
1076 2677 224 69 parturbent.
1255 2677 104 69 lbi
1314 2677 134 69 etiam
1404 2677 164 69 dicitur
1523 2677 119 69 quod
1598 2677 209 69 operabatur
1747 2677 179 69 apostolus.

144 2727 132 66 Post
227 2727 132 66 haec
310 2727 165 66 inquit
425 2727 198 66 egressus
574 2727 99 66 ab
624 2727 182 66 Athenis
756 2727 149 66 venit
855 2727 231 66 Corinthum:
1037 2727 83 66 &
1070 2727 116 66 cum
1136 2727 231 66 inuenisset
1318 2727 182 66 quendam
1450 2727 182 66 ludaeum
1582 2727 165 66 nomine
1698 2727 182 66 Aquilam
1830 2727 83 66 &
1846 2727 83 66 Pri

149 2783 163 64 scillam
268 2783 148 64 vxorem
371 2783 163 64 illius,
490 2783 178 64 accessit
623 2783 89 64 ad
667 2783 148 64 illos:
771 2783 74 64 &
801 2783 163 64 propter
919 2783 133 64 artis
1008 2783 252 64 similitudinem
1215 2783 148 64 mansit
1319 2783 118 64 apud
1393 2783 133 64 illos
1482 2783 118 64 opus
1556 2783 178 64 faciens:
1689 2783 148 64 erant,
1793 2783 89 64 n.
1822 2783 104 64 taber

141 2836 199 57 naculorum
294 2836 214 57 artifices.
462 2836 138 57 Casus
554 2836 138 57 autem
646 2836 77 57 &
676 2836 153 57 causae
783 2836 107 57 pro
845 2836 153 57 quibus
952 2836 184 57 apostols
1089 2836 168 57 manibus
1212 2836 230 57 operabatur:
1395 2836 138 57 erant
1487 2836 168 57 septem.
1610 2836 153 57 Quarum
1717 2836 138 57 prima
1809 2836 122 57 erat
1870 2836 61 57 vt

152 2888 252 66 pseudoapulos
357 2888 79 66 a
388 2888 267 66 praedicatione
609 2888 252 66 compesceret.
813 2888 110 66 ii.
876 2888 157 66 Corin.
986 2888 110 66 xi.
1049 2888 94 66 Vt
1096 2888 173 66 amputem
1222 2888 220 66 occasionem
1395 2888 142 66 eorum
1490 2888 110 66 qui
1552 2888 157 66 volunt
1663 2888 220 66 occasione.
1820 2888 110 66 Glos.

144 2941 214 64 Intentio
305 2941 179 64 pseudo
430 2941 89 64 &
466 2941 197 64 studium
609 2941 143 64 erat
698 2941 107 64 in
752 2941 214 64 pecuniis
912 2941 286 64 accipiendis:
1145 2941 197 64 ideoque
1288 2941 232 64 apostolus
1466 2941 214 64 accipere
1627 2941 197 64 renuit:
1770 2941 107 64 ne
1806 2941 125 64 illis

147 2994 154 71 esset
249 2994 154 71 forma
352 2994 85 71 &
386 2994 188 71 occasio
522 2994 256 71 accipiendi.
727 2994 188 71 Sciebat
864 2994 137 71 enim
949 2994 137 71 quod
1034 2994 102 71 si
1086 2994 119 71 non
1154 2994 239 71 acciperent
1342 2994 119 71 non
1410 2994 119 71 diu
1478 2994 290 71 praedicarent.
1717 2994 102 71 Et
1768 2994 119 71 hic
1837 2994 137 71 non:

142 3048 264 67 laborauit.
350 3048 132 67 ait
425 3048 170 67 enim.
539 3048 189 67 Gratis
671 3048 264 67 euangelium
879 3048 302 67 euangelicaui
1124 3048 189 67 vobis:
1256 3048 170 67 alias
1370 3048 245 67 ecclesias
1558 3048 245 67 expoliaui
1728 3048 208 67 accipiens

138 3107 274 68 stipendium
354 3107 117 68 ad
413 3107 294 68 ministerium
648 3107 235 68 vestrum,
824 3107 137 68 nam
902 3107 157 68 quod
1000 3107 157 68 mihi
1098 3107 196 68 deerat
1235 3107 313 68 suppleuerunt
1490 3107 215 68 fratres
1646 3107 137 68 qui
1725 3107 235 68 venerunt
1881 3107 59 68 a
