2457 3747
134 291 278 85 intelligemus
360 291 139 85 nisi
447 291 156 85 forte
551 291 139 85 quia
638 291 156 85 dixit
742 291 191 85 mulieri
881 291 278 85 Samaritanae,
1107 291 104 85 da
1160 291 139 85 mihi
1246 291 191 85 bibere:
1386 291 87 85 &
1420 291 104 85 in
1473 291 156 85 cruce
1577 291 122 85 ait
1646 291 174 85 sitio:
1768 291 104 85 In
1820 291 122 85 hoc
1872 291 70 85 er

145 361 96 76 go
193 361 128 76 quod
273 361 176 76 accepit
402 361 209 76 reponenda
562 361 96 76 in
610 361 193 76 loculis,
755 361 225 76 Augustinus
931 361 112 76 eum
995 361 193 76 mendicum
1140 361 112 76 non
1204 361 225 76 iudicauit:
1380 361 80 76 &
1413 361 112 76 hoc
1477 361 128 76 quia
1557 361 128 76 illa
1637 361 112 76 non
1701 361 176 76 recepit
1830 361 96 76 ex
1862 361 80 76 men

141 416 191 69 dicitate
284 416 111 69 sed
348 416 95 69 ex
396 416 207 69 potestate
555 416 207 69 consimili
714 416 127 69 illi
793 416 175 69 petenti
920 416 127 69 quam
1000 416 207 69 concessit
1159 416 207 69 apostolis
1318 416 111 69 non
1381 416 111 69 tam
1445 416 143 69 verbo
1540 416 127 69 quam
1620 416 191 69 exemplo.
1763 416 175 69 dicente
1874 416 64 69 Au

147 468 154 71 gustn.
254 468 139 71 super
347 468 154 71 illud.
454 468 200 71 Producens
608 468 154 71 foenum
716 468 200 71 iumentis.
870 468 108 71 Cum
932 468 169 71 videret
1055 468 154 71 Paulum
1162 468 108 71 non
1224 468 108 71 ita
1286 468 246 71 quaesiturum,
1486 468 200 71 praeuidit
1640 468 92 71 ne
1686 468 200 71 danmnaret
1840 468 123 71 quae

144 531 197 55 siturum:
291 531 82 55 &
324 531 197 55 praebuit
472 531 197 55 exemplum
620 531 197 55 infirmo.
768 531 115 55 vbi
833 531 164 55 nomine
948 531 181 55 infirmi
1080 531 263 55 comprehendit
1293 531 197 55 caeteros
1441 531 181 55 apstlos
1573 531 82 55 a
1605 531 164 55 Paulo:
1720 531 99 55 vt
1753 531 181 55 declaraui

148 582 97 62 in
196 582 243 62 praecedenti
391 582 195 62 Quolibet
537 582 97 62 in
586 582 227 62 quaestione
764 582 97 62 de
813 582 243 62 persectione
1007 582 260 62 praelatorum.
1218 582 130 62 vnde
1299 582 81 62 &
1332 582 178 62 caeteri
1462 582 195 62 apostoli
1608 582 97 62 ad
1656 582 195 62 exemplum
1786 582 146 62 Christi

147 638 181 65 sumptus
278 638 247 65 acceperunt.
476 638 181 65 dicente
607 638 230 65 Augustinus
788 638 99 65 de
838 638 148 65 opere
936 638 148 65 mona.
1035 638 99 65 c.
1084 638 115 65 vi.
1150 638 181 65 Destens
1282 638 132 65 more
1364 638 132 65 miae
1446 638 132 65 suae
1529 638 280 65 infirmioribus
1743 638 197 65 compatiens

140 683 122 73 cum
209 683 104 73 ei
261 683 191 73 possent
401 683 174 73 angeli
522 683 244 73 ministrare
714 683 191 73 loculos
853 683 174 73 habuit
975 683 174 73 quibus
1097 683 244 73 mitteretur
1288 683 191 73 pecunia
1427 683 139 73 quae
1514 683 278 73 conferebatur
1741 683 87 73 a
1775 683 157 73 bonis
1862 683 70 73 fi

144 749 173 58 delibus
270 749 141 58 eorum
364 749 157 58 victui
474 749 235 58 necessaria.
662 749 78 58 &
694 749 141 58 infra
788 749 126 58 post
866 749 188 58 modicum.
1008 749 110 58 Hoc
1071 749 188 58 exemplum
1212 749 157 58 domini
1322 749 235 58 imitabantur
1510 749 188 58 apostoli
1651 749 94 58 ad
1699 749 235 58 accipiendum
1871 749 63 58 si

146 800 94 61 bi
193 800 173 61 debitum
319 800 157 61 cibum.
429 800 173 61 Constat
555 800 142 61 autem
649 800 126 61 quod
728 800 110 61 non
791 800 173 61 fuisset
917 800 110 61 eis
980 800 189 61 congruum
1121 800 189 61 exemplum
1263 800 204 61 quaerendi
1420 800 110 61 sic
1483 800 189 61 debitum,
1624 800 126 61 nisi
1703 800 189 61 Christus
1829 800 110 61 etiam

144 844 125 71 illa
222 844 218 71 accepisset
394 844 172 71 tamquam
519 844 172 71 propter
643 844 187 71 debitum.
784 844 172 71 propter
909 844 109 71 hoc
971 844 125 71 enim
1049 844 218 71 praemisit.
1221 844 156 71 Nolite
1330 844 172 71 portare
1455 844 140 71 aurum
1548 844 109 71 &c.
1610 844 94 71 vt
1657 844 140 71 supra
1751 844 156 71 dictum
1844 844 94 71 est.

149 900 151 69 Aliis
250 900 151 69 autem
351 900 168 69 quibus
468 900 201 69 incumbit
619 900 235 69 necessitas
804 900 235 69 procurandi
989 900 134 69 sibi
1073 900 252 69 necessaria:
1274 900 134 69 quia
1358 900 118 69 non
1425 900 168 69 habent
1543 900 134 69 vnde
1627 900 168 69 sumant
1744 900 101 69 ex
1778 900 151 69 debito,

147 950 117 78 bene
221 950 132 78 etiam
308 950 117 78 fuit
382 950 88 78 in
426 950 161 78 exemplo
543 950 117 78 sibi
616 950 205 78 prouidendi
777 950 88 78 de
821 950 161 78 futuro.
938 950 161 78 dicente
1055 950 205 78 Augustinus
1216 950 132 78 libro
1304 950 103 78 ii.
1363 950 88 78 de
1407 950 146 78 sermo.
1509 950 146 78 domini
1612 950 88 78 in
1656 950 161 78 modote.
1758 950 176 78 Vehementer

142 1008 219 64 cauendum
306 1008 128 64 est
379 1008 110 64 ne
434 1008 164 64 forte
543 1008 128 64 cum
616 1008 237 64 viderimus
799 1008 201 64 aliquem
945 1008 183 64 seruum
1073 1008 128 64 dei
1146 1008 237 64 prouidere
1328 1008 110 64 ne
1383 1008 146 64 ista
1475 1008 256 64 necessaria
1675 1008 183 64 desint
1803 1008 128 64 vel
1858 1008 73 64 si

144 1072 94 60 bi
191 1072 109 60 vel
254 1072 109 60 eis
316 1072 156 60 quorum
425 1072 125 60 cura
503 1072 125 60 sibi
581 1072 203 60 commissa,
737 1072 203 60 iudicemus
893 1072 109 60 eum
955 1072 156 60 contra
1064 1072 218 60 praeceptum
1236 1072 156 60 domini
1345 1072 156 60 facere
1454 1072 78 60 &
1485 1072 94 60 de
1532 1072 187 60 crastino
1672 1072 125 60 esse
1734 1072 203 60 sollicitum:

143 1114 114 66 nam
208 1114 82 66 &
241 1114 131 66 ipse
322 1114 180 66 dominus
453 1114 114 66 cui
519 1114 262 66 ministrabant
731 1114 180 66 angeli:
862 1114 147 66 tamen
960 1114 180 66 propter
1091 1114 196 66 exemplum
1238 1114 163 66 nequis
1352 1114 163 66 postea
1467 1114 213 66 scandalum
1630 1114 213 66 pateretur
1794 1114 114 66 cum
1843 1114 98 66 ali-

149 1168 138 70 quem
235 1168 206 70 seruorum
390 1168 138 70 eius
476 1168 327 70 animaduertisset
751 1168 138 70 ista
837 1168 241 70 necessaria
1026 1168 241 70 procurare,
1215 1168 189 70 loculos
1353 1168 172 70 habere
1473 1168 206 70 dignatus
1628 1168 138 70 est.
1714 1168 103 70 Ex
1766 1168 120 70 quo
1818 1168 120 70 aduer

149 1220 99 71 to
198 1220 132 71 quod
280 1220 198 71 Christus
429 1220 99 71 in
478 1220 181 71 loculis
610 1220 165 71 duplex
725 1220 198 71 exemplum
873 1220 214 71 praebuit.
1038 1220 132 71 Vnum
1120 1220 231 71 accipiendi
1302 1220 99 71 ex
1351 1220 181 71 debito:
1483 1220 99 71 in
1532 1220 115 71 quo
1598 1220 198 71 exemplum
1746 1220 148 71 dedit
1829 1220 115 71 solis

146 1287 230 61 apostolis
324 1287 89 61 &
359 1287 248 61 discipulis
554 1287 89 61 &
590 1287 160 61 eorum
696 1287 319 61 successoribus:
962 1287 89 61 &
997 1287 160 61 aliis
1104 1287 124 61 qui
1175 1287 106 61 in
1228 1287 266 61 ministerium
1441 1287 213 61 publicum
1600 1287 142 61 sunt
1689 1287 195 61 vocati:
1831 1287 89 61 &
1848 1287 89 61 hoc

150 1335 180 62 tanquam
280 1335 196 62 infirmis
427 1335 114 62 non
493 1335 229 62 valentibus
673 1335 131 62 sibi
754 1335 180 62 manibus
885 1335 196 62 quaerere
1032 1335 245 62 necessaria.
1228 1335 180 62 Alterum
1359 1335 229 62 reseruandi
1539 1335 131 62 sibi
1620 1335 196 62 acceptum
1767 1335 98 62 in
1800 1335 147 62 futurum

144 1382 100 69 in
194 1382 116 69 quo
261 1382 199 69 exemplum
410 1382 149 69 dedit
509 1382 182 69 omnibus
642 1382 149 69 aliis
742 1382 182 69 tanquam
874 1382 299 69 infirmioribus.
1123 1382 116 69 Sed
1190 1382 166 69 neutro
1306 1382 133 69 modo
1389 1382 199 69 exemplum
1538 1382 100 69 de
1588 1382 182 69 loculis
1720 1382 199 69 sequutus
1853 1382 83 69 est

152 1435 168 68 Paulus
270 1435 185 68 tanquam
404 1435 151 68 miles
505 1435 319 68 strennuissimus.
773 1435 134 68 Quia
857 1435 134 68 ergo
941 1435 185 68 dicitur
1076 1435 101 68 in
1126 1435 235 68 argumento:
1311 1435 151 68 illud
1411 1435 118 68 est
1479 1435 235 68 perfectius
1663 1435 101 68 in
1714 1435 118 68 quo
1764 1435 168 68 imitatur

151 1499 206 61 Christus:
310 1499 127 61 dico
389 1499 127 61 quod
468 1499 127 61 quia
547 1499 143 61 omnis
642 1499 174 61 Christi
769 1499 143 61 actio
864 1499 111 61 nia
928 1499 111 61 est
991 1499 238 61 instructio,
1181 1499 143 61 facta
1276 1499 111 61 sua
1340 1499 143 61 omnia
1435 1499 143 61 nobis
1530 1499 127 61 sunt
1609 1499 143 61 quasi
1704 1499 174 61 quaedam
1815 1499 111 61 verba

151 1547 236 62 instructoria.
345 1547 97 62 Sed
401 1547 97 62 hoc
456 1547 208 62 dupliciter,
623 1547 180 62 quandoque
761 1547 111 62 enim
831 1547 111 62 sunt
900 1547 222 62 instructoria
1080 1547 111 62 quid
1150 1547 153 62 tamquam
1261 1547 180 62 perfectum
1399 1547 139 62 facere
1496 1547 180 62 expediat:
1635 1547 180 62 quandoque
1774 1547 125 62 autem
1857 1547 111 62 quid

152 1596 185 65 tanquam
286 1596 252 65 imperfectum
488 1596 168 65 facere
605 1596 185 65 liceat.
740 1596 151 65 Primo
840 1596 151 65 autem
941 1596 134 65 modo
1025 1596 151 65 facta
1126 1596 185 65 Christi
1260 1596 134 65 sunt
1344 1596 185 65 exempla
1478 1596 218 65 perfectis
1646 1596 84 65 &
1679 1596 134 65 sunt
1763 1596 151 65 opera
1847 1596 84 65 per

153 1656 219 62 fectionis
322 1656 101 62 ex
372 1656 169 62 genere
490 1656 84 62 &
524 1656 185 62 ratione
659 1656 169 62 facti:
777 1656 84 62 &
811 1656 101 62 ex
861 1656 152 62 animo
962 1656 236 62 facientis.
1148 1656 135 62 Tale
1232 1656 202 62 exemplum
1384 1656 169 62 dedit,
1502 1656 118 62 cum
1569 1656 169 62 quando
1687 1656 135 62 hora
1771 1656 118 62 sua
1822 1656 118 62 venit

150 1710 199 68 passioni
299 1710 165 68 crucis
415 1710 99 68 se
465 1710 182 68 obtulit
597 1710 165 68 quando
713 1710 165 68 dixit.
829 1710 99 68 Si
878 1710 215 68 quaeritis
1044 1710 99 68 me
1093 1710 165 68 finite
1209 1710 116 68 hos
1275 1710 165 68 abire.
1391 1710 149 68 Opera
1490 1710 149 68 autem
1590 1710 182 68 Christi
1722 1710 182 68 secundo
1854 1710 116 68 mo-

156 1761 97 61 do
204 1761 129 61 sunt
285 1761 178 61 exempla
414 1761 259 61 imperfectis:
625 1761 81 61 &
657 1761 129 61 sunt
738 1761 145 61 opera
835 1761 291 61 imperfectionis
1077 1761 97 61 ex
1126 1761 145 61 animo
1223 1761 210 61 facientis
1384 1761 178 61 tantum.
1514 1761 129 61 Tale
1595 1761 194 61 exemplum
1740 1761 145 61 etiam
1821 1761 113 61 dedit

156 1814 187 64 Christus
296 1814 93 64 in
343 1814 187 64 passione
483 1814 155 64 quando
592 1814 155 64 dixit.
701 1814 171 64 Tristis
825 1814 109 64 est
887 1814 140 64 anima
981 1814 109 64 mea
1043 1814 109 64 &c.
1105 1814 187 64 secundum
1245 1814 124 64 quod
1323 1814 93 64 de
1369 1814 171 64 vtroque
1494 1814 140 64 dicit
1587 1814 218 64 Augustinus
1758 1814 140 64 supra
1851 1814 109 64 di-

154 1877 137 58 ctum
240 1877 154 58 locum
343 1877 154 58 psal.
446 1877 154 58 ciii.
549 1877 120 58 Cum
617 1877 189 58 videret
755 1877 172 58 multos
875 1877 172 58 pronos
995 1877 86 58 &
1029 1877 223 58 gaudentes
1201 1877 103 58 ad
1252 1877 223 58 martyrium
1424 1877 223 58 passionis
1596 1877 257 58 exultantes,
1802 1877 103 58 in
1836 1877 103 58 ipsa

153 1921 208 69 passione
309 1921 174 69 fortes
430 1921 260 69 seminatores
639 1921 87 69 &
674 1921 191 69 maturos
812 1921 104 69 ad
865 1921 208 69 horreum.
1021 1921 139 69 ecce
1108 1921 208 69 qualibus
1264 1921 208 69 competit
1420 1921 208 69 exemplum
1576 1921 174 69 operis
1698 1921 191 69 Christi
1819 1921 122 69 primo

153 1970 152 73 modo.
254 1970 202 73 Sequitur
406 1970 202 73 continue
557 1970 101 73 de
608 1970 185 73 secundo
742 1970 135 73 modo
827 1970 219 73 Quorundam
995 1970 152 73 tamen
1096 1970 236 73 infirmorum
1281 1970 135 73 quos
1366 1970 185 73 videbat
1500 1970 152 73 posse
1601 1970 185 73 turbari
1736 1970 185 73 ventura
1854 1970 84 73 pas

157 2027 143 70 sione
253 2027 96 70 ne
300 2027 239 70 deficerent:
492 2027 111 70 sed
555 2027 159 70 potius
667 2027 223 70 voluntatem
842 2027 175 70 humanam
969 2027 207 70 voluntati
1129 2027 207 70 creatoris
1288 2027 271 70 coniungerent:
1511 2027 175 70 ipsorum
1638 2027 191 70 personam
1782 2027 159 70 voluit
1877 2027 64 70 ac

157 2087 147 67 cipere
260 2087 88 67 in
304 2087 176 67 passione
436 2087 191 67 Christus:
583 2087 103 67 cum
642 2087 162 67 dicens.
759 2087 162 67 Tristis
877 2087 103 67 est
936 2087 132 67 anima
1024 2087 103 67 mea
1082 2087 132 67 vsque
1170 2087 88 67 ad
1215 2087 162 67 mortem:
1332 2087 73 67 &
1361 2087 162 67 iterum,
1479 2087 132 67 Pater
1567 2087 88 67 si
1611 2087 132 67 fieri
1699 2087 147 67 potest
1787 2087 147 67 transeat

161 2134 74 68 a
191 2134 89 68 me
235 2134 134 68 calix
325 2134 134 68 iste:
414 2134 149 68 docuit
518 2134 119 68 quid
592 2134 134 68 esset
681 2134 178 68 dicturus
815 2134 193 68 infirmis:
963 2134 104 68 sed
1023 2134 163 68 secutus
1142 2134 178 68 ostendit
1275 2134 119 68 quid
1350 2134 149 68 facere
1454 2134 163 68 deberet
1573 2134 193 68 infirmis.
1721 2134 208 68 Verumtamen
1870 2134 74 68 non

160 2200 124 56 quod
238 2200 109 56 ego
300 2200 124 56 volo
378 2200 109 56 sed
440 2200 124 56 quod
518 2200 93 56 tu
565 2200 109 56 vis
627 2200 140 56 pere.
720 2200 124 56 egit
798 2200 124 56 ergo
876 2200 187 56 Christus
1016 2200 78 56 &
1047 2200 155 56 docuit
1156 2200 78 56 &
1187 2200 249 56 perfectionis
1389 2200 78 56 &
1420 2200 280 56 imperfectionis
1653 2200 155 56 opera.
1762 2200 124 56 Dico
1824 2200 109 56 quan-

158 2239 99 68 tum
214 2239 99 68 est
271 2239 85 68 ex
313 2239 141 68 genere
412 2239 71 68 &
440 2239 155 68 ratione
553 2239 155 68 operis:
666 2239 99 68 sed
722 2239 85 68 in
765 2239 169 68 exemplum
892 2239 127 68 aliis
976 2239 71 68 &
1005 2239 141 68 aliis,
1103 2239 113 68 quae
1174 2239 127 68 tamen
1259 2239 113 68 ambo
1329 2239 169 68 perfecta
1456 2239 127 68 erant
1541 2239 85 68 ex
1583 2239 198 68 intentione
1738 2239 198 68 facientis.
1880 2239 56 68 Di

152 2303 97 59 co
200 2303 129 59 ergo
281 2303 129 59 quod
362 2303 226 59 perfectius
539 2303 113 59 est
604 2303 129 59 opus
684 2303 97 59 in
733 2303 113 59 quo
797 2303 194 59 imitatur
943 2303 194 59 Christus
1088 2303 194 59 sequendo
1233 2303 194 59 rationem
1378 2303 258 59 perfectionis
1588 2303 97 59 in
1636 2303 129 59 illo
1717 2303 161 59 qualem
1814 2303 129 59 tenuit

155 2343 234 76 Christus:
335 2343 90 76 &
371 2343 216 76 secundum
533 2343 126 76 hoc
605 2343 162 76 iuxta
713 2343 216 76 secundum
875 2343 162 76 modum
983 2343 180 76 operum
1109 2343 198 76 Christi
1253 2343 252 76 perfectius
1451 2343 144 76 fuit
1541 2343 162 76 Paulo
1649 2343 288 76 circuncidere
1865 2343 72 76 Ti

158 2399 185 78 motheum
293 2399 252 78 compatiendo
494 2399 218 78 ludaeorum
662 2399 252 78 infirmitati
864 2399 134 78 quam
948 2399 118 78 non
1015 2399 286 78 circuncidere:
1250 2399 151 78 licet
1351 2399 118 78 non
1418 2399 269 78 circuncidere
1637 2399 252 78 simpliciter
1821 2399 118 78 esset

164 2463 243 65 perfectius.
359 2463 97 65 de
407 2463 114 65 quo
472 2463 179 65 actuum.
602 2463 130 65 xvi.
683 2463 195 65 Assumens
829 2463 243 65 circuncidit
1024 2463 114 65 eum
1089 2463 179 65 propter
1219 2463 179 65 iudaeos
1349 2463 146 65 Glos,
1446 2463 97 65 ne
1495 2463 179 65 offensi
1625 2463 260 65 alienarentur
1836 2463 130 65 pro-

160 2511 119 70 pter
235 2511 119 70 quid
309 2511 149 70 dicit.
414 2511 90 70 i.
459 2511 149 70 Corin.
563 2511 105 70 ix.
623 2511 149 70 Factus
727 2511 105 70 sum
787 2511 164 70 iudaeis
907 2511 164 70 tamquam
1026 2511 164 70 iudaeus
1146 2511 90 70 vt
1190 2511 164 70 iudaeos
1310 2511 254 70 lucrifacerem.
1519 2511 90 70 Et
1564 2511 105 70 per
1623 2511 119 70 hunc
1698 2511 134 70 modum
1788 2511 134 70 licet
1862 2511 75 70 car

162 2572 113 58 nes
226 2572 194 58 comedere
372 2572 145 58 esset
469 2572 307 58 imperfectionis:
727 2572 194 58 comedere
873 2572 145 58 tamen
970 2572 178 58 propter
1099 2572 194 58 infirmos
1244 2572 97 58 ne
1293 2572 210 58 crederent
1454 2572 113 58 non
1519 2572 162 58 licere
1632 2572 258 58 persectionis
1826 2572 113 58 esset

158 2630 78 55 &
190 2630 204 55 econuerso
346 2630 141 55 esset
440 2630 251 55 perfectionis
644 2630 110 55 non
707 2630 188 55 comedere
848 2630 110 55 aut
910 2630 110 55 non
973 2630 157 55 bibere
1082 2630 141 55 vinum
1176 2630 94 55 ne
1223 2630 188 55 proximus
1364 2630 110 55 per
1427 2630 251 55 infirmitatem
1631 2630 298 55 scandalizaretur
1881 2630 94 55 in

159 2672 234 63 comestione
343 2672 117 63 aut
410 2672 234 63 potatione:
593 2672 134 63 quod
677 2672 150 63 forte
777 2672 150 63 alias
877 2672 184 63 licitum
1011 2672 150 63 esset
1111 2672 117 63 aut
1178 2672 267 63 perfectionis
1395 2672 217 63 comedere:
1562 2672 100 63 vt
1612 2672 134 63 pote
1696 2672 150 63 panem
1796 2672 83 63 &
1829 2672 150 63 aquam

157 2732 97 57 in
205 2732 276 57 poenitentiam.
433 2732 97 57 &.
481 2732 97 57 c.
530 2732 162 57 xiiii.
643 2732 146 57 Bonum
741 2732 114 57 est
806 2732 114 57 non
870 2732 195 57 comedere
1016 2732 162 57 carnes
1130 2732 146 57 neque
1227 2732 162 57 bibere
1341 2732 146 57 vinum
1438 2732 146 57 neque
1535 2732 97 57 in
1584 2732 114 57 quo
1649 2732 162 57 frater
1763 2732 130 57 tuus
1827 2732 114 57 offen

162 2772 148 75 ditur
260 2772 115 75 aut
326 2772 280 75 scandalizatur
557 2772 115 75 aut
622 2772 247 75 infirmatur.
820 2772 99 75 Et
869 2772 214 75 similiter
1034 2772 99 75 si
1083 2772 197 75 laborare
1231 2772 181 75 manibus
1363 2772 247 75 praebuisset
1560 2772 214 75 scandalum
1725 2772 115 75 aut
1774 2772 165 75 offendi-

152 2838 139 60 culum
244 2838 139 60 aliis
337 2838 201 60 apostolis
491 2838 77 60 &
522 2838 155 60 nullum
631 2838 201 60 profectum
785 2838 108 60 eis
847 2838 155 60 quibus
955 2838 247 60 praedicabat:
1156 2838 216 60 perfectius
1326 2838 170 60 fuisset
1450 2838 93 60 ei
1496 2838 108 60 non
1558 2838 185 60 laborare
1697 2838 124 60 quam
1774 2838 201 60 laborare.

160 2884 210 71 Nequaquam
322 2884 146 71 tamen
419 2884 146 71 esset
516 2884 97 71 ei
564 2884 226 71 perfectius
742 2884 146 71 sequi
839 2884 97 71 in
888 2884 178 71 talibus
1017 2884 210 71 quandoque
1179 2884 243 71 substantiam
1373 2884 194 71 actionis
1518 2884 194 71 Christi:
1664 2884 97 71 vt
1713 2884 162 71 fugere
1810 2884 129 71 passio

159 2948 120 57 nem
228 2948 103 57 ex
279 2948 155 57 iusta
382 2948 172 57 causa,
502 2948 120 57 aut
571 2948 189 57 propter
708 2948 206 57 iniustam
863 2948 155 57 illam
966 2948 240 57 sustinere:
1155 2948 86 57 &
1189 2948 103 57 in
1241 2948 120 57 hoc
1310 2948 137 57 homo
1396 2948 120 57 non
1464 2948 172 57 potest
1584 2948 155 57 sequi
1688 2948 206 57 rationem
1825 2948 103 57 per-

155 2996 219 65 fectionis
324 2996 202 65 Christi:
475 2996 135 65 quia
559 2996 118 65 non
627 2996 118 65 est
694 2996 236 65 institutus
879 2996 101 65 in
930 2996 118 65 hoc
997 2996 168 65 doctor
1115 2996 253 65 vniuersalis
1317 2996 236 65 ecclesiae,
1502 2996 152 65 sicut
1603 2996 135 65 fuit
1687 2996 219 65 Christus.
1839 2996 101 65 pro-

159 3045 140 74 pter
247 3045 140 74 quod
335 3045 158 74 licet
440 3045 176 74 fugere
563 3045 105 74 in
616 3045 193 74 Christo
756 3045 176 74 fuerit
879 3045 140 74 opus
967 3045 281 74 perfectionis
1195 3045 193 74 secundo
1336 3045 158 74 modo,
1441 3045 123 74 non
1511 3045 158 74 tamen
1616 3045 123 74 sic
1687 3045 105 74 in
1739 3045 158 74 aliis
1827 3045 123 74 esset

165 3103 128 63 opus
245 3103 272 63 perfectionis.
469 3103 80 63 &
502 3103 112 63 per
566 3103 128 63 hunc
646 3103 144 63 etiam
742 3103 144 63 modum
838 3103 144 63 licet
934 3103 96 63 in
982 3103 176 63 Christo
1111 3103 160 63 fuerit
1223 3103 128 63 opus
1303 3103 256 63 perfectionis
1511 3103 112 63 non
1575 3103 192 63 laborare
1720 3103 112 63 sed
1784 3103 160 63 viuere
1880 3103 64 63 de

163 3166 235 73 euangelio:
348 3166 118 73 non
415 3166 118 73 sic
483 3166 185 73 fuisset
617 3166 135 73 opus
701 3166 269 73 perfectionis
920 3166 101 73 in
970 3166 151 73 Paulo
1071 3166 151 73 sicut
1172 3166 151 73 neque
1273 3166 135 73 fuit
1357 3166 101 73 in
1408 3166 151 73 aliis
1509 3166 235 73 apostolis.
1694 3166 202 73 Sequendo
1828 3166 118 73 autem
