2437 3726
481 216 116 110 lud
548 216 132 110 ergo
630 216 116 110 non
697 216 116 110 est
763 216 248 110 generaliter
962 216 149 110 verum
1061 216 132 110 nisi
1144 216 182 110 ponendo
1276 216 132 110 quod
1359 216 116 110 non
1425 216 116 110 sit
1492 216 166 110 aliqua
1608 216 132 110 alia
1690 216 149 110 causa
1790 216 149 110 prima
1889 216 199 110 respectu
2038 216 199 110 alterius
2171 216 99 110 nisi

502 316 133 60 solus
591 316 133 60 deus:
680 316 104 60 aut
739 316 118 60 quod
813 316 89 60 ab
857 316 118 60 ista
931 316 133 60 causa
1020 316 133 60 prima
1109 316 118 60 quae
1183 316 104 60 non
1242 316 104 60 est
1301 316 133 60 deus,
1390 316 148 60 habeat
1494 316 118 60 esse
1568 316 178 60 secundum
1701 316 89 60 id
1745 316 118 60 quod
1819 316 104 60 est
1878 316 118 60 ipsa
1952 316 133 60 causa
2041 316 178 60 secunda.
2160 316 118 60 Quorum

497 373 162 59 neutrum
615 373 133 59 verum
704 373 118 59 est:
778 373 148 59 multae
881 373 148 59 namque
984 373 118 59 sunt
1058 373 133 59 aliae
1147 373 236 59 causaeprimae
1339 373 177 59 respectu
1472 373 192 59 alterius:
1619 373 89 59 vt
1664 373 177 59 respectu
1797 373 192 59 secundae,
1944 373 118 59 quae
2018 373 103 59 non
2077 373 118 59 sunt
2151 373 133 59 deus,
2225 373 44 59 &

497 422 79 67 a
529 422 158 67 quibus
640 422 111 67 non
703 422 142 67 habet
798 422 142 67 causa
893 422 174 67 secunda
1019 422 127 67 esse
1098 422 95 67 id
1146 422 127 67 quod
1225 422 127 67 est:
1304 422 127 67 puta
1383 422 95 67 in
1431 422 190 67 operibus
1573 422 142 67 caeli
1668 422 269 67 intelligentia
1889 422 158 67 mouens
2000 422 158 67 caelum
2111 422 111 67 est
2158 422 111 67 causa

496 475 151 71 prima,
601 475 75 71 &
632 475 136 71 ipsum
722 475 151 71 caelum
827 475 105 71 est
888 475 136 71 causa
978 475 181 71 secunda:
1114 475 75 71 &
1144 475 90 71 in
1189 475 181 71 operibus
1325 475 226 71 elementorum
1506 475 75 71 &
1536 475 241 71 compositorum
1732 475 90 71 ex
1777 475 196 71 elementis
1927 475 151 71 caelum
2033 475 105 71 est
2093 475 136 71 causa
2169 475 105 71 prima

501 533 74 63 &
531 533 178 63 elementa
665 533 119 63 sunt
739 533 134 63 causa
828 533 178 63 secunda:
962 533 74 63 &
991 533 134 63 tamen
1081 533 178 63 elementa
1214 533 104 63 non
1274 533 149 63 habent
1378 533 119 63 esse
1452 533 89 63 id
1496 533 119 63 quid
1571 533 119 63 sunt
1645 533 74 63 a
1675 533 134 63 caelo
1764 533 134 63 sicut
1853 533 74 63 a
1883 533 134 63 causa
1972 533 149 63 prima,
2076 533 134 63 neque
2150 533 119 63 caelum

504 584 87 72 ab
547 584 261 72 intelligentia,
764 584 116 72 nisi
837 584 174 72 secundum
967 584 159 72 errorem
1083 584 188 72 aliquorum
1228 584 290 72 philosophantium,
1474 584 116 72 puta
1547 584 159 72 Auicen.
1663 584 116 72 iii.
1735 584 159 72 Metapha
1851 584 130 72 suae.
1938 584 130 72 Atali
2025 584 116 72 ergo
2097 584 130 72 causa
2170 584 101 72 prima

501 645 81 62 si
541 645 95 62 sit
595 645 149 62 aliquid
703 645 95 62 seu
757 645 149 62 aliquam
865 645 135 62 virtus
960 645 81 62 in
1000 645 122 62 causa
1081 645 162 62 secunda,
1203 645 108 62 illa
1270 645 189 62 necessario
1419 645 95 62 est
1473 645 149 62 aliquid
1581 645 149 62 praeter
1689 645 108 62 illa
1756 645 108 62 quae
1824 645 108 62 sunt
1891 645 81 62 de
1932 645 135 62 natura
2026 645 135 62 ipsius
2121 645 149 62 agentis
2215 645 54 62 se

501 690 151 72 cundi:
607 690 76 72 &
637 690 166 72 praeter
758 690 91 72 id
803 690 121 72 quid
878 690 121 72 est:
954 690 136 72 licet
1045 690 136 72 forte
1135 690 76 72 a
1165 690 136 72 causa
1256 690 136 72 prima
1347 690 121 72 quae
1422 690 121 72 deus
1498 690 106 72 est
1558 690 106 72 non
1619 690 106 72 sit
1679 690 166 72 aliquid
1800 690 91 72 in
1845 690 136 72 causa
1936 690 166 72 secunda
2057 690 106 72 quo
2117 690 121 72 agit
2177 690 91 72 suam

493 751 163 74 propriam
616 751 217 74 operationem,
792 751 204 74 praeterquam
955 751 81 74 id
995 751 109 74 quid
1063 751 95 74 est
1118 751 122 74 ipse.
1199 751 149 74 Propter
1308 751 109 74 quid
1375 751 136 74 dicunt
1470 751 136 74 aliqui
1565 751 109 74 quod
1633 751 81 74 in
1674 751 163 74 singulis
1796 751 136 74 causis
1891 751 122 74 aliis
1972 751 68 74 a
2000 751 95 74 deo
2054 751 109 74 quae
2122 751 109 74 sunt
2176 751 95 74 omnes

501 801 138 68 causae
598 801 165 68 secundae
722 801 165 68 respectu
846 801 152 68 illius,
956 801 96 68 non
1011 801 96 68 est
1066 801 110 68 nisi
1135 801 83 68 id
1176 801 110 68 quod
1245 801 207 68 naturaliter
1411 801 110 68 ipsi
1480 801 152 68 inditum
1590 801 96 68 est
1645 801 69 68 a
1672 801 110 68 deo,
1741 801 96 68 quo
1796 801 179 68 quaelibet
1934 801 124 68 earum
2017 801 110 68 agit
2086 801 165 68 propriam
2196 801 69 68 ope

496 869 188 57 rationem
637 869 235 57 competentem
825 869 125 57 sibi
904 869 188 57 secundum
1045 869 157 57 illud:
1154 869 94 57 vt
1201 869 125 57 quod
1280 869 141 57 ignis
1374 869 125 57 sola
1452 869 141 57 forma
1546 869 219 57 igneitatis
1719 869 172 57 generat
1844 869 157 57 ignem,
1954 869 78 57 &
1985 869 141 57 forma
2079 869 172 57 caloris
2189 869 78 57 ge-

501 911 135 68 nerat
591 911 225 68 caliditatem
771 911 120 68 siue
846 911 180 68 calidum:
981 911 105 68 ita
1041 911 120 68 quod
1116 911 120 68 deus
1191 911 135 68 nihil
1281 911 135 68 aliud
1371 911 165 68 influit
1491 911 90 68 in
1536 911 135 68 ignem
1626 911 90 68 vt
1671 911 165 68 generet
1791 911 150 68 ignem,
1896 911 135 68 neque
1986 911 90 68 in
2031 911 165 68 calorem
2151 911 120 68 eius
2211 911 60 68 vt

500 977 157 65 generet
614 977 171 65 calorem,
742 977 157 65 praeter
856 977 100 65 hoc
913 977 114 65 quod
985 977 143 65 causat
1084 977 86 65 in
1127 977 114 65 illo
1198 977 143 65 formam
1298 977 200 65 igneitatis
1455 977 71 65 &
1484 977 171 65 caloris:
1612 977 100 65 ita
1669 977 114 65 quod
1740 977 171 65 quicquid
1869 977 114 65 agit
1940 977 86 65 in
1983 977 86 65 eo
2026 977 114 65 quid
2097 977 100 65 fit
2154 977 71 65 &
2168 977 100 65 proce

506 1018 110 66 dit
569 1018 95 66 ab
617 1018 158 66 agente
727 1018 158 66 creato
838 1018 126 66 siue
917 1018 174 66 mediate
1043 1018 126 66 siue
1122 1018 221 66 immediate,
1295 1018 110 66 hoc
1359 1018 126 66 agit
1437 1018 174 66 virtute
1564 1018 174 66 naturae
1690 1018 126 66 suae
1769 1018 221 66 praesentis
1943 1018 316 66 substantialiter:
2195 1018 79 66 non

504 1074 147 59 autem
601 1074 114 59 per
667 1074 147 59 aliud
764 1074 98 59 ab
813 1074 98 59 eo
862 1074 195 59 influxum
1009 1074 163 59 agenti
1123 1074 195 59 secundo.
1269 1074 130 59 Vnde
1351 1074 228 59 enumeratis
1530 1074 195 59 pluribus
1676 1074 228 59 effectibus
1856 1074 195 59 agentium
2002 1074 228 59 secundorum
2165 1074 114 59 dicit

501 1133 192 70 Augustinus
652 1133 110 70 vii.
721 1133 82 70 de
762 1133 96 70 ci.
817 1133 110 70 dei.
885 1133 110 70 Haec
954 1133 123 70 omnia
1036 1133 123 70 facit
1118 1133 123 70 atque
1201 1133 110 70 agit
1269 1133 110 70 vnus
1338 1133 123 70 verus
1420 1133 123 70 deus:
1502 1133 96 70 sed
1557 1133 123 70 sicut
1639 1133 110 70 deus
1708 1133 110 70 idem
1776 1133 137 70 vbique
1872 1133 123 70 totus
1955 1133 178 70 praesente
2092 1133 178 70 potentia.
2215 1133 55 70 Di

501 1184 112 68 cunt
571 1184 126 68 etiam
655 1184 140 68 aliqui
753 1184 112 68 quod
823 1184 112 68 deus
893 1184 98 68 non
949 1184 140 68 aliter
1047 1184 168 68 operatur
1173 1184 126 68 opera
1257 1184 126 68 ignis
1341 1184 112 68 quae
1411 1184 112 68 agit
1481 1184 84 68 vi
1523 1184 196 68 igneitatis
1677 1184 98 68 aut
1733 1184 168 68 caloris,
1859 1184 112 68 quam
1929 1184 98 68 per
1985 1184 112 68 illa
2055 1184 182 68 inquantum
2181 1184 84 68 ista

506 1248 175 59 operatus
638 1248 102 59 est
696 1248 87 59 in
739 1248 131 59 igne:
827 1248 102 59 ita
885 1248 117 59 quod
958 1248 102 59 non
1016 1248 102 59 sit
1075 1248 175 59 ponendum
1206 1248 117 59 quod
1278 1248 189 59 immediate
1424 1248 175 59 operetur
1555 1248 117 59 deus
1628 1248 87 59 in
1672 1248 131 59 opere
1759 1248 175 59 quolibet
1890 1248 189 59 creaturae
2036 1248 102 59 aut
2094 1248 160 59 operato
2211 1248 87 59 ab

509 1290 130 72 illa,
595 1290 159 72 praeter
711 1290 101 72 hoc
769 1290 116 72 quod
841 1290 173 72 operetur
971 1290 173 72 mediante
1101 1290 130 72 illa,
1188 1290 188 72 inquantum
1332 1290 87 72 id
1375 1290 101 72 quo
1433 1290 116 72 illa
1505 1290 173 72 operatur
1635 1290 130 72 habet
1722 1290 116 72 esse
1794 1290 87 72 ab
1838 1290 116 72 ipso
1910 1290 87 72 in
1953 1290 144 72 istat.
2054 1290 87 72 vt
2098 1290 173 72 secundum
2213 1290 58 72 il

502 1341 99 70 lud
559 1341 227 70 intelligatur
743 1341 99 70 ita
800 1341 156 70 dixisse
914 1341 199 70 Augustinus
1070 1341 170 70 continue
1198 1341 114 70 post
1269 1341 99 70 iam
1325 1341 142 70 dicta.
1425 1341 114 70 vii.
1496 1341 85 70 de
1539 1341 128 70 ciui.
1624 1341 99 70 ca.
1681 1341 114 70 xxx.
1752 1341 99 70 Sic
1808 1341 142 70 itaque
1908 1341 128 70 omnia
1993 1341 114 70 quae
2064 1341 156 70 creauit
2163 1341 114 70 admini

502 1403 136 59 strat
592 1403 91 59 vt
638 1403 136 59 etiam
728 1403 91 59 ea
773 1403 181 59 proprios
909 1403 136 59 motus
1000 1403 136 59 agere
1090 1403 151 59 finat.
1196 1403 91 59 Et
1241 1403 166 59 Anselus
1362 1403 136 59 libro
1452 1403 91 59 de
1498 1403 166 59 concor.
1618 1403 256 59 praescientiae
1830 1403 75 59 &
1860 1403 151 59 liberi
1965 1403 181 59 arbitrii
2101 1403 136 59 dicit
2176 1403 91 59 sic.

500 1464 126 61 Sicut
584 1464 112 61 deus
654 1464 98 61 non
709 1464 126 61 facit
793 1464 223 61 iniustitiam:
975 1464 98 61 ita
1031 1464 98 61 non
1086 1464 126 61 facit
1170 1464 154 61 aliquid
1282 1464 168 61 iniustum
1407 1464 126 61 esse:
1491 1464 98 61 qui
1547 1464 126 61 tamen
1631 1464 126 61 facit
1715 1464 126 61 omnes
1798 1464 168 61 actiones
1924 1464 70 61 &
1952 1464 126 61 omnes
2036 1464 140 61 motus:
2133 1464 112 61 quia
2189 1464 84 61 ipse

502 1515 128 66 facit
587 1515 99 66 res
644 1515 71 66 a
672 1515 142 66 quibus
772 1515 71 66 &
800 1515 85 66 ex
843 1515 142 66 quibus
942 1515 71 66 &
971 1515 99 66 per
1028 1515 128 66 quaes
1113 1515 71 66 &
1141 1515 85 66 in
1184 1515 142 66 quibus
1283 1515 142 66 fiunt:
1383 1515 71 66 &
1411 1515 128 66 nulla
1497 1515 99 66 res
1553 1515 128 66 habet
1639 1515 128 66 vllam
1724 1515 199 66 potestatem
1880 1515 156 66 volendi
1994 1515 99 66 aut
2051 1515 185 66 faciendi:
2179 1515 85 66 nisi

503 1570 131 69 illo
584 1570 164 69 dante.
699 1570 98 69 Et
748 1570 114 69 non
813 1570 147 69 dicit
912 1570 245 69 Augustinus.
1108 1570 114 69 Sic
1173 1570 131 69 deus
1255 1570 114 69 res
1320 1570 245 69 administrat
1517 1570 98 69 vt
1566 1570 114 69 cum
1631 1570 147 69 illis
1729 1570 196 69 proprios
1876 1570 147 69 motus
1975 1570 180 69 illarum
2105 1570 147 69 agat.
2187 1570 82 69 Quo

495 1618 118 75 modo
569 1618 133 75 autem
658 1618 74 75 &
687 1618 148 75 quaere
791 1618 222 75 necessarium
968 1618 103 75 sit
1027 1618 148 75 ponere
1131 1618 118 75 quod
1205 1618 148 75 alitur
1308 1618 118 75 quam
1382 1618 177 75 secundum
1515 1618 148 75 tactum
1619 1618 133 75 modum
1707 1618 118 75 deus
1781 1618 163 75 mediate
1899 1618 103 75 aut
1959 1618 192 75 immediate
2092 1618 177 75 cooperetur

507 1675 206 74 creaturae
665 1675 95 74 in
713 1675 126 74 omni
792 1675 142 74 opere
887 1675 126 74 sibi
966 1675 174 74 proprio
1092 1675 79 74 &
1124 1675 206 74 naturali,
1282 1675 111 74 non
1345 1675 158 74 video:
1456 1675 111 74 nec
1519 1675 142 74 tamen
1614 1675 158 74 assero
1724 1675 111 74 hoc
1788 1675 111 74 non
1851 1675 126 74 esse
1930 1675 190 74 ponendum
2072 1675 111 74 aut
2120 1675 142 74 necessa

496 1728 111 79 rio
559 1728 111 79 non
623 1728 126 79 esse
702 1728 205 79 ponendum.
860 1728 142 79 Forte
954 1728 126 79 enim
1033 1728 111 79 hoc
1097 1728 174 79 diuinae
1223 1728 205 79 maiestati
1381 1728 205 79 congruit:
1539 1728 79 79 &
1571 1728 126 79 ideo
1650 1728 142 79 illud
1745 1728 190 79 ponendum
1887 1728 126 79 est:
1966 1728 126 79 quia
2045 1728 190 79 quicquid
2171 1728 95 79 maie

498 1793 146 66 stati
595 1793 129 66 eius
676 1793 194 66 congruit
822 1793 97 66 ei
870 1793 227 66 necessario
1048 1793 210 66 congruit:
1210 1793 129 66 quia
1291 1793 97 66 in
1339 1793 129 66 ipso
1420 1793 146 66 nihil
1517 1793 113 66 est
1582 1793 275 66 contingenter:
1809 1793 81 66 &
1841 1793 194 66 quicquid
1987 1793 97 66 ei
2035 1793 146 66 inest
2133 1793 113 66 aut
2181 1793 81 66 con

504 1838 177 75 gruit,
628 1838 247 75 necessario
822 1838 106 75 ei
875 1838 159 75 inest
981 1838 124 75 aut
1052 1838 230 75 congruit:
1228 1838 88 75 &
1264 1838 212 75 quicquid
1422 1838 106 75 ei
1475 1838 124 75 non
1546 1838 177 75 inest,
1670 1838 124 75 aut
1740 1838 124 75 non
1811 1838 230 75 congruit,
1987 1838 265 75 impossibile
2182 1838 88 75 est

505 1896 96 70 ei
553 1896 161 70 inesse
665 1896 112 70 aut
730 1896 225 70 congruere.
906 1896 209 70 Similiter
1067 1896 112 70 nec
1131 1896 161 70 assero
1243 1896 128 70 quin
1324 1896 112 70 sit
1388 1896 193 70 ponendum
1532 1896 112 70 aut
1597 1896 128 70 quin
1677 1896 112 70 sit
1741 1896 225 70 necessario
1918 1896 193 70 ponendum
2062 1896 177 70 tamquam
2175 1896 96 70 con-

506 1952 160 71 gruens
618 1952 176 71 diuinae
746 1952 224 71 maiestati,
922 1952 128 71 quod
1003 1952 96 71 ad
1051 1952 112 71 hoc
1115 1952 128 71 quod
1195 1952 144 71 agens
1291 1952 240 71 secundarium
1483 1952 128 71 agat
1563 1952 176 71 aliquid
1691 1952 144 71 forma
1787 1952 128 71 sibi
1868 1952 80 71 a
1900 1952 112 71 deo
1964 1952 176 71 indita,
2092 1952 128 71 deus
2156 1952 112 71 adhuc

502 2001 169 70 influat
625 2001 123 70 illi
702 2001 169 70 aliquam
825 2001 139 70 aliam
917 2001 185 70 virtutem
1056 2001 231 70 necessariam
1240 2001 123 70 illi
1317 2001 92 70 ad
1363 2001 185 70 agendum,
1502 2001 185 70 propriam
1640 2001 154 70 illius
1748 2001 246 70 operationem,
1948 2001 123 70 sine
2025 2001 108 70 qua
2087 2001 108 70 per
2133 2001 123 70 formam

505 2055 134 68 sibi
589 2055 185 68 inditam
724 2055 118 68 non
791 2055 168 68 posset
908 2055 151 68 agens
1009 2055 252 68 secundarium
1211 2055 185 68 aliquam
1345 2055 252 68 operationem
1547 2055 134 68 suam
1631 2055 235 68 producere:
1815 2055 168 68 maxime
1933 2055 118 68 cum
2000 2055 101 68 ad
2034 2055 218 68 operationes

503 2106 125 63 suas
581 2106 202 63 indigeant
737 2106 156 63 causae
846 2106 234 63 secundariae
1033 2106 93 63 in
1079 2106 202 63 elementis
1235 2106 78 63 &
1266 2106 265 63 elementaribus
1484 2106 140 63 super
1578 2106 156 63 formam
1687 2106 125 63 sibi
1764 2106 78 63 a
1796 2106 109 63 deo
1858 2106 234 63 naturaliter
2045 2106 171 63 inditam
2154 2106 93 63 vir-

500 2168 128 61 tute
580 2168 175 61 influxa
707 2168 96 61 ab
755 2168 128 61 alio
835 2168 160 61 agente
947 2168 191 61 primario
1090 2168 112 61 sub
1154 2168 128 61 illo
1234 2168 160 61 omnino
1346 2168 160 61 primo,
1457 2168 128 61 puta
1537 2168 80 61 a
1569 2168 160 61 caelo:
1681 2168 80 61 a
1713 2168 112 61 quo
1776 2168 112 61 non
1840 2168 160 61 habent
1952 2168 191 61 elementa
2095 2168 144 61 neque
2175 2168 80 61 ele

499 2213 211 69 mentaria
658 2213 158 69 mixta
763 2213 105 69 ex
816 2213 228 69 elementis
991 2213 123 69 quo
1062 2213 105 69 ad
1114 2213 193 69 species
1255 2213 158 69 suas:
1360 2213 176 69 formas
1483 2213 141 69 suas
1571 2213 176 69 quibus
1694 2213 158 69 agunt
1799 2213 211 69 secundum
1957 2213 123 69 iam
2028 2213 176 69 dicta,
2151 2213 141 69 quae

506 2277 151 59 tamen
607 2277 117 59 non
674 2277 151 59 agunt
774 2277 134 59 suas
858 2277 201 59 proprias
1009 2277 251 59 operationes
1210 2277 134 59 nisi
1294 2277 117 59 per
1361 2277 184 59 aliquam
1495 2277 201 59 virtutem
1645 2277 201 59 influxam
1796 2277 84 59 a
1830 2277 168 59 caelo.
1947 2277 201 59 secundum
2098 2277 134 59 quod
2181 2277 117 59 di-

505 2326 134 69 cente
594 2326 208 69 Philosopho
758 2326 163 69 secundo
877 2326 223 69 Physicorum,
1055 2326 119 69 homo
1129 2326 163 69 generat
1248 2326 163 69 hominem
1367 2326 74 69 &
1397 2326 119 69 sol.
1471 2326 119 69 Vnde
1546 2326 89 69 vt
1590 2326 134 69 etiam
1679 2326 149 69 dicunt
1783 2326 163 69 aliqui:
1902 2326 119 69 quia
1977 2326 149 69 caelum
2081 2326 104 69 non
2125 2326 134 69 influit

502 2376 138 77 illam
593 2376 183 77 virtutem
731 2376 122 77 nisi
808 2376 183 77 mediante
945 2376 138 77 motu,
1037 2376 92 77 si
1083 2376 153 77 caelum
1190 2376 153 77 staret
1297 2376 138 77 nulla
1389 2376 138 77 esset
1480 2376 214 77 alteratio,
1648 2376 138 77 neque
1740 2376 214 77 generatio,
1908 2376 138 77 neque
2000 2376 199 77 corruptio
2153 2376 107 77 aut
2199 2376 61 77 mo

508 2438 107 71 tus
569 2438 169 71 aliquis
692 2438 200 71 naturalis
845 2438 92 71 in
891 2438 200 71 elementis
1045 2438 107 71 aut
1106 2438 154 71 mixtis
1214 2438 92 71 ex
1260 2438 154 71 illis:
1367 2438 123 71 quia
1444 2438 107 71 nec
1505 2438 169 71 calidum
1628 2438 246 71 calefaceret:
1828 2438 107 71 nec
1889 2438 184 71 frigidum
2027 2438 246 71 frigefaceret
2212 2438 61 71 hi

499 2495 109 57 cet
562 2495 93 57 in
608 2495 109 57 hoc
670 2495 109 57 eis
732 2495 124 57 alii
810 2495 279 57 contrarientur,
1042 2495 78 57 &
1073 2495 155 57 merito
1182 2495 93 57 vt
1228 2495 140 57 puto,
1321 2495 186 57 dicentes
1461 2495 124 57 quod
1538 2495 140 57 licet
1631 2495 186 57 elementa
1771 2495 109 57 aut
1833 2495 155 57 formae
1941 2495 264 57 substantiales
2158 2495 140 57 atque

500 2545 251 77 accidentales
704 2545 141 77 eorum
799 2545 110 77 non
861 2545 220 77 sufficiant
1034 2545 94 77 ad
1081 2545 251 77 generationem
1285 2545 141 77 mixti
1379 2545 94 77 in
1426 2545 141 77 forma
1521 2545 141 77 mixti
1615 2545 126 77 sine
1693 2545 173 77 virtute
1819 2545 188 77 caelesti
1960 2545 141 77 illis
2054 2545 188 77 influxa:
2180 2545 94 77 sine

506 2595 107 66 qua
567 2595 137 66 etiam
658 2595 122 66 vnum
734 2595 152 66 mixtum
841 2595 107 66 non
901 2595 183 66 sufficit
1038 2595 183 66 generare
1175 2595 183 66 alterum,
1312 2595 91 66 vt
1358 2595 137 66 equus
1449 2595 152 66 equum:
1556 2595 213 66 sufficiunt
1723 2595 137 66 tamen
1814 2595 122 66 ipsa
1891 2595 183 66 elementa
2028 2595 183 66 secundum
2149 2595 122 66 formas

506 2647 175 66 ipsorum
634 2647 271 66 substantiales
857 2647 80 66 &
889 2647 255 66 accidentales
1096 2647 96 66 ad
1144 2647 255 66 generationem
1352 2647 128 66 sibi
1431 2647 239 66 consimilium
1623 2647 191 66 secundum
1766 2647 160 66 formam
1878 2647 271 66 substantialem
2101 2647 80 66 &
2117 2647 144 66 accidem

498 2704 149 65 talem:
602 2704 89 65 vt
647 2704 119 65 quod
721 2704 134 65 ignis
810 2704 193 65 igneitate
959 2704 193 65 generaret
1108 2704 134 65 ignem
1197 2704 74 65 &
1227 2704 208 65 caliditate
1391 2704 104 65 sua
1450 2704 193 65 generaret
1599 2704 178 65 calidum.
1733 2704 89 65 Et
1777 2704 119 65 quod
1852 2704 164 65 amplius
1971 2704 119 65 est,
2045 2704 149 65 dicunt
2149 2704 149 65 aliqui

504 2758 125 68 quod
582 2758 187 68 elementa
723 2758 109 68 sua
785 2758 140 68 forma
879 2758 234 68 accidentali
1066 2758 125 68 sola
1144 2758 187 68 generant
1285 2758 125 68 sibi
1363 2758 172 68 similia
1488 2758 187 68 secundum
1628 2758 156 68 formam
1737 2758 265 68 substantialem
1956 2758 187 68 elementi
2096 2758 109 68 vel
2143 2758 125 68 mixti:

504 2811 99 68 vt
554 2811 149 68 ignis
653 2811 165 68 calore
769 2811 215 68 existente
934 2811 99 68 in
983 2811 165 68 seipso
1099 2811 99 68 de
1148 2811 132 68 aqua
1231 2811 165 68 ignem:
1346 2811 83 68 &
1379 2811 149 68 equus
1479 2811 165 68 calore
1594 2811 215 68 existente
1759 2811 99 68 de
1809 2811 132 68 ipso
1891 2811 99 68 in
1941 2811 165 68 semine
2056 2811 99 68 ab
2106 2811 132 68 ipso
2172 2811 99 68 deci

504 2868 103 66 so
555 2868 171 66 equum:
675 2868 86 66 &
709 2868 120 66 hoc
778 2868 137 66 sola
863 2868 188 66 virtute
1000 2868 188 66 caloris
1137 2868 205 66 secundum
1291 2868 205 66 diuersos
1445 2868 171 66 gradus
1565 2868 188 66 caloris
1702 2868 188 66 diuersa
1839 2868 86 66 &
1873 2868 154 66 varia
1976 2868 154 66 mixta
2079 2868 223 66 generando

504 2915 96 72 vt
552 2915 96 72 ex
600 2915 161 72 semine
713 2915 129 72 equi
793 2915 193 72 secundum
938 2915 129 72 vnum
1018 2915 161 72 gradum
1131 2915 177 72 caloris
1259 2915 161 72 equum,
1372 2915 80 72 &
1404 2915 96 72 ex
1452 2915 161 72 semine
1565 2915 145 72 asini
1661 2915 193 72 secundum
1806 2915 145 72 alium
1902 2915 161 72 gradum
2015 2915 177 72 caloris
2143 2915 161 72 asinum

499 2971 170 68 absque
618 2971 170 68 aliqua
737 2971 187 68 virtute
873 2971 102 68 in
924 2971 170 68 semine
1043 2971 187 68 influxa
1179 2971 102 68 in
1230 2971 170 68 calore
1349 2971 102 68 ab
1401 2971 136 68 illo
1486 2971 85 68 a
1520 2971 119 68 quo
1588 2971 153 68 semen
1690 2971 187 68 decisum
1826 2971 136 68 est.
1911 2971 136 68 Quod
1996 2971 153 68 nullo
2098 2971 136 68 modo
2166 2971 102 68 pont

503 3024 159 63 stare:
614 3024 127 63 quia
694 3024 111 63 cum
757 3024 143 63 calor
853 3024 254 63 consideratus
1059 3024 95 63 vt
1107 3024 111 63 est
1171 3024 159 63 tantum
1282 3024 143 63 calor
1377 3024 191 63 secundum
1520 3024 191 63 diuersos
1663 3024 159 63 gradus
1774 3024 111 63 non
1838 3024 175 63 differt
1965 3024 95 63 vt
2013 3024 111 63 est
2076 3024 95 63 in
2108 3024 159 63 subiecto

500 3077 135 64 nisi
584 3077 202 64 secundum
736 3077 152 64 magis
837 3077 84 64 &
871 3077 169 64 minus:
989 3077 118 64 nec
1057 3077 219 64 similiter
1225 3077 202 64 operatio
1377 3077 118 64 nec
1445 3077 152 64 etiam
1546 3077 202 64 operatum
1698 3077 202 64 mediante
1849 3077 135 64 eius
1934 3077 236 64 operatione
2102 3077 169 64 differre

504 3129 172 74 possunt
630 3129 172 74 amplius
755 3129 125 74 quam
833 3129 188 74 secundum
974 3129 141 74 magis
1068 3129 78 74 &
1100 3129 157 74 minus.
1209 3129 125 74 Haec
1288 3129 125 74 enim
1366 3129 141 74 tria,
1460 3129 157 74 agens,
1570 3129 172 74 propria
1695 3129 204 74 operatio,
1852 3129 78 74 &
1883 3129 188 74 proprium
2024 3129 188 74 operatum
2165 3129 110 74 per
2212 3129 63 74 se
