2431 3732
445 330 229 90 subsistit:
624 330 131 90 quae
706 330 131 90 sunt
788 330 114 90 duo
853 330 245 90 differentia
1049 330 196 90 secundum
1196 330 114 90 rem
1262 330 98 90 in
1311 330 147 90 ipso.
1409 330 82 90 &
1442 330 114 90 cum
1507 330 114 90 hoc
1572 330 114 90 est
1638 330 114 90 ibi
1703 330 180 90 tertium
1834 330 196 90 scilicet
1981 330 131 90 nota
2063 330 245 90 relationis:

448 415 69 58 a
476 415 111 58 qua.
545 415 166 58 scilicet
669 415 69 58 a
697 415 235 58 calefaciente,
891 415 97 58 est
946 415 207 58 calefactum.
1112 415 83 58 In
1153 415 166 58 producto
1278 415 111 58 aute
1347 415 166 58 scilicet
1471 415 83 58 in
1513 415 180 58 calefacto
1651 415 235 58 considerantur
1844 415 111 58 tria
1914 415 166 58 secundum
2038 415 97 58 rem
2079 415 194 58 differentia.

452 456 133 71 Actum
541 456 118 71 enim
615 456 103 71 est
674 456 207 71 suppositum
836 456 118 71 quod
910 456 162 71 patitur
1028 456 103 71 sua
1087 456 177 71 materia:
1220 456 103 71 sed
1279 456 103 71 per
1339 456 133 71 motum
1427 456 103 71 quo
1486 456 133 71 forma
1575 456 118 71 quae
1649 456 118 71 actu
1723 456 103 71 est
1782 456 89 71 in
1826 456 177 71 materia,
1959 456 177 71 educenda
2092 456 103 71 est
2136 456 148 71 scilicet

459 511 226 78 frigiditas:
639 511 75 78 &
670 511 196 78 inducenda
820 511 135 78 forma
910 511 226 78 contrarias.
1091 511 181 78 scilicet
1226 511 196 78 caliditas
1377 511 165 78 propter
1497 511 120 78 quod
1572 511 105 78 ibi
1632 511 226 78 necessarius
1813 511 105 78 est
1873 511 150 78 motus.
1978 511 90 78 Et
2023 511 105 78 sic
2083 511 120 78 tria
2159 511 120 78 sunt
2219 511 60 78 se

462 570 159 63 cundum
573 570 111 63 rem
637 570 238 63 differentia
827 570 95 63 in
875 570 207 63 calefacte
1034 570 191 63 scilicet
1177 570 191 63 materia,
1320 570 79 63 &
1352 570 143 63 motus
1447 570 111 63 per
1511 570 127 63 quem
1590 570 143 63 debet
1685 570 111 63 vna
1749 570 143 63 forma
1844 570 191 63 amoueri,
1987 570 79 63 &
2019 570 143 63 forma
2114 570 127 63 alia
2178 570 111 63 intro

465 617 144 76 ducta
561 617 112 76 per
625 617 160 76 motum:
737 617 80 76 &
769 617 176 76 quartum
897 617 112 76 est
961 617 128 76 nota
1041 617 224 76 relationis
1217 617 112 76 qua
1281 617 144 76 actum
1377 617 192 76 scilicet
1520 617 224 76 calefactum
1696 617 112 76 est
1760 617 96 76 ab
1808 617 160 76 agente
1920 617 272 76 calefaciente:
2144 617 80 76 &
2176 617 80 76 a
2192 617 96 76 for-

459 677 112 68 ma
515 677 205 68 inducta
665 677 112 68 in
721 677 205 68 materia
870 677 280 68 denominatur
1094 677 187 68 motus,
1225 677 149 68 puta
1318 677 93 68 a
1355 677 187 68 calore
1486 677 280 68 calefactio,
1710 677 93 68 &
1748 677 93 68 a
1785 677 149 68 motu
1878 677 131 68 sic
1953 677 261 68 denominato
2140 677 149 68 denomi

466 726 152 62 nantur
572 726 137 62 agens
664 726 76 62 &
694 726 152 62 actum.
801 726 91 62 Et
847 726 107 62 sic
908 726 122 62 sunt
984 726 91 62 in
1030 726 122 62 omni
1106 726 122 62 tali
1182 726 137 62 passo
1273 726 168 62 quatuor
1395 726 152 62 notae,
1502 726 122 62 quae
1578 726 122 62 sunt
1654 726 107 62 de,
1715 726 137 62 quid,
1807 726 122 62 per,
1883 726 76 62 &
1913 726 107 62 ab.
1974 726 122 62 quia
2050 726 91 62 de
2096 726 168 62 materia
2203 726 76 62 aut

463 781 217 74 subiecto
625 781 253 74 producitur
824 781 163 74 quid,
933 781 217 74 scilicet
1095 781 163 74 forma
1203 781 181 74 educta
1330 781 126 74 per
1402 781 181 74 motum:
1528 781 90 74 &
1565 781 163 74 ipsum
1673 781 163 74 actum
1781 781 217 74 scilicet
1944 781 253 74 calefactum
2143 781 126 74 est
2197 781 90 74 per

456 841 172 69 motum
571 841 115 69 ab
628 841 210 69 agente.
781 841 96 69 &
819 841 134 69 hoc
895 841 191 69 semper
1029 841 248 69 contingit
1220 841 115 69 in
1277 841 229 69 producto
1449 841 134 69 per
1526 841 172 69 motum
1640 841 191 69 qualis
1774 841 134 69 est
1851 841 172 69 omnis
1965 841 248 69 productio
2137 841 153 69 natura

468 891 143 70 lis,
558 891 107 70 de
611 891 125 70 qua
683 891 161 70 habet
790 891 286 70 considerare,
1023 891 90 70 &
1059 891 161 70 solum
1166 891 107 70 de
1220 891 143 70 illa
1309 891 233 70 naturalis
1488 891 286 70 philosophus,
1721 891 90 70 &
1757 891 233 70 nequaquam
1936 891 107 70 de
1990 891 197 70 secunda
2133 891 143 70 quae
2204 891 90 70 est

475 943 175 71 volitio
602 943 80 71 &
634 943 255 71 intellectio:
841 943 127 71 nisi
921 943 207 71 quaetenus
1080 943 127 71 sunt
1159 943 111 71 cum
1223 943 191 71 continuo
1366 943 80 71 &
1398 943 191 71 tempore,
1541 943 111 71 non
1605 943 111 71 quo
1668 943 95 71 ad
1716 943 143 71 ipsos
1812 943 159 71 actus,
1923 943 127 71 quia
2003 943 127 71 sunt
2066 943 223 71 perfectiones

468 999 229 63 simplices
644 999 211 63 manentes
803 999 158 63 totae
908 999 176 63 simul,
1032 999 211 63 secundum
1190 999 141 63 quod
1278 999 158 63 ipsas
1384 999 158 63 habet
1489 999 264 63 considerare
1700 999 299 63 Metaphysicus:
1947 999 123 63 sed
2017 999 123 63 quo
2087 999 106 63 ad
2123 999 158 63 praeam-

471 1060 124 65 bula
548 1060 93 65 ad
595 1060 155 65 illas,
703 1060 202 65 inquantum
858 1060 171 65 nostrum
982 1060 233 65 intelligere
1168 1060 78 65 &
1199 1060 109 65 per
1261 1060 217 65 consequens
1432 1060 140 65 velle
1525 1060 109 65 non
1587 1060 124 65 sunt
1664 1060 124 65 fine
1742 1060 248 65 phantasmate.
1943 1060 93 65 Ex
1990 1060 155 65 quibus
2098 1060 140 65 patet
2191 1060 124 65 quod

474 1118 170 56 multum
593 1118 221 56 differunt
763 1118 204 56 rationes
916 1118 187 56 agentis
1052 1118 85 56 &
1086 1118 136 56 acti
1171 1118 102 56 in
1222 1118 187 56 diuinis
1358 1118 85 56 &
1393 1118 102 56 in
1444 1118 238 56 creaturis:
1631 1118 85 56 &
1665 1118 221 56 similiter
1835 1118 102 56 in
1886 1118 221 56 creaturis
2056 1118 153 56 primo
2158 1118 136 56 modo
2226 1118 51 56 &

475 1167 190 65 secundo.
618 1167 95 65 In
665 1167 174 65 secundo
792 1167 127 65 enim
871 1167 127 65 modo
951 1167 127 65 quia
1030 1167 111 65 non
1093 1167 206 65 fundantur
1252 1167 95 65 in
1299 1167 143 65 ipsis
1394 1167 206 65 respectus
1553 1167 111 65 qui
1616 1167 127 65 sunt
1696 1167 79 65 a
1727 1167 79 65 &
1759 1167 111 65 ab,
1822 1167 127 65 nisi
1902 1167 111 65 per
1965 1167 143 65 verum
2060 1167 143 65 motum
2155 1167 111 65 qui
2203 1167 79 65 est

477 1213 145 65 actus
574 1213 226 65 imperfecti
751 1213 210 65 secundum:
913 1213 129 65 quod
993 1213 258 65 imperfectum,
1203 1213 129 65 quia
1284 1213 145 65 motum
1380 1213 210 65 inquantum
1542 1213 113 65 est
1606 1213 113 65 sub
1671 1213 129 65 actu
1752 1213 145 65 motus
1848 1213 242 65 imperfectum
2042 1213 129 65 quid
2123 1213 113 65 est
2187 1213 81 65 &
2219 1213 97 65 ad

486 1281 265 57 perfectionem
702 1281 166 57 vadit:
818 1281 149 57 agens
917 1281 149 57 autem
1016 1281 232 57 necessario
1198 1281 116 57 est
1265 1281 215 57 perfectum
1430 1281 199 57 secundum
1579 1281 281 57 dispositionem
1811 1281 232 57 inducendam
1993 1281 116 57 per
2059 1281 149 57 motum
2159 1281 116 57 vel
2208 1281 83 57 vir

483 1319 131 67 tute
565 1319 115 67 vel
630 1319 148 67 forma
729 1319 164 67 simili
844 1319 164 67 formae
959 1319 263 67 producendae:
1172 1319 181 67 idcirco
1304 1319 230 67 necessario
1484 1319 230 67 requiritur
1665 1319 164 67 realis
1780 1319 230 67 diuersitas
1961 1319 164 67 actiui
2076 1319 82 67 &
2108 1319 197 67 passiui.
2240 1319 49 67 &

485 1379 114 67 hoc
550 1379 163 67 semper
664 1379 212 67 contingit
827 1379 98 67 in
876 1379 277 67 corporalibus.
1104 1379 98 67 In
1153 1379 147 67 primo
1251 1379 147 67 autem
1349 1379 130 67 modo
1430 1379 212 67 respectus
1593 1379 114 67 qui
1658 1379 130 67 sunt
1740 1379 82 67 a
1772 1379 82 67 &
1805 1379 114 67 ab,
1870 1379 212 67 fundantur
2033 1379 114 67 non
2098 1379 147 67 super
2180 1379 114 67 motum

489 1434 114 66 quo
554 1434 179 66 aliquid
684 1434 147 66 aliud
782 1434 245 66 producitur:
978 1434 114 66 sed
1043 1434 212 66 immediate
1206 1434 114 66 per
1271 1434 245 66 operationem
1467 1434 82 66 a
1499 1434 114 66 qua
1565 1434 147 66 nihil
1662 1434 147 66 aliud
1760 1434 245 66 producitur,
1956 1434 130 66 quae
2037 1434 114 66 est
2102 1434 147 66 actus
2184 1434 114 66 perfe

492 1485 103 69 cti
551 1485 176 69 secundum
683 1485 118 69 quod
757 1485 191 69 perfectum
904 1485 118 69 est:
977 1485 74 69 &
1007 1485 191 69 inquantum
1154 1485 103 69 est
1213 1485 103 69 sub
1272 1485 132 69 isto,
1360 1485 235 69 perfectionem
1551 1485 118 69 suam
1624 1485 147 69 habet,
1727 1485 74 69 &
1757 1485 103 69 est
1816 1485 191 69 perfectum
1963 1485 132 69 forma
2051 1485 74 69 &
2080 1485 162 69 virtute
2183 1485 103 69 simul

492 1544 105 66 cum
552 1544 135 66 prius
642 1544 120 66 erat
716 1544 194 66 perfectum
866 1544 165 66 virtute
986 1544 135 66 sola:
1075 1544 75 66 &
1105 1544 105 66 hoc
1165 1544 120 66 quia
1240 1544 194 66 operatio,
1390 1544 165 66 propria
1509 1544 254 66 vniuscuiusque
1719 1544 105 66 non
1778 1544 105 66 est
1838 1544 120 66 nisi
1913 1544 90 66 ab
1958 1544 120 66 ipso
2033 1544 75 66 &
2063 1544 150 66 manens
2167 1544 90 66 in
2197 1544 90 66 ipso

494 1590 102 70 vt
545 1590 205 70 secundum
699 1590 119 70 hoc
767 1590 170 70 multum
886 1590 222 70 aequiuoce
1057 1590 188 70 dicatur
1193 1590 153 70 agens
1295 1590 85 70 &
1329 1590 170 70 actum,
1449 1590 222 70 producens
1619 1590 85 70 &
1653 1590 239 70 productum,
1841 1590 153 70 actio
1943 1590 85 70 &
1977 1590 222 70 productio
2148 1590 102 70 in
2182 1590 102 70 diui

482 1648 120 63 nis
550 1648 120 63 vbi
619 1648 120 63 est
687 1648 137 63 fine
773 1648 137 63 omni
859 1648 308 63 transmutatione
1116 1648 86 63 &
1150 1648 137 63 omni
1235 1648 206 63 absoluto
1390 1648 223 63 acquisito
1561 1648 103 63 in
1612 1648 257 63 fundamento:
1818 1648 86 63 &
1852 1648 103 63 in
1903 1648 223 63 creaturis
2075 1648 120 63 vbi
2143 1648 120 63 non
2194 1648 86 63 est

487 1700 144 67 sine
577 1700 251 67 mutatione:
774 1700 90 67 &
810 1700 126 67 non
882 1700 144 67 sine
972 1700 179 67 aliquo
1097 1700 215 67 absoluto
1259 1700 215 67 producto
1420 1700 108 67 in
1474 1700 269 67 fundamento:
1690 1700 162 67 licet
1797 1700 162 67 multo
1905 1700 179 67 aliter
2031 1700 108 67 in
2085 1700 162 67 primo
2174 1700 108 67 modo

490 1756 93 66 &
528 1756 222 66 secundo.
694 1756 111 66 vt
750 1756 204 66 penitus
898 1756 130 66 non
972 1756 148 66 idem
1064 1756 130 66 sed
1138 1756 222 66 diuersum
1305 1756 185 66 omnino
1435 1756 185 66 debeat
1564 1756 148 66 esse
1657 1756 222 66 iudicium
1823 1756 111 66 de
1879 1756 204 66 actiuis
2027 1756 167 66 circa
2119 1756 167 66 creatu-

493 1819 124 57 ras
564 1819 106 57 in
617 1819 159 57 primo
724 1819 159 57 modo,
830 1819 213 57 secundum
989 1819 142 57 illa
1078 1819 142 57 quae
1166 1819 213 57 videntur
1326 1819 106 57 in
1379 1819 230 57 subiecto:
1556 1819 89 57 &
1591 1819 159 57 circa
1698 1819 142 57 deum
1786 1819 213 57 secundum
1946 1819 142 57 ista
2034 1819 142 57 quae
2105 1819 177 57 videntur

490 1867 105 65 in
542 1867 227 65 creaturis
716 1867 122 65 aut
786 1867 157 65 primo
891 1867 157 65 modo,
995 1867 122 65 aut
1065 1867 209 65 secundo.
1222 1867 122 65 PER
1292 1867 140 65 quod
1379 1867 157 65 plane
1484 1867 209 65 soluitur
1641 1867 140 65 quod
1728 1867 174 65 aliqui
1850 1867 192 65 arguunt
1990 1867 140 65 sic.
2077 1867 105 65 de
2129 1867 192 65 ratione

486 1926 222 54 relationis
660 1926 111 54 est
724 1926 127 54 quod
803 1926 111 54 sit
867 1926 95 54 ad
914 1926 158 54 aliud:
1025 1926 79 54 &
1057 1926 127 54 quod
1136 1926 111 54 per
1199 1926 143 54 ipsam
1294 1926 174 54 aliquid
1421 1926 190 54 refertur
1564 1926 95 54 ad
1611 1926 158 54 aliud.
1722 1926 174 54 relatio
1849 1926 127 54 enim
1928 1926 190 54 secundum
2071 1926 127 54 quod
2150 1926 111 54 est
2198 1926 79 54 re-

488 1970 175 63 latio,
610 1970 122 63 est
680 1970 210 63 habitudo
837 1970 105 63 ad
889 1970 175 63 aliud:
1012 1970 87 63 &
1047 1970 105 63 de
1099 1970 122 63 sui
1169 1970 192 63 ratione
1309 1970 297 63 distinctionem
1553 1970 87 63 &
1588 1970 245 63 extremorum
1780 1970 227 63 relatorum
1955 1970 87 63 &
1990 1970 192 63 ipsorum
2112 1970 175 63 fundamen

498 2021 145 71 torum
594 2021 209 71 requirit.
755 2021 129 71 Vnde
835 2021 129 71 quid
916 2021 241 71 philosophus
1109 2021 145 71 libro
1205 2021 321 71 praedicamentorum
1478 2021 96 71 in
1527 2021 177 71 plurali
1655 2021 161 71 dicit,
1768 2021 96 71 Ad
1816 2021 177 71 aliquid
1944 2021 145 71 talia
2041 2021 193 71 dicuntur
2186 2021 129 71 quae

494 2086 177 59 cumque
618 2086 124 59 hoc
689 2086 159 59 ipsum
795 2086 141 59 quod
883 2086 141 59 sunt
971 2086 194 59 aliorum
1113 2086 230 59 dicuntur,
1289 2086 177 59 multum
1413 2086 159 59 notat
1519 2086 247 59 Simplicius
1713 2086 159 59 super
1819 2086 159 59 illum
1925 2086 177 59 locum.
2049 2086 159 59 Quare
2155 2086 124 59 cum
2208 2086 88 59 est

497 2140 179 59 relatio
627 2140 195 59 secundum
773 2140 130 59 rem:
854 2140 114 59 ent
919 2140 114 59 est
984 2140 179 59 relatio
1114 2140 195 59 secundum
1260 2140 211 59 rationem.
1423 2140 130 59 Nunc
1504 2140 146 59 autem
1602 2140 162 59 semper
1715 2140 114 59 ita
1780 2140 114 59 est
1845 2140 130 59 quod
1927 2140 162 59 plures
2040 2140 227 59 relationes
2203 2140 81 59 se-

492 2181 166 63 cundum
609 2181 200 63 rationem
759 2181 183 63 exigunt
892 2181 150 63 plura
991 2181 200 63 extrema:
1141 2181 83 63 &
1174 2181 150 63 etiam
1274 2181 150 63 plura
1374 2181 233 63 fundamenta
1557 2181 200 63 secundum
1707 2181 200 63 rationem
1856 2181 233 63 distincta:
2039 2181 100 63 vt
2089 2181 150 63 patet
2189 2181 133 63 indu

501 2249 145 56 cendo
598 2249 97 56 in
646 2249 177 56 omnibus
775 2249 258 56 relationibus
984 2249 193 56 secundum
1129 2249 210 56 rationem:
1291 2249 129 56 ergo
1371 2249 81 56 &
1403 2249 161 56 plures
1516 2249 226 56 relationes
1694 2249 193 56 secundum
1839 2249 113 56 rem
1903 2249 145 56 mutuo
2000 2249 210 56 adinuicem
2161 2249 97 56 se
2209 2249 113 56 ha-

506 2291 173 67 bentes
627 2291 191 67 exigunt
766 2291 156 67 plura
870 2291 208 67 extrema:
1026 2291 87 67 &
1060 2291 156 67 plura
1164 2291 243 67 fundamenta
1355 2291 208 67 secundum
1511 2291 121 67 rem
1580 2291 243 67 distincta.
1771 2291 121 67 sed
1840 2291 243 67 relationes
2031 2291 173 67 actiui
2152 2291 87 67 &
2170 2291 121 67 passi

511 2352 97 56 ui
559 2352 130 56 sunt
641 2352 146 56 mutuo
738 2352 162 56 reales
851 2352 227 56 adinuicem.
1030 2352 130 56 ergo
1111 2352 178 56 exigunt
1241 2352 178 56 extrema
1370 2352 114 56 per
1435 2352 114 56 eas
1500 2352 178 56 relata:
1630 2352 81 56 &
1662 2352 211 56 similiter
1825 2352 227 56 fundamenta
2003 2352 211 56 distincta
2149 2352 146 56 adinui-

512 2404 121 60 cem
581 2404 208 60 secundum
737 2404 138 60 rem.
823 2404 138 60 Vnde
910 2404 104 60 in
962 2404 190 60 diuinis
1100 2404 121 60 vbi
1169 2404 190 60 actiuum
1308 2404 87 60 &
1342 2404 208 60 passiuum
1498 2404 225 60 fundantur
1671 2404 156 60 super
1775 2404 173 60 eandem
1896 2404 138 60 rem:
1983 2404 156 60 licet
2086 2404 121 60 non
2138 2404 156 60 habeant

514 2455 217 65 distincta
681 2455 233 65 fundamenta
864 2455 217 65 realiter:
1031 2455 167 65 habent
1147 2455 150 65 tamen
1247 2455 217 65 distincta
1414 2455 183 65 extrema
1547 2455 283 65 personaliter.
1781 2455 133 65 ergo
1864 2455 100 65 in
1914 2455 217 65 creaturis
2080 2455 117 65 vbi
2147 2455 150 65 multo
2230 2455 67 65 ma

517 2507 114 68 gis
582 2507 229 68 differunt,
762 2507 147 68 nullo
860 2507 131 68 modo
942 2507 180 68 possunt
1072 2507 163 68 habere
1187 2507 131 68 idem
1268 2507 196 68 extremum
1416 2507 196 68 secundum
1563 2507 131 68 rem:
1644 2507 131 68 immo
1726 2507 229 68 necessario
1906 2507 180 68 exigunt
2037 2507 196 68 secundum
2184 2507 114 68 rem
2233 2507 65 68 ex

515 2563 139 65 trema
607 2563 217 65 distincta:
778 2563 77 65 &
809 2563 108 65 cum
871 2563 108 65 hoc
933 2563 108 65 est
995 2563 217 65 fundamenta
1165 2563 170 65 diuersa
1289 2563 201 65 realiter:
1444 2563 139 65 sicut
1537 2563 155 65 plures
1645 2563 217 65 relationes
1816 2563 186 65 secundum
1955 2563 186 65 rationem
2095 2563 124 65 siue
2172 2563 93 65 in
2219 2563 108 65 deo

515 2615 135 58 siue
599 2615 101 58 in
650 2615 219 58 creaturis
819 2615 186 58 exigunt
954 2615 152 58 plura
1055 2615 186 58 extrema
1190 2615 219 58 distincta
1358 2615 202 58 secundum
1510 2615 219 58 rationem:
1679 2615 84 58 &
1713 2615 219 58 similiter
1881 2615 152 58 plura
1983 2615 236 58 fundamenta
2151 2615 152 58 diuersa

517 2670 179 58 secundum
652 2670 194 58 rationem.
801 2670 90 58 Et
846 2670 120 58 dico
921 2670 120 58 quod
996 2670 165 58 quaedam
1115 2670 120 58 sunt
1190 2670 209 58 relationes
1355 2670 179 58 secundum
1489 2670 179 58 rationem
1624 2670 90 58 in
1669 2670 165 58 vtroque
1788 2670 224 58 extremorum,
1968 2670 120 58 quae
2043 2670 194 58 aliquando
2177 2670 120 58 habent

514 2726 167 69 diuersa
636 2726 167 69 extrema
757 2726 76 69 &
788 2726 167 69 diuersa
910 2726 213 69 fundamenta
1077 2726 183 69 secundum
1214 2726 183 69 rationem
1351 2726 167 69 tantum:
1473 2726 91 69 vt
1519 2726 122 69 sunt
1595 2726 213 69 relationes
1762 2726 228 69 identitatis
1945 2726 183 69 simplici
2082 2726 183 69 scilicet
2204 2726 91 69 nume

521 2780 139 58 ralis
613 2780 93 58 in
660 2780 216 58 creaturis:
830 2780 77 58 &
860 2780 232 58 identitatis
1046 2780 170 58 diuinae
1169 2780 232 58 substantiae
1355 2780 93 58 ad
1401 2780 185 58 seipsam.
1540 2780 201 58 Aliquando
1695 2780 124 58 vero
1772 2780 154 58 habent
1880 2780 185 58 secundum
2019 2780 124 58 rem:
2096 2780 93 58 vt
2143 2780 124 58 sunt
2204 2780 93 58 rela

522 2824 147 66 tiones
625 2824 235 66 aequalitatis
816 2824 74 66 &
846 2824 250 66 similitudinis
1052 2824 191 66 diuinarum
1199 2824 206 66 personarum
1360 2824 132 66 inter
1448 2824 103 66 se:
1507 2824 103 66 sed
1566 2824 147 66 habent
1669 2824 221 66 fundamentum
1845 2824 118 66 idem
1919 2824 176 66 secundum
2051 2824 118 66 rem.
2125 2824 162 66 Quaedam
2228 2824 74 66 est

516 2887 118 59 sunt
590 2887 206 59 relationes
752 2887 177 59 secundum
885 2887 103 59 rem
944 2887 88 59 in
988 2887 103 59 vno
1047 2887 206 59 extremorum
1209 2887 162 59 tantum:
1327 2887 74 59 &
1356 2887 88 59 in
1400 2887 118 59 alio
1474 2887 103 59 sim
1533 2887 192 59 rationem:
1680 2887 88 59 vt
1724 2887 118 59 sunt
1798 2887 206 59 relationes
1960 2887 133 59 inter
2049 2887 177 59 mensuram
2181 2887 74 59 &
2196 2887 103 59 mensu

518 2940 142 68 ratum:
617 2940 113 68 quam
688 2940 142 68 habent
787 2940 142 68 semper
886 2940 156 68 diuersa
999 2940 156 68 extrema
1113 2940 71 68 &
1141 2940 184 68 similiter
1282 2940 156 68 diuersa
1396 2940 198 68 fundamenta
1552 2940 170 68 secundum
1679 2940 113 68 rem.
1750 2940 113 68 Sunt
1821 2940 127 68 adhuc
1906 2940 156 68 quaedam
2019 2940 198 68 relationes
2160 2940 142 68 secundum

523 2995 104 65 rem
582 2995 89 65 in
627 2995 163 65 vtroque
745 2995 222 65 extremorum:
923 2995 89 65 vt
967 2995 118 65 sunt
1041 2995 133 65 omnes
1130 2995 118 65 quae
1204 2995 118 65 sunt
1278 2995 89 65 in
1322 2995 192 65 potentiis
1470 2995 133 65 inter
1559 2995 163 65 diuina,
1677 2995 74 65 &
1707 2995 133 65 inter
1796 2995 207 65 creaturas:
1959 2995 89 65 de
2003 2995 148 65 quibus
2107 2995 118 65 nunc
2181 2995 104 65 est
2225 2995 74 65 ser

517 3047 112 74 mo:
581 3047 128 74 quae
661 3047 112 74 non
725 3047 208 74 requirunt
885 3047 176 74 diuersa
1013 3047 224 74 fundamenta
1189 3047 128 74 nisi
1269 3047 96 74 in
1317 3047 176 74 actiuis
1446 3047 80 74 &
1478 3047 192 74 passiuis
1622 3047 112 74 per
1686 3047 144 74 verum
1782 3047 160 74 motum.
1894 3047 112 74 sed
1958 3047 96 74 in
2006 3047 176 74 diuinis
2118 3047 176 74 fundantur

520 3100 144 63 super
616 3100 128 63 idem
696 3100 112 63 re,
761 3100 112 63 non
825 3100 112 63 per
889 3100 177 63 aliquid
1017 3100 96 63 re
1066 3100 225 63 differens:
1242 3100 96 63 in
1290 3100 209 63 creaturis
1451 3100 144 63 vero,
1547 3100 128 63 puta
1627 3100 96 63 in
1675 3100 225 63 voluntate,
1852 3100 112 63 non
1916 3100 128 63 nisi
1996 3100 112 63 per
2060 3100 177 63 aliquid
2173 3100 128 63 diffe-

523 3152 133 63 rens
607 3152 100 63 re
656 3152 100 63 ab
706 3152 150 63 ista,
806 3152 100 63 vt
856 3152 116 63 est
923 3152 183 63 volitio
1056 3152 200 63 secundum
1205 3152 233 63 praedicta.
1388 3152 166 63 Semper
1505 3152 150 63 autem
1604 3152 216 63 requirunt
1771 3152 183 63 diuersa
1904 3152 183 63 extrema
2037 3152 183 63 relata:
2170 3152 116 63 sed
2220 3152 83 63 hoc

515 3208 163 73 secundum
638 3208 95 73 rem
692 3208 190 73 absolutam:
842 3208 82 73 vt
883 3208 82 73 in
923 3208 150 73 actiuis
1032 3208 68 73 &
1059 3208 163 73 passiuis
1182 3208 95 73 per
1236 3208 122 73 verum
1318 3208 136 73 motum:
1413 3208 82 73 in
1454 3208 122 73 aliis
1535 3208 122 73 autem
1617 3208 95 73 non
1671 3208 109 73 nisi
1739 3208 95 73 per
1794 3208 122 73 ipsas
1875 3208 204 73 relationes:
2039 3208 109 73 quae
2107 3208 122 73 solae
2175 3208 122 73 faciunt
