2379 3720
140 266 175 85 litatem
267 266 95 85 ad
315 266 127 85 eius
395 266 302 85 plurificationem
649 266 111 85 per
713 266 223 85 indiuidua.
888 266 127 85 Alio
967 266 127 85 modo
1047 266 111 85 per
1110 266 191 85 errorem,
1254 266 143 85 sicut
1349 266 143 85 ideae
1445 266 239 85 Platonicae,
1635 266 80 85 &
1667 266 111 85 hoc
1731 266 95 85 ab
1763 266 111 85 homi-

142 342 97 66 ne
190 342 194 66 errante,
336 342 97 66 si
385 342 146 66 tamen
482 342 146 66 Plato
579 342 162 66 posuit
693 342 146 66 illas
790 342 146 66 prout
887 342 97 66 ei
936 342 227 66 imponitur,
1114 342 211 66 videlicet
1276 342 130 66 quod
1357 342 113 66 sic
1421 342 113 66 per
1486 342 178 66 naturam
1616 342 194 66 existant
1762 342 81 66 a
1794 342 113 66 deo

151 392 81 66 &
183 392 129 66 quod
264 392 113 66 vna
329 392 113 66 est
394 392 227 66 cuiuslibet
572 392 178 66 speciei
701 392 307 66 specialissimae,
960 392 129 66 quae
1041 392 146 66 totum
1138 392 162 66 gradum
1251 392 81 66 &
1283 392 178 66 naturam
1413 392 178 66 speciei
1542 392 194 66 continet
1688 392 113 66 sic
1753 392 97 66 vt
1785 392 81 66 non

148 450 180 68 possint
279 450 131 68 esse
360 450 164 68 plures
475 450 164 68 illius
590 450 196 68 speciei,
737 450 147 68 sicut
835 450 115 68 est
900 450 164 68 tantum
1015 450 147 68 vnica
1113 450 131 68 idea
1195 450 180 68 hominis
1326 450 131 68 quam
1408 450 164 68 vocant
1522 450 180 68 hominem
1653 450 229 68 separatum,
1817 450 49 68 &

151 500 103 58 vna
210 500 147 58 asini,
313 500 73 58 &
342 500 103 58 sic
400 500 88 58 de
444 500 191 58 caeteris.
591 500 103 58 qui
650 500 132 58 tamen
738 500 117 58 homo
811 500 103 58 non
869 500 117 58 erat
943 500 117 58 homo
1016 500 117 58 nisi
1089 500 191 58 aequiuoce
1236 500 103 58 cum
1294 500 132 58 illis
1382 500 191 58 hominibus
1529 500 103 58 qui
1588 500 117 58 sunt
1661 500 117 58 hic:
1734 500 103 58 cum
1778 500 88 58 iste

150 552 297 66 incorruptibilis
400 552 187 66 secundum
541 552 187 66 Platonem
681 552 109 66 sit
744 552 109 66 per
806 552 172 66 naturam
931 552 78 66 &
962 552 281 66 ingenerabilis:
1197 552 125 66 isti
1275 552 125 66 vero
1353 552 109 66 qui
1415 552 125 66 sunt
1493 552 125 66 hic,
1571 552 234 66 generabiles
1759 552 125 66 sunt
1821 552 47 66 &

157 607 275 68 corruptibiles:
386 607 76 68 &
416 607 107 68 non
477 607 153 68 posuit
584 607 137 68 aliud
676 607 214 68 vniuersale
843 607 107 68 nec
905 607 137 68 aliam
996 607 183 68 rationem
1133 607 229 68 vniversalis
1317 607 137 68 super
1408 607 168 68 homines
1530 607 107 68 qui
1591 607 122 68 sunt
1668 607 122 68 hic:
1744 607 76 68 &
1774 607 122 68 quod

150 669 131 68 iste
232 669 148 68 esset
330 669 230 68 principium
510 669 262 68 generationis
724 669 98 68 ad
773 669 131 68 quem
855 669 213 68 aspiceret
1019 669 164 68 natura
1134 669 98 68 in
1183 669 213 68 generando
1347 669 180 68 homines
1478 669 148 68 istos
1577 669 148 68 sicut
1675 669 98 68 ad
1708 669 164 68 exemplar

155 720 134 66 quod
239 720 151 66 etiam
340 720 235 66 principium
524 720 151 66 esset
624 720 251 66 cognitionis
825 720 184 66 hominum
959 720 117 66 qui
1026 720 134 66 sunt
1110 720 134 66 hic:
1194 720 101 66 ad
1244 720 134 66 quem
1328 720 235 66 respiceret
1512 720 268 66 intellectus.
1730 720 101 66 In
1780 720 117 66 qui

157 775 117 56 bus
224 775 200 56 reprobat
374 775 200 56 Platonem
524 775 183 56 Aristo.
657 775 233 56 ostendendo
840 775 133 56 quod
923 775 233 56 vniuersale
1106 775 83 56 &
1140 775 233 56 principium
1323 775 266 56 generationis
1539 775 83 56 &
1572 775 250 56 cognitionis
1755 775 117 56 rerum

150 827 115 64 est
215 827 98 64 in
264 827 164 64 rebus,
379 827 82 64 &
412 827 131 64 quod
494 827 147 64 ratio
592 827 180 64 hominis
723 827 246 64 vniuersalis
920 827 115 64 est
985 827 115 64 per
1051 827 279 64 abstractionem
1280 827 246 64 intellectus
1477 827 82 64 a
1510 827 295 64 particularibus
1739 827 131 64 homini

159 878 104 61 bus
219 878 104 61 qui
278 878 119 61 sunt
352 878 119 61 hic:
426 878 74 61 &
456 878 119 61 quod
530 878 119 61 ideo
605 878 104 61 vel
664 878 104 61 aut
723 878 134 61 nihil
813 878 104 61 est
872 878 104 61 aut
931 878 208 61 posterius.
1095 878 163 61 propter
1214 878 119 61 quid
1288 878 134 61 vocat
1377 878 134 61 ideas
1466 878 208 61 Platonicas
1629 878 193 61 modostra:
1778 878 119 61 quia

155 935 124 63 sunt
233 935 155 63 quidam
342 935 171 63 errores
466 935 78 63 &
497 935 233 63 exorbitates
683 935 78 63 a
714 935 171 63 naturis
838 935 155 63 rerum:
946 935 78 63 &
977 935 109 63 cum
1040 935 109 63 hoc
1102 935 93 63 si
1148 935 140 63 esset
1241 935 124 63 illa
1319 935 171 63 ponere:
1443 935 140 63 esset
1536 935 171 63 necesse
1660 935 155 63 ponere
1768 935 140 63 aliud

142 984 226 57 vniuersale
319 984 113 57 per
384 984 274 57 abstractionem
609 984 242 57 intellectus
803 984 97 57 ab
851 984 209 57 hominibus
1012 984 113 57 qui
1076 984 129 57 sunt
1157 984 129 57 hic.
1238 984 81 57 &
1270 984 209 57 praeterea
1431 984 113 57 cum
1495 984 209 57 quaelibet
1657 984 177 57 illarum
1769 984 97 57 idea

152 1046 114 68 rum
217 1046 146 68 esset
314 1046 178 68 quoddam
444 1046 211 68 singulare
606 1046 114 68 per
671 1046 97 68 se
719 1046 227 68 subsistens
898 1046 211 68 limitatum
1060 1046 97 68 in
1109 1046 162 68 gradu,
1222 1046 227 68 necessario
1400 1046 146 68 esset
1498 1046 243 68 particulare
1692 1046 114 68 vel
1741 1046 146 68 singula

154 1098 100 61 re
204 1098 200 61 alicuius
354 1098 200 61 speciei,
504 1098 116 61 sub
570 1098 116 61 qua
637 1098 166 61 plures
753 1098 150 61 tales
853 1098 133 61 esse
936 1098 200 61 possent:
1086 1098 166 61 quarum
1202 1098 216 61 quaelibet
1368 1098 100 61 in
1418 1098 100 61 se
1468 1098 183 61 haberet
1601 1098 216 61 perfectum
1751 1098 133 61 gradum

154 1148 171 70 speciei
279 1148 78 70 &
310 1148 155 70 nullam
419 1148 233 70 totalitatem
605 1148 202 70 essentiae
761 1148 171 70 illius:
885 1148 187 70 secundum
1025 1148 124 70 quod
1103 1148 202 70 aliquando
1258 1148 280 70 determinauimus
1492 1148 93 70 de
1538 1148 187 70 angelis.
1678 1148 155 70 Tertio
1787 1148 140 70 autem

149 1202 137 74 modo
234 1202 120 74 est
303 1202 240 74 abstractio
491 1202 120 74 per
560 1202 240 74 positionem
748 1202 291 74 impossibilem,
988 1202 171 74 qualis
1108 1202 120 74 est
1176 1202 137 74 ista
1262 1202 103 74 de
1313 1202 120 74 qua
1382 1202 223 74 loquimur:
1553 1202 137 74 quae
1638 1202 120 74 non
1707 1202 120 74 est
1758 1202 120 74 rerum

156 1257 126 56 quae
235 1257 110 56 sic
298 1257 173 56 habeant
424 1257 126 56 esse
503 1257 110 56 per
566 1257 189 56 naturam:
707 1257 110 56 sed
770 1257 126 56 quae
849 1257 110 56 per
912 1257 173 56 naturam
1038 1257 157 56 habent
1148 1257 126 56 esse
1227 1257 94 56 in
1274 1257 173 56 corpore
1400 1257 79 56 &
1431 1257 173 56 materia
1557 1257 268 56 participate,.
1778 1257 126 56 quae

146 1312 164 67 licet
255 1312 109 67 in
310 1312 182 67 multis
437 1312 219 67 haberent
601 1312 219 67 rationem
765 1312 200 67 idearum
911 1312 310 67 Platonicarum:
1166 1312 164 67 tamen
1275 1312 146 67 quia
1366 1312 146 67 esse
1457 1312 219 67 naturale
1621 1312 127 67 non
1694 1312 182 67 habent
1803 1312 73 67 ni

145 1363 100 66 si
195 1363 100 66 in
245 1363 316 66 participatione,
511 1363 216 66 respectum
678 1363 166 66 habent
794 1363 100 66 ad
844 1363 133 66 ista
927 1363 83 66 a
961 1363 166 66 quibus
1077 1363 133 66 sunt
1160 1363 300 66 participantis:
1410 1363 166 66 qualem
1527 1363 116 66 non
1593 1363 166 66 habent
1710 1363 150 66 ideae
1793 1363 83 66 Pla

151 1418 204 69 tonicae.
304 1418 170 69 Habent
422 1418 153 69 autem
524 1418 170 69 formae
643 1418 153 69 istae
745 1418 220 69 respectum
914 1418 102 69 ad
965 1418 271 69 participans,
1186 1418 119 69 non
1253 1418 170 69 quidem
1372 1418 254 69 determinata
1576 1418 102 69 ad
1610 1418 254 69 determinatum,

153 1472 136 66 puta
238 1472 119 66 hic
306 1472 153 66 calor
407 1472 220 66 separatus
577 1472 102 66 ad
628 1472 119 66 hoc
696 1472 170 66 corpus
814 1472 85 66 a
848 1472 119 66 quo
916 1472 271 66 intelligitur
1137 1472 254 66 abstractus:
1340 1472 136 66 tunc
1425 1472 136 66 enim
1510 1472 119 66 non
1578 1472 220 66 excederet
1730 1472 136 66 gradum

147 1530 154 66 illum
249 1530 136 66 quem
335 1530 171 66 habuit
454 1530 102 66 in
505 1530 205 66 corpore:
659 1530 119 66 sed
727 1530 102 66 ad
778 1530 171 66 corpus
898 1530 273 66 simpliciter:
1119 1530 85 66 &
1153 1530 102 66 ad
1205 1530 239 66 indiuiduum
1392 1530 171 66 illius
1512 1530 171 66 vagum:
1631 1530 188 66 propter
1768 1530 136 66 quod

146 1580 234 63 necessario
330 1580 150 63 calor
430 1580 234 63 abstractus
614 1580 184 63 vniuoce
747 1580 150 63 esset
847 1580 150 63 calor
947 1580 117 63 cum
1014 1580 167 63 calore
1131 1580 100 63 in
1181 1580 200 63 materia:
1331 1580 150 63 licet
1431 1580 167 63 formae
1548 1580 184 63 ideales
1681 1580 217 63 separatae

145 1636 103 62 se
196 1636 120 62 per
265 1636 325 62 aequiuocationem
538 1636 205 62 haberent
692 1636 120 62 cum
760 1636 171 62 formis
880 1636 137 62 quae
965 1636 137 62 sunt
1051 1636 137 62 hic,
1136 1636 103 62 vt
1187 1636 171 62 dictum
1307 1636 137 62 est.
1392 1636 103 62 Et
1444 1636 137 62 sunt
1529 1636 171 62 formae
1649 1636 154 62 istae
1734 1636 137 62 separa

148 1694 120 60 tae
217 1694 189 60 eiusdem
354 1694 189 60 speciei
492 1694 327 60 specialissimae:
767 1694 86 60 &
802 1694 103 60 si
853 1694 172 60 posset
974 1694 138 60 esse
1060 1694 138 60 vnus
1146 1694 155 60 calor
1249 1694 172 60 numero
1370 1694 224 60 separatus
1542 1694 155 60 eadem
1645 1694 189 60 ratione
1766 1694 103 60 pos-

156 1742 125 60 sent
235 1742 78 60 &
266 1742 172 60 plures:
391 1742 110 60 sed
454 1742 157 60 essent
564 1742 141 60 omnes
658 1742 94 60 in
705 1742 172 60 aequali
830 1742 141 60 gradu
924 1742 110 60 sub
987 1742 157 60 specie
1096 1742 110 60 sua
1159 1742 141 60 sicut
1253 1742 125 60 sunt
1331 1742 157 60 angeli
1441 1742 110 60 sub
1504 1742 125 60 sua:
1582 1742 110 60 sed
1645 1742 110 60 sub
1707 1742 141 60 illis
1801 1742 94 60 in

156 1798 195 66 gradibus
302 1798 163 66 essent
416 1798 179 66 calores
546 1798 244 66 participati
741 1798 98 66 in
790 1798 228 66 caloribus:
969 1798 195 66 respectu
1116 1798 163 66 quorum
1230 1798 130 66 illi
1311 1798 163 66 essent
1425 1798 293 66 imparticipati:
1669 1798 81 66 &
1701 1798 114 66 per
1750 1798 114 66 essen

148 1856 152 64 tiam.
249 1856 236 64 Veruntamen
435 1856 286 64 intelligendum
671 1856 135 64 quod
755 1856 185 64 triplex
890 1856 118 64 est
957 1856 270 64 participatio
1176 1856 101 64 in
1227 1856 118 64 qua
1294 1856 253 64 participans
1496 1856 185 64 dicitur
1631 1856 169 64 habere
1732 1856 135 64 formam

146 1905 186 69 aliquam
281 1905 118 69 per
349 1905 338 69 participationem:
637 1905 85 69 &
670 1905 186 69 econtra
806 1905 118 69 est
873 1905 186 69 aliquid
1009 1905 118 69 per
1076 1905 220 69 essentiam
1245 1905 271 69 tripliciter.
1465 1905 118 69 Est
1533 1905 135 69 enim
1617 1905 186 69 quaedam
1736 1905 135 69 parti-

150 1957 177 66 cipatio
278 1957 161 66 formae
391 1957 80 66 a
423 1957 177 66 materia
551 1957 112 66 vel
616 1957 128 66 quae
696 1957 112 66 est
760 1957 177 66 materia
889 1957 177 66 tantum,
1017 1957 161 66 qualis
1129 1957 112 66 est
1194 1957 257 66 participatio
1402 1957 161 66 omnium
1515 1957 193 66 formarum
1659 1957 241 66 substantia-

148 2011 135 60 lium
232 2011 269 60 materialium,
451 2011 118 60 vel
518 2011 135 60 quae
603 2011 118 60 est
670 2011 185 60 materia
805 2011 84 60 &
838 2011 236 60 subiectum,
1023 2011 168 60 qualis
1141 2011 118 60 est
1209 2011 269 60 participatio
1427 2011 168 60 omnium
1545 2011 202 60 formarum
1680 2011 185 60 accidenta

152 2068 153 57 lium.
254 2068 85 57 &
288 2068 102 57 ex
339 2068 204 57 opposito
491 2068 136 57 huic
576 2068 305 57 participationi
831 2068 153 57 forma
933 2068 204 57 separata
1085 2068 170 57 tertio
1204 2068 170 57 genere
1323 2068 272 57 separationis
1544 2068 153 57 esset
1645 2068 136 57 tale
1730 2068 119 57 per
1781 2068 85 57 es-

151 2122 187 55 sentiam
287 2122 85 55 &
321 2122 306 55 imparticipata.
576 2122 136 55 Alia
660 2122 136 55 vero
745 2122 119 55 est
813 2122 272 55 participatio
1034 2122 170 55 formae
1153 2122 255 55 vniuersalis
1357 2122 85 55 a
1391 2122 255 55 particulari
1594 2122 102 55 in
1645 2122 102 55 eo
1696 2122 136 55 quod
1764 2122 102 55 nul-

150 2172 119 59 lum
218 2172 290 59 particularium
457 2172 205 59 continet
611 2172 256 59 totalitatem
815 2172 222 59 essentiae
986 2172 188 59 illius:
1122 2172 154 59 licet
1225 2172 222 59 contineat
1395 2172 256 59 totalitatem
1600 2172 171 59 gradus
1702 2172 154 59 ipsius.

149 2223 97 70 Et
197 2223 130 70 tali
278 2223 292 70 participatione
522 2223 146 70 forma
619 2223 130 70 illa
700 2223 195 70 separata
846 2223 146 70 esset
943 2223 243 70 participans
1138 2223 162 70 formam
1251 2223 178 70 speciei
1381 2223 146 70 licet
1478 2223 113 70 non
1543 2223 146 70 esset
1640 2223 97 70 ab
1689 2223 130 70 alio
1754 2223 113 70 perti

145 2281 185 64 cipata:
280 2281 84 64 &
313 2281 151 64 forma
414 2281 202 64 existens
565 2281 101 64 in
615 2281 185 64 materia
750 2281 151 64 esset
850 2281 252 64 participans
1052 2281 151 64 forma
1153 2281 202 64 speciei:
1304 2281 84 64 &
1337 2281 252 64 participata
1539 2281 84 64 a
1573 2281 218 64 subiecto.
1724 2281 134 64 Tertio

148 2331 133 70 modo
232 2331 117 70 est
298 2331 267 70 participatio
515 2331 150 70 vnius
615 2331 167 70 formae
732 2331 233 70 singularis
915 2331 100 70 ab
965 2331 133 70 alia
1048 2331 150 70 forma
1148 2331 233 70 singulari:
1332 2331 83 70 &
1365 2331 117 70 hoc
1432 2331 117 70 aut
1498 2331 117 70 per
1565 2331 217 70 naturalem
1715 2331 150 70 existen

150 2393 154 64 tiam,
253 2393 120 64 aut
321 2393 120 64 per
390 2393 189 64 quandam
527 2393 240 64 positionem
716 2393 120 64 aut
784 2393 240 64 fictionem.
973 2393 154 64 Primo
1076 2393 137 64 modo
1162 2393 223 64 quaelibet
1333 2393 154 64 forma
1436 2393 172 64 creata
1556 2393 240 64 participat
1728 2393 137 64 formam

152 2441 216 70 increatam,
322 2441 93 70 vt
368 2441 216 70 mensuratum
538 2441 185 70 mensuram
677 2441 139 70 suam.
770 2441 77 70 &
801 2441 108 70 hoc
862 2441 155 70 maxime
971 2441 185 70 secundum
1110 2441 139 70 illud
1202 2441 124 70 quod
1280 2441 108 70 est
1342 2441 155 70 omnium
1450 2441 247 70 conmunissim.
1651 2441 185 70 scilicet
1774 2441 93 70 esse

154 2494 171 64 propter
279 2494 124 64 quod
356 2494 140 64 forma
450 2494 155 64 diuina
559 2494 171 64 dicitur
683 2494 124 64 esse
761 2494 171 64 mensura
885 2494 93 64 in
932 2494 155 64 genere
1040 2494 140 64 entis
1134 2494 249 64 simpliciter:
1336 2494 109 64 sub
1398 2494 109 64 qua
1460 2494 109 64 est
1522 2494 155 64 ponere
1631 2494 202 64 specialem
1771 2494 93 64 men-

144 2549 143 61 suram
240 2549 96 61 in
287 2549 207 61 vnoquoque
447 2549 159 61 genere
558 2549 143 61 vsque
654 2549 96 61 ad
701 2549 287 61 specialissima:
940 2549 111 61 sub
1004 2549 159 61 quibus
1116 2549 127 61 sunt
1195 2549 127 61 sola
1275 2549 223 61 indiuidua:
1450 2549 143 61 inter
1545 2549 127 61 quae
1625 2549 159 61 nuilum
1737 2549 111 61 est
1784 2549 80 61 men

150 2601 135 64 sura
234 2601 202 64 aliorum:
386 2601 118 64 sed
453 2601 151 64 omnia
554 2601 135 64 sunt
638 2601 202 64 aequalis
790 2601 168 64 gradus
908 2601 118 64 sub
975 2601 168 64 specie
1093 2601 101 64 in
1143 2601 252 64 substantiis
1345 2601 236 64 separatis.
1530 2601 84 64 &
1564 2601 135 64 ideo
1648 2601 135 64 esse
1732 2601 101 64 in
1766 2601 101 64 crea

145 2655 146 64 turis
242 2655 178 64 dicitur
372 2655 178 64 quaedam
501 2655 162 64 diuina
615 2655 259 64 participatio
826 2655 195 64 secundum
971 2655 130 64 quod
1053 2655 146 64 supra
1150 2655 211 64 expositum
1312 2655 113 64 est
1377 2655 97 64 in
1425 2655 146 64 prima
1523 2655 243 64 quaestione.
1717 2655 178 64 Secundo

151 2717 139 66 autem
243 2717 123 66 mode
320 2717 185 66 scilicet
459 2717 108 66 non
520 2717 108 66 per
582 2717 200 66 naturalem
736 2717 247 66 existentiam:
936 2717 108 66 sed
998 2717 108 66 per
1060 2717 216 66 positionem
1229 2717 108 66 aut
1291 2717 200 66 fictionem
1445 2717 200 66 quaelibet
1599 2717 139 66 forma
1692 2717 92 66 in
1722 2717 139 66 materia

155 2773 261 61 participaret
367 2773 147 61 ideam
465 2773 229 61 Platonicam
644 2773 82 61 &
677 2773 163 61 formam
791 2773 98 61 de
840 2773 114 61 qua
906 2773 212 61 loquimur:
1069 2773 82 61 &
1102 2773 131 61 ipsa
1183 2773 147 61 forma
1281 2773 147 61 talis
1379 2773 114 61 vel
1445 2773 131 61 idea
1526 2773 147 61 esset
1624 2773 131 61 quid
1706 2773 114 61 per
1755 2773 114 61 essen

147 2822 131 58 tiam
228 2822 311 58 imparticipatum.
490 2822 98 58 Et
539 2822 131 58 quia
621 2822 131 58 tale
703 2822 131 58 quid
785 2822 115 58 non
850 2822 147 58 habet
949 2822 131 58 esse
1030 2822 115 58 per
1096 2822 196 58 naturam,
1243 2822 131 58 quia
1325 2822 115 58 sub
1390 2822 164 58 specie
1505 2822 278 58 specialissima
1734 2822 115 58 non
1783 2822 82 58 est

152 2869 247 68 participatio
352 2869 124 68 nisi
430 2869 108 68 per
492 2869 263 68 aequalitatem,
708 2869 124 68 nisi
785 2869 139 68 forte
878 2869 93 68 in
924 2869 185 68 animabus
1063 2869 185 68 humanis:
1202 2869 124 68 quid
1280 2869 124 68 dico
1357 2869 170 68 propter
1481 2869 170 68 quendam
1604 2869 201 68 articulum
1743 2869 124 68 episco

155 2933 95 64 pi
203 2933 110 64 qui
266 2933 142 64 ponit
360 2933 126 64 quod
439 2933 142 64 anima
533 2933 173 64 Christi
660 2933 95 64 in
707 2933 299 64 substantialibus
959 2933 189 64 nobilior
1101 2933 110 64 est
1164 2933 126 64 quam
1243 2933 142 64 anima
1337 2933 158 64 ludae:
1448 2933 126 64 quem
1526 2933 158 64 negare
1637 2933 110 64 non
1700 2933 142 64 volo:
1778 2933 95 64 Gre-

159 2989 159 59 gorius
270 2989 143 59 tamen
365 2989 143 59 libro
460 2989 127 59 xxi.
540 2989 143 59 mora.
635 2989 190 59 exponens
777 2989 143 59 illud
872 2989 127 59 lob.
952 2989 143 59 xxxi.
1047 2989 174 59 Numquid
1174 2989 111 59 non
1237 2989 95 59 in
1285 2989 95 59 vt
1332 2989 111 59 ero
1395 2989 143 59 fecit
1491 2989 95 59 me
1538 2989 111 59 qui
1602 2989 79 59 &
1633 2989 143 59 illum
1712 2989 159 59 operatus

152 3036 133 63 est:
236 3036 150 63 dicit
336 3036 133 63 sic.
419 3036 150 63 Magna
519 3036 117 63 est
586 3036 167 63 virtus
702 3036 250 63 humilitatis
902 3036 250 63 considerata
1102 3036 250 63 aequalitate
1302 3036 267 63 conditionis.
1519 3036 150 63 omnes
1619 3036 167 63 namque
1719 3036 150 63 homines

156 3088 187 57 secundum
297 3088 172 57 naturam
422 3088 187 57 aequales
562 3088 141 57 sunt:
656 3088 109 57 sed
719 3088 172 57 accidit
843 3088 265 57 dispensatorio
1062 3088 156 57 ordine
1171 3088 94 57 vt
1218 3088 203 57 quibusdam
1374 3088 187 57 praelati
1515 3088 219 57 videantur.
1687 3088 94 57 Si
1733 3088 125 57 ergo
1796 3088 78 57 hoc

145 3144 88 79 a
181 3144 159 79 mente
286 3144 229 79 deponimus
463 3144 141 79 quod
551 3144 282 79 temporaliter
780 3144 229 79 accessit,
956 3144 229 79 inuenimus
1132 3144 176 79 citius
1255 3144 141 79 quod
1343 3144 264 79 naturaliter
1555 3144 176 79 sumus.
1678 3144 106 79 Si
1731 3144 176 79 emapud
