2445 3723
477 288 141 71 tuti.
571 288 188 71 Seruiens
712 288 125 71 enim
791 288 157 71 vtilis
900 288 110 71 est
963 288 94 71 ei
1010 288 110 71 cui
1073 288 172 71 seruit:
1198 288 78 71 &
1229 288 125 71 ille
1308 288 110 71 cui
1370 288 188 71 seruitur
1512 288 157 71 vtilis
1621 288 110 71 est
1684 288 219 71 seruienti.
1856 288 110 71 Sed
1919 288 188 71 cuiusque
2060 288 219 71 vtilitatis
2217 288 78 71 pro

476 364 151 70 prius
577 364 151 70 modus
678 364 135 70 est:
762 364 84 70 &
796 364 135 70 alia
880 364 202 70 maneria:
1031 364 84 70 &
1065 364 118 70 hoc
1132 364 135 70 quia
1216 364 202 70 vtilitas
1368 364 118 70 qua
1435 364 202 70 superior
1586 364 168 70 vtilis
1704 364 118 70 est
1772 364 202 70 subdito,
1923 364 118 70 est
1990 364 219 70 profectus
2142 364 151 70 subditi

490 415 126 64 sine
569 415 110 64 quo
632 415 110 64 non
695 415 158 64 posset
806 415 142 64 esse:
900 415 189 64 vtilitas
1042 415 126 64 vero
1121 415 126 64 quae
1200 415 189 64 inferior
1342 415 158 64 vtilis
1452 415 110 64 est
1515 415 221 64 superiori,
1689 415 110 64 est
1752 415 221 64 necessitas
1925 415 126 64 sine
2004 415 110 64 qua
2067 415 110 64 non
2130 415 158 64 posset
2225 415 63 64 be

494 470 86 64 ne
537 470 129 64 esse:
623 470 100 64 sed
680 470 72 64 a
709 470 100 64 suo
766 470 115 64 fine
838 470 186 64 exequendo
981 470 86 64 in
1024 470 115 64 casu
1096 470 229 64 impediretur.
1282 470 158 64 Propter
1397 470 115 64 quid
1469 470 100 64 cum
1526 470 129 64 dicit
1612 470 215 64 philosophus
1784 470 115 64 quod
1856 470 158 64 sapiens
1971 470 100 64 per
2028 470 86 64 se
2057 470 229 64 sufficientissi

485 522 113 68 mus
549 522 129 68 est,
630 522 194 68 apponit.
775 522 161 68 Melius
888 522 145 68 autem
985 522 145 68 forte
1082 522 258 68 cooperatores
1292 522 177 68 habere.
1421 522 113 68 vbi
1485 522 145 68 dicit
1582 522 177 68 Commen.
1711 522 113 68 Hoc
1776 522 177 68 autenm.
1905 522 194 68 scilicet
2050 522 161 68 forte,
2147 522 145 68 adiacet

499 581 173 64 quoniam
625 581 141 64 circa
719 581 220 64 necessaria
892 581 173 64 corpori
1017 581 110 64 non
1080 581 94 64 ad
1127 581 235 64 felicitatem
1315 581 141 64 ipsam
1409 581 126 64 sunt
1488 581 267 64 cooperatores,
1707 581 110 64 non
1770 581 94 64 ad
1817 581 110 64 eam
1880 581 126 64 quae
1959 581 188 64 secundum
2084 581 204 64 intellectum

491 646 115 51 est
556 646 294 51 speculationem:
801 646 115 51 sed
867 646 98 51 ad
916 646 327 51 imperturbamentum
1194 646 294 51 speculationis.
1439 646 180 51 Indiget
1570 646 131 51 enim
1652 646 196 51 elixante
1799 646 164 51 olera:
1914 646 82 51 &
1946 646 147 51 aquam
2045 646 196 51 ferente:
2192 646 82 51 &
2208 646 82 51 ve-

488 677 118 66 stem
562 677 192 66 mundante,
710 677 74 66 &
740 677 192 66 totalitur
887 677 237 66 necessitatem
1080 677 192 66 faciente:
1227 677 74 66 &
1257 677 89 66 si
1301 677 103 66 his
1361 677 163 66 indiget
1479 677 103 66 vel
1538 677 163 66 extreme
1656 677 177 66 esuriens
1789 677 163 66 corpus:
1908 677 103 66 vel
1967 677 222 66 difficultur
2129 677 163 66 aegrotans

489 739 174 56 impedit
616 739 285 56 speculationem:
853 739 111 56 per
917 739 95 56 se
964 739 142 56 tamen
1059 739 332 56 sufficientissimus
1344 739 111 56 est
1407 739 174 56 propter
1534 739 222 56 paucissima
1708 739 206 56 indigere.
1867 739 174 56 Hauriet
1993 739 127 56 enim
2072 739 79 56 &
2104 739 127 56 ipse
2183 739 142 56 aquam

496 794 83 56 &
530 794 149 56 olera
629 794 216 56 elixabit.
795 794 100 56 Si
845 794 166 56 quidem
961 794 133 56 enim
1044 794 199 56 perdicum
1193 794 83 56 &
1226 794 249 56 phasianorum
1425 794 232 56 elixatione
1608 794 232 56 indigeret,
1790 794 133 56 tunc
1873 794 166 56 vtique
1989 794 149 56 esset
2089 794 199 56 indigens
2222 794 66 56 si

502 846 115 58 cut
567 846 164 58 seruus
682 846 197 58 scilicet
830 846 263 58 cupiditatis:
1043 846 148 58 sicut
1142 846 197 58 secundum
1290 846 181 58 Tullius
1421 846 99 58 de
1470 846 213 58 paradoxis
1634 846 131 58 sunt
1716 846 148 58 omnes
1815 846 181 58 improbi
1946 846 82 58 &
1979 846 164 58 fracti
2094 846 148 58 animi
2193 846 82 58 &
2225 846 99 58 ab

490 908 152 62 iecti
591 908 84 62 &
625 908 203 62 arbitrio
777 908 220 62 carentes.
946 908 135 62 Nunc
1030 908 152 62 autem
1132 908 135 62 iste
1216 908 135 62 vere
1301 908 152 62 diues
1402 908 135 62 est:
1486 908 135 62 isti
1571 908 152 62 autem
1672 908 135 62 vere
1757 908 253 62 indigentes:
1959 908 203 62 secundum
2111 908 135 62 quod
2196 908 118 62 di-

491 955 127 65 cit
563 955 145 65 idem
654 955 200 65 ibidem.
800 955 145 65 Quem
890 955 291 65 intelligimus
1127 955 218 65 diuitem,
1290 955 127 65 aut
1363 955 127 65 hoc
1435 955 182 65 verbum
1562 955 109 65 in
1617 955 127 65 quo
1690 955 182 65 homine
1817 955 218 65 ponimus:
1980 955 182 65 opinor
2107 955 109 65 in
2162 955 109 65 eo
2198 955 91 65 cui

497 1010 138 66 tanta
588 1010 199 66 possessio
741 1010 122 66 est,
818 1010 92 66 vt
864 1010 92 66 ad
909 1010 229 66 liberaliter
1093 1010 183 66 viuendum
1230 1010 153 66 facile
1337 1010 199 66 contentus
1490 1010 122 66 sit:
1567 1010 107 66 qui
1628 1010 138 66 nihil
1719 1010 183 66 quaerat,
1857 1010 138 66 nihil
1949 1010 183 66 appetat,
2086 1010 138 66 nihil
2163 1010 122 66 optetr

495 1064 219 71 amplius.
659 1064 128 71 Sed
732 1064 128 71 qui
805 1064 310 71 innumerabiles
1061 1064 274 71 cupiditates
1280 1064 183 71 habet,
1408 1064 146 71 hunc
1499 1064 183 71 quando
1627 1064 237 71 appellabo
1809 1064 201 71 diuitem
1955 1064 128 71 cum
2028 1064 146 71 ipse
2120 1064 110 71 se
2156 1064 128 71 egere

496 1114 197 60 sentiat:
643 1114 99 60 Et
693 1114 115 60 sic
758 1114 197 60 libertas
906 1114 181 60 hominis
1037 1114 115 60 qua
1103 1114 148 60 liber
1202 1114 197 60 dicitur,
1349 1114 115 60 est
1415 1114 197 60 facultas
1563 1114 131 60 quae
1645 1114 164 60 solun:
1760 1114 131 60 modo
1842 1114 213 60 ordinatur
2006 1114 99 60 ad
2055 1114 181 60 seipsum
2187 1114 82 60 &
2203 1114 82 60 non

503 1169 105 62 ad
556 1169 175 62 alium.
679 1169 88 62 &
714 1169 123 62 hoc
784 1169 263 62 quemadmodum
994 1169 158 62 dicit
1100 1169 210 62 Auicenna
1257 1169 105 62 de
1310 1169 175 62 libera
1433 1169 210 62 scientia
1591 1169 158 62 primo
1696 1169 298 62 metaphysicae.
1941 1169 140 62 Haec
2029 1169 210 62 scientia
2187 1169 140 62 adeo

498 1222 121 58 alta
574 1222 106 58 est
634 1222 121 58 quod
710 1222 121 58 ipsa
786 1222 106 58 non
847 1222 182 58 dignatur
983 1222 121 58 esse
1059 1222 152 58 vtilis
1165 1222 137 58 aliis
1256 1222 212 58 scientiis:
1423 1222 182 58 caeterae
1560 1222 121 58 vero
1636 1222 197 58 scientiae
1787 1222 121 58 sunt
1863 1222 152 58 vtiles
1969 1222 91 58 ad
2015 1222 121 58 eam,
2091 1222 228 58 quemadmodum

500 1277 136 62 etiam
591 1277 106 62 vbi
651 1277 136 62 supra
742 1277 181 62 secundum
878 1277 212 62 philosopum
1044 1277 121 62 sola
1120 1277 181 62 scientia
1256 1277 121 62 ista
1331 1277 151 62 libera
1437 1277 106 62 est
1498 1277 121 62 quae
1573 1277 197 62 suiipsius
1725 1277 136 62 cauam
1815 1277 106 62 est
1876 1277 227 62 desiderata:
2057 1277 76 62 &
2087 1277 106 62 non
2133 1277 151 62 alicuius

501 1330 182 67 commodi
634 1330 182 67 gratia:
766 1330 116 67 sed
832 1330 182 67 omnibus
964 1330 265 67 existentibus
1179 1330 248 67 necessariis
1378 1330 215 67 quaeritur
1543 1330 182 67 propter
1675 1330 198 67 seipsam:
1824 1330 83 67 &
1857 1330 116 67 non
1923 1330 182 67 propter
2056 1330 182 67 aliquam
2171 1330 116 67 aliam

509 1383 229 71 vtilitatem
689 1383 131 71 quae
770 1383 98 71 in
820 1383 131 71 ipsa
901 1383 213 71 prouenire
1065 1383 164 71 posset
1179 1383 98 71 ex
1229 1383 115 71 ea.
1294 1383 131 71 vnde
1376 1383 115 71 non
1441 1383 115 71 est
1507 1383 131 71 nisi
1588 1383 213 71 liberorum
1752 1383 164 71 quibus
1867 1383 147 71 omnia
1965 1383 213 71 suppetunt
2128 1383 196 71 necessa-

505 1434 123 72 ria,
582 1434 92 72 vt
628 1434 139 72 sicut
720 1434 123 72 homo
797 1434 139 72 liber
890 1434 108 72 non
951 1434 108 72 est
1013 1434 169 72 propter
1136 1434 139 72 alios
1228 1434 92 72 vt
1275 1434 108 72 pro
1336 1434 139 72 illis
1429 1434 185 72 oporteat
1567 1434 108 72 eum
1629 1434 246 72 sollicitari,
1829 1434 108 72 sic
1891 1434 108 72 nec
1952 1434 169 72 indiget
2075 1434 139 72 aliis
2168 1434 92 72 vt
2214 1434 108 72 pro

503 1497 127 58 pter
583 1497 112 58 eum
646 1497 175 58 tanquam
774 1497 159 58 vtiles
886 1497 127 58 sibi
965 1497 191 58 oporteat
1109 1497 175 58 aliquos
1236 1497 255 58 sollicitari.
1443 1497 127 58 Vnde
1523 1497 96 58 de
1571 1497 159 58 felici
1682 1497 223 58 felicitate
1858 1497 239 58 speculatiua
2049 1497 191 58 secundum
2176 1497 112 58 scien

499 1543 115 76 tiam
570 1543 158 76 liberam
685 1543 115 76 quae
757 1543 187 76 sapientia
901 1543 172 76 dicitur,
1030 1543 101 76 qua
1088 1543 129 76 etiam
1174 1543 115 76 vere
1246 1543 129 76 liber
1332 1543 115 76 homo
1404 1543 115 76 est,
1476 1543 129 76 dicit
1562 1543 230 76 philosophus.
1749 1543 86 76 x.
1792 1543 201 76 ethicorum.
1950 1543 101 76 Per
2008 1543 86 76 se
2051 1543 101 76 est
2094 1543 201 76 sufficientis

502 1595 177 68 simus.
626 1595 124 68 vbi
697 1595 159 68 dicit
803 1595 283 68 Commentator.
1032 1595 194 68 Propter
1174 1595 247 68 paucissima
1368 1595 230 68 indigere.
1545 1595 194 68 Hauriet
1686 1595 141 68 enim
1775 1595 141 68 ipse
1863 1595 159 68 aquam
1969 1595 88 68 &
2004 1595 159 68 olera
2093 1595 194 68 elixabit.

503 1652 144 58 Vnde
593 1652 234 58 apostolus
773 1652 126 58 qui
845 1652 162 58 dixit
953 1652 198 58 tanquam
1096 1652 144 58 vere
1186 1652 162 58 liber
1294 1652 180 58 primae
1420 1652 234 58 Corinthi.
1600 1652 126 58 ix.
1672 1652 126 58 Cum
1744 1652 162 58 essem
1851 1652 162 58 liber
1959 1652 108 58 ex
2013 1652 216 58 omnibus.
2157 1652 126 58 Glos.

498 1704 111 71 id
553 1704 129 71 est
627 1704 203 71 nullius
774 1704 203 71 meritis
922 1704 240 71 obnoxius,
1107 1704 166 71 dicit
1217 1704 203 71 Actuum.
1365 1704 129 71 xx.
1439 1704 222 71 Argentum
1605 1704 92 71 &
1642 1704 166 71 aurum
1753 1704 129 71 aut
1827 1704 185 71 vestem
1956 1704 203 71 nullius
2085 1704 203 71 concupiui

507 1764 195 66 quoniam
649 1764 106 66 ad
702 1764 106 66 ea
755 1764 142 66 quae
844 1764 142 66 mihi
932 1764 142 66 opus
1021 1764 159 66 erant
1127 1764 319 66 ministrauerunt
1393 1764 159 66 manus
1499 1764 177 66 istae.
1623 1764 142 66 Hinc
1711 1764 159 66 dicit
1818 1764 248 66 Hieronymus
2012 1764 106 66 ad
2066 1764 248 66 Heliodorum

509 1816 121 69 Apud
584 1816 166 69 Graecos
705 1816 227 69 philosophos
887 1816 121 69 ille
962 1816 181 69 laudatur
1099 1816 106 69 qui
1159 1816 121 69 omne
1235 1816 106 69 quo
1295 1816 197 69 vtebatur,
1446 1816 121 69 manu
1522 1816 106 69 sua
1582 1816 151 69 factum
1688 1816 197 69 gloriatus
1839 1816 121 69 est.
1915 1816 91 69 Ex
1960 1816 151 69 quibus
2066 1816 181 69 sumuntur
2187 1816 106 69 aliae

510 1871 121 57 duae
585 1871 257 57 differentiae:
797 1871 75 57 &
827 1871 106 57 sic
887 1871 226 57 coniungendo
1068 1871 242 57 differentias
1265 1871 166 57 quinque
1385 1871 106 57 cum
1446 1871 196 57 facultate
1597 1871 121 57 quod
1672 1871 106 57 est
1733 1871 136 57 genus
1823 1871 226 57 libertatis,
2004 1871 121 57 dico
2080 1871 121 57 quod
2140 1871 151 57 libertas

502 1918 105 71 est
562 1918 181 71 facultas
698 1918 120 71 quae
773 1918 120 71 quis
848 1918 150 71 actiue
953 1918 150 71 potest
1059 1918 135 71 bonum
1149 1918 150 71 facere
1254 1918 120 71 sibi
1329 1918 105 71 non
1389 1918 181 71 indigens
1525 1918 150 71 altero
1630 1918 90 71 ad
1675 1918 120 71 hoc.
1750 1918 75 71 &
1781 1918 105 71 sic
1841 1918 165 71 oportet
1961 1918 90 71 si
2006 1918 105 71 sit
2066 1918 181 71 libertas
2202 1918 120 71 quod

511 1989 129 47 opus
592 1989 113 47 quo
656 1989 146 47 bonum
753 1989 194 47 acquiret
899 1989 129 47 suum
980 1989 129 47 agat
1061 1989 97 47 ex
1109 1989 210 47 principio
1271 1989 129 47 quod
1352 1989 113 47 est
1417 1989 97 47 in
1465 1989 129 47 ipso
1546 1989 113 47 per
1611 1989 97 47 se
1659 1989 81 47 &
1692 1989 162 47 primo.
1805 1989 81 47 &
1837 1989 129 47 haec
1918 1989 113 47 est
1983 1989 146 47 quita
2064 1989 226 47 differentia.

512 2031 120 67 Sed
581 2031 86 67 &
615 2031 120 67 hoc
684 2031 224 67 contingit
856 2031 155 67 adhuc
959 2031 224 67 potentiae
1131 2031 138 67 pure
1217 2031 224 67 naturali.
1389 2031 103 67 Vt
1441 2031 138 67 enim
1527 2031 189 67 dicitur
1665 2031 103 67 in
1716 2031 138 67 fine
1802 2031 172 67 quarti
1923 2031 258 67 Meteororum,
2112 2031 172 67 vniuersa

507 2082 129 58 sunt
587 2082 258 58 determinata,
797 2082 81 58 &
829 2082 97 58 vt
877 2082 193 58 dicitur.
1022 2082 113 58 ii.
1087 2082 145 58 caeli
1183 2082 81 58 &
1215 2082 161 58 mundi,
1328 2082 97 58 ex
1376 2082 113 58 eis
1441 2082 129 58 sunt
1521 2082 113 58 qui
1586 2082 209 58 recipiunt
1747 2082 113 58 rem
1811 2082 145 58 bonam
1908 2082 113 58 per
1972 2082 242 58 operationem
2165 2082 145 58 vnam:

509 2135 88 62 &
545 2135 105 62 ex
597 2135 123 62 eis
668 2135 141 62 sunt
755 2135 123 62 qui
826 2135 228 62 recipiunt
1001 2135 123 62 eam
1072 2135 123 62 per
1142 2135 264 62 operationes
1353 2135 193 62 multas.
1493 2135 193 62 Propter
1634 2135 123 62 hoc
1704 2135 105 62 in
1757 2135 281 62 descriptione
1985 2135 246 62 libertatis
2161 2135 123 62 opor-

510 2188 106 60 tet
570 2188 151 60 addere
676 2188 76 60 &
706 2188 151 60 dicere
812 2188 121 60 quod
888 2188 181 60 scilicet
1024 2188 106 60 est
1084 2188 181 60 facultas
1220 2188 106 60 qua
1281 2188 121 60 quis
1356 2188 151 60 potest
1462 2188 136 60 bonum
1553 2188 166 60 operari
1674 2188 121 60 sibi
1749 2188 151 60 absque
1855 2188 181 60 alterius
1991 2188 212 60 indigentia
2157 2188 91 60 ex
2187 2188 91 60 prin

511 2242 144 56 cipio
607 2242 96 56 in
655 2242 144 56 ipso:
751 2242 80 56 &
783 2242 112 56 hoc
847 2242 208 56 vltraneo.
1008 2242 80 56 &
1040 2242 112 56 est
1104 2242 144 56 sexta
1200 2242 256 56 differentia,
1408 2242 112 56 per
1472 2242 128 56 quid
1552 2242 224 56 excluditur
1728 2242 176 56 impetus
1857 2242 112 56 quo
1921 2242 192 56 potentia
2065 2242 128 56 pure
2145 2242 176 56 natura-

507 2296 111 65 lis
571 2296 111 65 per
634 2296 238 65 operationem
825 2296 127 65 suam
904 2296 159 65 potest
1015 2296 95 65 in
1063 2296 127 65 suum
1142 2296 190 65 proprium
1285 2296 159 65 bonum.
1396 2296 111 65 Sed
1460 2296 127 65 quia
1539 2296 79 65 &
1571 2296 111 65 hoc
1634 2296 159 65 potest
1745 2296 238 65 intellectus
1936 2296 111 65 quo
1999 2296 95 65 ad
2047 2296 143 65 actus
2142 2296 111 65 sui
2190 2296 95 65 exer

515 2354 152 65 citium
621 2354 152 65 quando
727 2354 152 65 factus
833 2354 91 65 in
879 2354 152 65 actum,
985 2354 106 65 per
1046 2354 273 65 intellectionem
1273 2354 197 65 simplicem
1425 2354 197 65 discurrit
1577 2354 212 65 diuidendo,
1744 2354 228 65 componendo,
1926 2354 76 65 &
1956 2354 228 65 conferendo:
2138 2354 106 65 ita
2199 2354 121 65 quod

507 2403 99 69 si
557 2403 149 69 nihil
656 2403 199 69 addendum
805 2403 149 69 esset
905 2403 99 69 ex
954 2403 149 69 parte
1054 2403 232 69 libertatis
1236 2403 99 69 in
1285 2403 215 69 voluntate
1451 2403 132 69 quod
1534 2403 116 69 non
1600 2403 149 69 esset
1699 2403 99 69 in
1749 2403 215 69 libertate
1914 2403 265 69 intellectus:
2129 2403 182 69 pariter
2245 2403 50 69 &

508 2467 144 60 aeque
604 2467 160 60 libere
715 2467 176 60 essent,
843 2467 176 60 excepto
971 2467 144 60 tamen
1066 2467 176 60 aliquo,
1194 2467 96 60 vt
1242 2467 112 60 iam
1306 2467 191 60 dicetur.
1449 2467 128 60 quia
1529 2467 176 60 constat
1657 2467 128 60 quod
1737 2467 239 60 intellectus
1928 2467 96 60 ab
1976 2467 207 60 exercitio
2135 2467 112 60 sui
2183 2467 112 60 actus

504 2511 172 64 potest
624 2511 189 64 retrahi
762 2511 120 64 per
830 2511 241 64 voluntatem
1020 2511 86 64 &
1054 2511 189 64 impelli
1192 2511 103 64 in
1243 2511 172 64 ipsum.
1364 2511 241 64 Voluntatis
1553 2511 138 64 enim
1639 2511 189 64 imperio
1776 2511 258 64 intellectus
1983 2511 86 64 a
2017 2511 172 64 dictis
2120 2511 172 64 operibus

505 2570 124 61 suis
582 2570 232 61 retrahitur:
768 2570 77 61 &
799 2570 93 61 in
845 2570 124 61 ipsa
923 2570 217 61 impellitur
1093 2570 93 61 ad
1140 2570 170 61 libitum
1264 2570 217 61 voluntatis
1434 2570 186 61 secundum
1574 2570 124 61 quod
1651 2570 201 61 experimur
1806 2570 93 61 in
1853 2570 155 61 nobis.
1961 2570 186 61 Voluntas
2101 2570 139 61 autem
2178 2570 124 61 tantam

507 2620 224 63 libertatem
683 2620 144 63 habet
779 2620 128 63 quod
858 2620 80 63 a
890 2620 144 63 nullo
986 2620 96 63 in
1034 2620 144 63 actum
1130 2620 128 63 suum
1210 2620 176 63 impelli
1338 2620 176 63 potest:
1465 2620 112 63 nec
1529 2620 96 63 ab
1577 2620 128 63 ipso
1657 2620 96 63 ab
1705 2620 128 63 alio
1785 2620 192 63 retrahi:
1929 2620 112 63 sed
1993 2620 160 63 absque
2104 2620 176 63 impulsu
2216 2620 80 63 va-

508 2679 116 59 dit
575 2679 99 59 in
624 2679 132 59 suum
707 2679 166 59 actum:
823 2679 83 59 &
856 2679 166 59 absque
972 2679 132 59 alio
1055 2679 232 59 retrahente
1237 2679 99 59 ab
1286 2679 132 59 isto
1369 2679 166 59 cessat
1485 2679 83 59 a
1518 2679 116 59 suo
1584 2679 132 59 actu
1667 2679 215 59 vltraneo.
1833 2679 132 59 Quod
1915 2679 166 59 aliqui
2031 2679 182 59 quantum
2147 2679 149 59 apparet

515 2729 101 65 ex
566 2729 118 65 suo
633 2729 151 65 dicto
734 2729 218 65 concedunt
902 2729 101 65 de
952 2729 218 65 voluntate
1120 2729 185 65 quantum
1254 2729 101 65 ad
1305 2729 151 65 actus
1406 2729 118 65 sui
1473 2729 235 65 ingressum:
1658 2729 151 65 licet
1758 2729 168 65 negent
1876 2729 118 65 hoc
1943 2729 185 65 quantum
2078 2729 101 65 ad
2128 2729 151 65 actus
2212 2729 84 65 sui

508 2782 257 60 cessationem:
717 2782 193 60 dicentes
862 2782 129 60 quod
942 2782 193 60 voluntas
1087 2782 193 60 sequitur
1232 2782 225 60 necessario
1409 2782 193 60 iudicium
1553 2782 209 60 rationis:
1714 2782 145 60 quia,
1811 2782 96 60 vt
1859 2782 177 60 dicunt,
1987 2782 129 60 etsi
2068 2782 225 60 necessario
2229 2782 64 60 mo

508 2838 167 70 ueatur
625 2838 100 70 ad
676 2838 184 70 aliquid
809 2838 201 70 volendum
960 2838 151 70 adhuc
1060 2838 117 70 non
1127 2838 234 70 excluditur
1311 2838 217 70 libertas.
1478 2838 117 70 Non
1545 2838 134 70 enim
1629 2838 217 70 sequitur:
1796 2838 117 70 hoc
1863 2838 117 70 est
1930 2838 268 70 necessarium:
2147 2838 134 70 ergo
2214 2838 84 70 non

512 2893 127 60 est
585 2893 273 60 voluntarium
803 2893 146 60 siue
894 2893 218 60 liberum,
1058 2893 146 60 quia
1149 2893 146 60 enim
1240 2893 164 60 actus
1349 2893 237 60 actiuorum
1531 2893 146 60 sunt
1622 2893 109 60 in
1677 2893 218 60 patiente
1841 2893 91 60 &
1877 2893 255 60 disposito:
2078 2893 146 60 ideo
2169 2893 127 60 cum
2223 2893 73 60 vo

516 2943 155 72 luntas
624 2943 186 72 secundum
763 2943 93 72 se
810 2943 108 72 sit
871 2943 155 72 libera
980 2943 170 72 recipit
1104 2943 186 72 motionem
1243 2943 217 72 volitionis
1413 2943 186 72 secundum
1552 2943 139 72 modum
1645 2943 170 72 naturae
1769 2943 124 72 suae
1846 2943 186 72 scilicet
1986 2943 170 72 libere:
2109 2943 170 72 quamuis
2218 2943 77 72 ne-

510 2996 246 58 cessario.
699 2996 95 58 &
737 2996 132 58 est
813 2996 227 58 exemplum
983 2996 114 58 de
1040 2996 189 58 seruo:
1172 2996 132 58 qui
1248 2996 246 58 inquantum
1437 2996 208 58 mouetur
1589 2996 114 58 ad
1646 2996 265 58 praeceptum
1854 2996 189 58 domini
1986 2996 132 58 sui
2062 2996 265 58 quodammodo

513 3051 192 60 mouetur
652 3051 245 60 necessario
844 3051 87 60 &
879 3051 157 60 tamen
984 3051 192 60 libere:
1124 3051 140 60 quia
1211 3051 279 60 complacenter
1438 3051 157 60 illud
1543 3051 245 60 exequitur.
1735 3051 87 60 &
1770 3051 122 60 sic
1840 3051 105 60 in
1892 3051 227 60 voluntate
2067 3051 122 60 est
2137 3051 157 60 ratio
2224 3051 70 60 mo

518 3102 193 60 uentis:
659 3102 88 60 &
694 3102 158 60 ratio
799 3102 140 60 moti
887 3102 105 60 in
940 3102 158 60 eodem
1045 3102 228 60 simplici:
1220 3102 88 60 &
1256 3102 123 60 sic
1326 3102 158 60 mouet
1431 3102 211 60 seipsam:
1589 3102 88 60 &
1624 3102 158 60 tamen
1729 3102 246 60 necessario
1922 3102 211 60 sequitur
2080 3102 211 60 iudicium
2221 3102 70 60 ra

511 3157 170 90 tionis
630 3157 136 90 siue
715 3157 255 90 intellectus
919 3157 119 90 qui
987 3157 170 90 pensat
1106 3157 119 90 rem
1174 3157 102 90 in
1225 3157 136 90 suis
1310 3157 255 90 principiis:
1515 3157 85 90 &
1549 3157 119 90 per
1617 3157 187 90 seipsum
1753 3157 187 90 iudicat
1889 3157 187 90 libere.
2025 3157 85 90 &
2059 3157 102 90 ex
2110 3157 119 90 hac
2161 3157 136 90 liber
