2425 3719
465 370 163 93 batur
574 370 199 93 Platoni
718 370 145 93 quod
809 370 163 93 motum
917 370 109 93 ex
972 370 109 93 se
1026 370 253 93 componitur
1225 370 109 93 ex
1279 370 145 93 moto
1370 370 91 93 &
1406 370 181 93 motore
1533 370 127 93 qui
1605 370 163 93 mouet
1714 370 127 93 se.
1786 370 145 93 quod
1877 370 181 93 procul
2003 370 181 93 dubio,
2130 370 109 93 vt
2166 370 127 93 dicit

482 447 290 71 Comentator,
714 447 174 71 verum
829 447 135 71 est
907 447 116 71 de
965 447 155 71 moto
1061 447 97 71 &
1100 447 193 71 motore
1235 447 135 71 non
1313 447 155 71 moto
1409 447 193 71 omnino
1544 447 116 71 ab
1602 447 174 71 alio:
1718 447 232 71 qualiter
1892 447 213 71 mouetur
2047 447 213 71 caelum,
2201 447 97 71 &
2221 447 77 71 ho

475 498 104 75 mo
527 498 104 75 ab
579 498 174 75 anima.
700 498 87 75 A
735 498 174 75 motore
857 498 139 75 enim
944 498 156 75 caeli
1048 498 122 75 non
1117 498 191 75 mouetur
1256 498 191 75 caelum,
1395 498 156 75 neque
1499 498 139 75 homo
1586 498 208 75 secundum
1742 498 174 75 corpus
1864 498 104 75 ab
1916 498 174 75 anima,
2038 498 139 75 nisi
2124 498 139 75 quia
2194 498 104 75 moto

485 553 113 71 res
550 553 146 71 primo
647 553 162 71 mouent
760 553 97 71 se
809 553 130 71 motu
890 553 243 71 voluntatis.
1084 553 146 71 Bruta
1182 553 146 71 autem
1279 553 130 71 quod
1360 553 113 71 non
1425 553 162 71 mouent
1538 553 97 71 se
1587 553 194 71 secundum
1733 553 162 71 locum,
1846 553 113 71 hoc
1911 553 113 71 non
1976 553 113 71 est
2041 553 130 71 nisi
2122 553 130 71 quia
2187 553 113 71 prius

484 608 135 61 mota
569 608 135 61 sunt
653 608 101 61 ab
704 608 135 61 alio
788 608 203 61 secundum
940 608 236 61 appetitum.
1126 608 135 61 vnde
1210 608 203 61 sequitur
1362 608 101 61 in
1412 608 186 61 Commen.
1547 608 84 61 &
1581 608 219 61 verificat
1750 608 169 61 dictum
1868 608 203 61 Platonis
2020 608 135 61 quid
2104 608 118 61 iam
2155 608 152 61 posuit:

488 658 101 73 Et
539 658 135 73 ideo
623 658 237 73 aestimabat
809 658 152 73 Plato
911 658 118 73 &c.
978 658 203 73 subdens.
1130 658 101 73 Si
1181 658 152 73 autem
1282 658 118 73 ita
1350 658 186 73 fuerit,
1485 658 135 73 tunc
1570 658 169 73 mouens
1688 658 84 73 &
1722 658 152 73 motum
1823 658 152 73 illic
1924 658 203 73 dicuntur
2076 658 220 73 aequiuoce
2229 658 84 73 cum

488 730 138 52 motu
574 730 121 52 qui
643 730 121 52 est
713 730 138 52 hic.
799 730 104 52 Et
851 730 173 52 reuera
972 730 156 52 motus
1076 730 121 52 qui
1145 730 121 52 est
1214 730 173 52 illic.
1335 730 104 52 i.
1387 730 104 52 in
1439 730 259 52 abstractis,
1647 730 121 52 quo
1716 730 173 52 mouent
1837 730 104 52 se
1889 730 156 52 primo
1993 730 121 52 per
2062 730 259 52 voluntatem:
2252 730 52 52 &

489 768 143 73 motus
584 768 111 73 qui
648 768 111 73 est
711 768 127 73 hia.
790 768 190 73 scilicet
933 768 95 73 in
980 768 222 73 corporibus
1155 768 143 73 motis
1250 768 95 73 ab
1297 768 158 73 illis,
1408 768 127 73 puta
1487 768 190 73 caelesti
1630 768 79 73 &
1661 768 174 73 humano,
1788 768 158 73 multum
1899 768 206 73 aequiuoce
2058 768 190 73 dicitur:
2184 768 127 73 secun-

489 838 124 51 dum
560 838 142 51 quod
649 838 159 51 patet
755 838 106 51 ex
808 838 266 51 supradictis
1020 838 106 51 in
1074 838 248 51 quaestione
1268 838 195 51 secunda
1410 838 106 51 de
1463 838 142 51 motu
1552 838 248 51 voluntatis
1746 838 89 51 a
1782 838 106 51 se
1835 838 142 51 motu
1923 838 266 51 volitionis:
2136 838 89 51 &
2171 838 142 51 motu
2242 838 71 51 ca

485 875 187 69 lefacti
621 875 85 69 a
655 875 289 69 calefaciente.
892 875 119 69 Sed
960 875 136 69 quia
1045 875 153 69 istam
1147 875 322 69 aequiuocationem
1418 875 119 69 non
1486 875 153 69 vidit
1588 875 153 69 Plato
1690 875 153 69 prout
1792 875 187 69 imponit
1928 875 102 69 ei
1979 875 272 69 Commentator,
2199 875 136 69 ideo

496 931 104 61 in
548 931 121 61 hoc
617 931 173 61 statim
738 931 260 61 reprehendit
946 931 121 61 eum
1016 931 208 61 subdens.
1172 931 104 61 Et
1224 931 156 61 error
1328 931 121 61 hic
1397 931 208 61 contigit
1553 931 191 61 Platoni
1692 931 104 61 ex
1744 931 139 61 hoc.
1831 931 121 61 Sed
1900 931 156 61 primo
2004 931 208 61 antequam
2143 931 173 61 explicet

482 985 105 67 in
535 985 123 67 quo
605 985 210 67 errauit,
763 985 245 67 praemittit
956 985 193 67 quiddam
1096 985 105 67 in
1149 985 123 67 quo
1219 985 158 67 ipsum
1324 985 228 67 commendat
1499 985 193 67 dicens.
1640 985 140 67 Quia
1727 985 245 67 opinabatur
1920 985 140 67 quod
2008 985 175 67 primus
2131 985 158 67 motor
2236 985 105 67 in

491 1040 189 67 corpore
628 1040 120 67 qui
697 1040 155 67 mouet
800 1040 103 67 ex
851 1040 120 67 se,
920 1040 120 67 non
989 1040 120 67 est
1057 1040 189 67 corpus:
1195 1040 86 67 &
1229 1040 137 67 vera
1315 1040 120 67 est
1384 1040 189 67 opinio.
1521 1040 103 67 Et
1573 1040 172 67 statim
1693 1040 206 67 adiungit
1847 1040 103 67 id
1899 1040 155 67 inquo
2002 1040 155 67 ipsum
2088 1040 223 67 reprehendit

495 1090 196 72 dicens.
638 1090 107 72 Et
691 1090 214 72 opinatus
852 1090 125 72 est
923 1090 125 72 cum
994 1090 125 72 hoc
1066 1090 143 72 quod
1155 1090 160 72 omnis
1262 1090 160 72 motor
1369 1090 143 72 siue
1458 1090 178 72 fuerit
1583 1090 178 72 corpus
1708 1090 143 72 siue
1797 1090 143 72 non:
1886 1090 125 72 non
1957 1090 160 72 mouet
2064 1090 143 72 nisi
2136 1090 178 72 moueatur

497 1144 119 74 vno
565 1144 136 74 motu
650 1144 85 74 &
684 1144 153 74 dicto
785 1144 203 74 vniuoce,
938 1144 136 74 quod
1023 1144 254 74 proculdubio
1226 1144 170 74 falsum
1345 1144 136 74 est,
1429 1144 102 74 vt
1480 1144 102 74 in
1531 1144 186 74 secunda
1667 1144 237 74 quaestione
1853 1144 254 74 praecedenti
2057 1144 254 74 exposuimus.
2243 1144 68 74 Ni

497 1202 243 67 hilominus
684 1202 280 67 Aristoteles
908 1202 168 67 etiam
1021 1202 131 67 hoc
1095 1202 206 67 imponit
1245 1202 206 67 Platoni
1394 1202 168 67 circa
1506 1202 206 67 animam:
1656 1202 224 67 arguendo
1824 1202 187 67 contra
1955 1202 131 67 eum
2030 1202 112 67 in
2086 1202 168 67 primo
2179 1202 131 67 libro

497 1257 107 65 de
551 1257 160 65 anima
657 1257 160 65 super
764 1257 125 65 hoc
835 1257 142 65 quod
924 1257 142 65 ipse
1013 1257 160 65 Plato
1120 1257 178 65 posuit
1244 1257 178 65 animam
1369 1257 178 65 mouere
1494 1257 214 65 seipsam,
1654 1257 231 65 inducendo
1832 1257 231 65 argumenta
2010 1257 178 65 contra
2134 1257 160 65 verum
2223 1257 89 65 mo-

495 1317 125 59 tum
567 1317 269 59 corporalem,
781 1317 107 59 ac
835 1317 107 59 si
889 1317 161 59 Plato
996 1317 233 59 posuisset
1175 1317 179 59 animam
1301 1317 179 59 moueri
1426 1317 90 59 a
1462 1317 107 59 se
1515 1317 143 59 tali
1605 1317 143 59 motu
1694 1317 197 59 vniuoce
1838 1317 161 59 quali
1945 1317 107 59 ab
1999 1317 143 59 ista
2088 1317 197 59 mouetur
2214 1317 90 59 cor

499 1366 139 69 pus.
585 1366 121 69 Sed
655 1366 225 69 Macrobius
828 1366 104 69 in
880 1366 139 69 fine
966 1366 156 69 libri
1070 1366 121 69 sui
1139 1366 225 69 respondet
1313 1366 242 69 rationibus
1503 1366 260 69 Aristotelis
1711 1366 121 69 per
1780 1366 329 69 aequiuocationem
2057 1366 156 69 motus
2161 1366 104 69 ad
2196 1366 121 69 motum

501 1421 156 65 animae
610 1421 78 65 a
642 1421 93 65 se
688 1421 78 65 &
720 1421 140 65 motum
813 1421 203 65 corporis:
969 1421 78 65 &
1000 1421 140 65 dicit
1094 1421 125 65 quod
1171 1421 109 65 non
1234 1421 125 65 fuit
1312 1421 93 65 de
1358 1421 140 65 mente
1452 1421 187 65 Platonis
1592 1421 125 65 quod
1670 1421 140 65 anima
1764 1421 171 65 moueret
1888 1421 93 65 se
1935 1421 171 65 vniuoce
2060 1421 125 65 tali
2138 1421 125 65 motu
2216 1421 125 65 quam

495 1477 92 73 li
541 1477 169 73 mouetur
664 1477 169 73 corpus.
786 1477 92 73 Et
833 1477 108 73 per
894 1477 154 73 eundem
1001 1477 138 73 modum
1094 1477 246 73 respondendum
1293 1477 108 73 est
1355 1477 169 73 omnibus
1478 1477 215 73 rationibus
1647 1477 184 73 acceptis
1785 1477 92 73 ex
1831 1477 154 73 dictis
1938 1477 246 73 Aristotelis:
2138 1477 77 73 &
2169 1477 169 73 aliorum

504 1524 99 67 de
554 1524 182 67 motibus
686 1524 215 67 corporum,
851 1524 99 67 ad
901 1524 215 67 probandum
1066 1524 132 67 quod
1148 1524 149 67 anima
1247 1524 132 67 siue
1330 1524 198 67 voluntas
1479 1524 116 67 non
1545 1524 165 67 possit
1660 1524 165 67 mouere
1776 1524 116 67 se.
1842 1524 132 67 Vnde
1924 1524 116 67 cum
1990 1524 264 67 Aristoteles.
2188 1524 116 67 viii.

508 1581 228 66 physicorum
687 1581 130 66 ante
769 1581 163 66 dictam
883 1581 277 66 propositionem
1111 1581 147 66 dicit
1209 1581 130 66 sic.
1290 1581 179 66 Quomodo
1421 1581 114 66 est
1486 1581 212 66 possibile
1649 1581 98 66 vt
1698 1581 179 66 aliquid
1828 1581 163 66 omnium
1942 1581 245 66 naturaliter
2122 1581 179 66 convenien

497 1635 141 60 tium
586 1635 176 60 moueat
709 1635 212 60 seipsum:
868 1635 123 60 sed
938 1635 194 60 necesse
1079 1635 123 60 est
1150 1635 106 60 vt
1203 1635 159 60 motor
1309 1635 106 60 in
1361 1635 212 60 quolibet
1520 1635 159 60 eorum
1626 1635 123 60 sit
1696 1635 247 60 distinctum
1890 1635 88 60 a
1926 1635 159 60 moto:
2031 1635 88 60 &
2067 1635 106 60 vt
2120 1635 159 60 dicit
2208 1635 88 60 Com

499 1683 207 69 mentator
654 1683 156 69 debet
758 1683 138 69 esse
845 1683 242 69 distinctum
1035 1683 86 69 a
1069 1683 156 69 moto:
1173 1683 121 69 aut
1242 1683 207 69 secundum
1398 1683 277 69 definitionem
1623 1683 86 69 &
1657 1683 138 69 esse
1744 1683 173 69 simul,
1865 1683 156 69 sicut
1968 1683 138 69 ista
2055 1683 138 69 quae
2124 1683 173 69 mouentur

500 1753 96 53 ab
548 1753 240 53 extrinseco:
740 1753 112 53 aut
804 1753 192 53 secundum
949 1753 256 53 definitionem
1157 1753 176 53 tantum,
1285 1753 96 53 vt
1333 1753 112 53 est
1397 1753 224 53 dispositio
1574 1753 96 53 in
1622 1753 224 53 habentibus
1798 1753 176 53 animas.
1926 1753 144 53 Anima
2023 1753 128 53 enim
2103 1753 128 53 quam
2183 1753 112 53 est
2231 1753 64 53 mo

506 1786 98 79 tor
562 1786 84 79 in
604 1786 112 79 eis,
674 1786 225 79 distinguitur
857 1786 70 79 a
885 1786 154 79 corpore
997 1786 112 79 quod
1068 1786 98 79 est
1124 1786 140 79 motum,
1222 1786 168 79 secundum
1348 1786 239 79 definitionem:
1545 1786 126 79 licet
1629 1786 98 79 non
1685 1786 225 79 distinguatur
1868 1786 168 79 secundum
1994 1786 70 79 e
2022 1786 168 79 scilicet
2149 1786 112 79 quia
2205 1786 98 79 impos

496 1854 170 63 sibile
615 1854 119 63 est
683 1854 170 63 animam
802 1854 136 63 esse
887 1854 136 63 sine
971 1854 204 63 corpore,
1124 1854 136 63 nisi
1209 1854 238 63 aequiuoce.
1396 1854 102 63 Si
1447 1854 136 63 quis
1532 1854 136 63 ergo
1617 1854 170 63 dictum
1736 1854 119 63 hoc
1804 1854 255 63 Aristotelis
2007 1854 85 63 &
2041 1854 187 63 Commen.
2160 1854 136 63 vellet

511 1900 205 66 applicare
669 1900 95 66 ad
716 1900 221 66 spiritalia
890 1900 111 66 quo
953 1900 95 66 ad
1001 1900 142 66 motum
1095 1900 221 66 voluntatis
1269 1900 158 66 eorum:
1379 1900 189 66 Dicendum
1522 1900 189 66 secundum
1664 1900 126 66 quod
1743 1900 111 66 hic
1806 1900 142 66 dicit
1900 1900 253 66 Commentator,
2106 1900 126 66 quod
2185 1900 142 66 illud

506 1952 117 71 non
573 1952 117 71 est
640 1952 250 71 impossibile
840 1952 100 71 in
890 1952 300 71 spiritualibus:
1140 1952 117 71 sed
1206 1952 200 71 loquitur
1356 1952 250 71 Aristoteles
1557 1952 150 71 solum
1657 1952 100 71 de
1707 1952 133 71 motu
1790 1952 217 71 corporum,
1957 1952 150 71 sicut
2057 1952 150 71 etiam
2140 1952 150 71 manife-

506 2002 145 65 stant
602 2002 177 65 exempla
731 2002 289 65 Commentatoris.
972 2002 129 65 Nunc
1052 2002 145 65 autem
1148 2002 209 65 aequiuoce
1309 2002 129 65 diei
1389 2002 145 65 motus
1486 2002 96 65 de
1534 2002 129 65 motu
1614 2002 241 65 corporalium
1807 2002 80 65 &
1839 2002 257 65 spiritalium,
2048 2002 96 65 vt
2096 2002 161 65 dictum
2193 2002 96 65 est.

512 2066 154 69 Deinde
619 2066 231 69 Commentator
804 2066 169 69 repetit
927 2066 138 69 illud
1019 2066 92 69 in
1065 2066 108 69 quo
1127 2066 108 69 iam
1188 2066 184 69 Platonem
1326 2066 246 69 commendabat,
1526 2066 92 69 vt
1572 2066 138 69 addat
1665 2066 169 69 aliquae
1788 2066 123 69 quid
1865 2066 200 69 similiter
2018 2066 169 69 imponit
2141 2066 92 69 ei
2172 2066 123 69 dicens

510 2111 91 67 Et
555 2111 121 67 fuit
631 2111 227 67 impossibile
813 2111 121 67 apud
889 2111 136 67 ipsum
980 2111 91 67 vt
1025 2111 136 67 motor
1116 2111 106 67 qui
1177 2111 106 67 est
1237 2111 152 67 corpus
1343 2111 152 67 moueat
1449 2111 106 67 se:
1510 2111 76 67 &
1540 2111 197 67 similiter
1692 2111 106 67 qui
1753 2111 106 67 est
1813 2111 152 67 virtus
1919 2111 91 67 in
1965 2111 182 67 corpore.
2101 2111 76 67 &
2131 2111 121 67 tunc
2192 2111 91 67 con-

514 2160 145 70 clusit
616 2160 131 70 Plato
703 2160 87 70 ex
747 2160 102 70 hoc
805 2160 116 70 quod
878 2160 131 70 anima
965 2160 102 70 non
1023 2160 102 70 est
1081 2160 87 70 in
1125 2160 174 70 corpore:
1256 2160 73 70 &
1285 2160 116 70 quod
1358 2160 102 70 est
1416 2160 174 70 aeterna,
1547 2160 102 70 cum
1605 2160 145 70 moueat
1707 2160 102 70 se.
1765 2160 116 70 Quod
1837 2160 204 70 Commenenor
1997 2160 131 70 dicit
2084 2160 116 70 esse
2157 2160 160 70 distin-

515 2214 172 74 guendum
640 2214 94 74 in
687 2214 94 74 eo
734 2214 125 74 quid
812 2214 187 74 continuo
952 2214 172 74 subdit.
1077 2214 94 74 Et
1124 2214 109 74 hoc
1187 2214 140 74 esset
1280 2214 140 74 verum
1374 2214 94 74 si
1421 2214 140 74 anima
1514 2214 172 74 moueret
1639 2214 94 74 se
1686 2214 281 74 essentialiter.
1920 2214 109 74 Vbi
1983 2214 125 74 apte
2061 2214 156 74 innuit
2170 2214 156 74 hancdi

514 2272 216 61 stinctionem,
690 2272 108 61 quod
758 2272 135 61 mouens
852 2272 81 61 se
893 2272 95 61 aut
947 2272 122 61 mouet
1028 2272 81 61 se
1068 2272 230 61 essentialitur
1258 2272 95 61 aut
1312 2272 95 61 non
1366 2272 243 61 essentialiter.
1568 2272 68 61 &
1595 2272 149 61 dicendo
1703 2272 108 61 quod
1771 2272 95 61 hom
1825 2272 162 61 scilicet
1947 2272 108 61 quod
2014 2272 122 61 anima
2095 2272 95 61 non
2149 2272 95 61 est
2203 2272 81 61 in
2230 2272 68 61 cor

512 2317 122 76 pore
588 2317 137 76 esset
679 2317 152 76 verum,
785 2317 91 76 si
831 2317 137 76 anima
922 2317 167 76 moueret
1044 2317 91 76 se
1090 2317 274 76 essentialiter:
1318 2317 106 76 dat
1378 2317 228 76 intelligere
1561 2317 122 76 quod
1637 2317 106 76 non
1698 2317 137 76 esset
1789 2317 137 76 verum
1880 2317 91 76 si
1926 2317 137 76 anima
2017 2317 167 76 moueret
2139 2317 91 76 se
2184 2317 106 76 non
2230 2317 76 76 es-

517 2379 235 76 sentialitur:
708 2379 103 76 sed
767 2379 117 76 quod
840 2379 117 76 tunc
914 2379 117 76 bene
987 2379 147 76 posset
1090 2379 117 76 esse
1163 2379 88 76 in
1207 2379 176 76 corpore:
1339 2379 73 76 &
1368 2379 147 76 mouere
1471 2379 103 76 se.
1530 2379 88 76 Et
1574 2379 191 76 exponendo
1721 2379 117 76 quid
1794 2379 103 76 sit
1853 2379 147 76 mouere
1955 2379 88 76 se
2000 2379 264 76 essentialitur,
2205 2379 88 76 sub-

512 2436 106 68 dit
572 2436 166 68 dicens.
693 2436 91 68 Et
738 2436 166 68 moueret
859 2436 91 68 se
905 2436 121 68 motu
980 2436 166 68 proprio
1101 2436 211 68 abstractis
1267 2436 181 68 scilicet
1403 2436 91 68 vt
1448 2436 227 68 intellectus
1629 2436 76 68 &
1660 2436 227 68 intellectum
1841 2436 91 68 in
1886 2436 91 68 ea
1932 2436 151 68 essent
2037 2436 136 68 idem,
2128 2436 91 68 vt
2158 2436 136 68 declara

514 2499 106 63 tum
574 2499 106 63 est
635 2499 91 63 de
680 2499 136 63 primo
771 2499 167 63 motore:
892 2499 76 63 &
923 2499 91 63 de
968 2499 182 63 caeteris
1105 2499 197 63 motoribus
1256 2499 227 63 abstractis.
1438 2499 106 63 per
1498 2499 121 63 quod
1574 2499 182 63 intendit
1710 2499 167 63 econtra
1831 2499 121 63 quod
1907 2499 167 63 moueret
2028 2499 106 63 non
2074 2499 227 63 essentialitur

519 2542 116 64 motu
591 2542 101 64 non
649 2542 159 64 proprio
765 2542 203 64 abstractis
924 2542 174 64 scilicet
1054 2542 87 64 vt
1098 2542 217 64 intellectus
1272 2542 72 64 &
1301 2542 217 64 intellectum
1474 2542 101 64 non
1532 2542 116 64 sint
1605 2542 130 64 idem.
1692 2542 87 64 vt
1735 2542 203 64 intelligat
1894 2542 116 64 illa
1967 2542 116 64 sola
2039 2542 145 64 moueri
2141 2542 72 64 a
2170 2542 87 64 se
2199 2542 101 64 essen

518 2597 174 65 tialiter
649 2597 87 65 in
693 2597 145 65 quibus
794 2597 116 65 sunt
867 2597 116 65 idem
939 2597 218 65 intellectus
1113 2597 73 65 &
1142 2597 232 65 intellectum:
1331 2597 73 65 &
1360 2597 116 65 illa
1433 2597 145 65 moueri
1534 2597 73 65 a
1563 2597 87 65 se
1607 2597 102 65 non
1665 2597 247 65 essentialitur
1868 2597 87 65 in
1911 2597 145 65 quibus
2013 2597 102 65 non
2071 2597 116 65 sunt
2143 2597 116 65 idem
2201 2597 102 65 intel

521 2649 157 67 lectus
631 2649 79 67 &
663 2649 252 67 intellectum:
868 2649 79 67 &
899 2649 126 67 quod
978 2649 157 67 mouens
1088 2649 94 67 se
1135 2649 142 67 primo
1230 2649 126 67 modo
1308 2649 220 67 abstractum
1481 2649 110 67 est
1544 2649 189 67 solummo:
1686 2649 79 67 &
1718 2649 110 67 non
1781 2649 110 67 est
1844 2649 94 67 in
1891 2649 173 67 corpore
2017 2649 110 67 nec
2080 2649 157 67 virtus
2190 2649 94 67 in
2221 2649 79 67 cor

526 2713 128 61 pore,
611 2713 85 61 vt
654 2713 114 61 sunt
725 2713 170 61 secundum
852 2713 213 61 philosophum
1023 2713 128 61 omnes
1108 2713 156 61 motores
1222 2713 185 61 separati:
1364 2713 99 61 sed
1421 2713 142 61 mouens
1520 2713 156 61 secundo
1634 2713 114 61 modo
1705 2713 99 61 non
1761 2713 99 61 est
1818 2713 213 61 abstractum:
1989 2713 99 61 sed
2045 2713 99 61 est
2102 2713 142 61 virtus
2202 2713 85 61 in
2230 2713 71 61 cor

521 2766 141 62 pore:
615 2766 141 62 licet
709 2766 109 62 non
771 2766 94 62 de
818 2766 187 62 corporis
959 2766 187 62 potentia
1099 2766 156 62 educta
1209 2766 141 62 sicut
1302 2766 141 62 forma
1396 2766 234 62 materialis.
1584 2766 94 62 vt
1630 2766 125 62 sunt
1708 2766 187 62 secundum
1849 2766 219 62 philosopum
2021 2766 141 62 anima
2115 2766 78 62 &
2130 2766 172 62 motorcae-

520 2817 79 67 li
559 2817 197 67 coniunctus.
717 2817 118 67 vnde,
796 2817 79 67 vt
836 2817 92 67 iam
888 2817 132 67 dictum
980 2817 105 67 est.
1046 2817 158 67 secundum
1165 2817 224 67 Conmentatorem
1349 2817 197 67 impossibile
1507 2817 92 67 est
1559 2817 132 67 animam
1651 2817 105 67 esse
1717 2817 105 67 sine
1783 2817 145 67 corpore
1888 2817 105 67 nisi
1954 2817 184 67 aequiuoce,
2099 2817 105 67 quid
2151 2817 145 67 similiter

516 2859 206 74 intelligit
678 2859 88 74 de
722 2859 147 74 motore
825 2859 132 74 caeli
913 2859 206 74 coniuncto.
1074 2859 88 74 Ex
1118 2859 103 74 quo
1177 2859 132 74 patet
1265 2859 117 74 quod
1339 2859 147 74 dictum
1442 2859 117 74 suum
1515 2859 88 74 de
1559 2859 206 74 mouentibus
1721 2859 88 74 se
1765 2859 88 74 in
1809 2859 147 74 quibus
1911 2859 103 74 est
1970 2859 117 74 idem
2044 2859 220 74 intellectus
2220 2859 73 74 &
2249 2859 88 74 in

514 2921 212 72 tellectum,
680 2921 227 72 impertinens
862 2921 106 72 est
922 2921 91 72 ad
968 2921 242 72 expositionem
1164 2921 151 72 dictae
1270 2921 257 72 propositionis
1482 2921 242 72 Aristotelis.
1679 2921 227 72 Impossibile
1860 2921 106 72 est
1921 2921 121 72 quod
1996 2921 136 72 illud
2087 2921 121 72 quod
2163 2921 136 72 mouet
2238 2921 61 72 se

520 2972 144 70 moueat
620 2972 86 70 se
663 2972 172 70 secundum
792 2972 144 70 totum.
893 2972 101 70 Nec
950 2972 144 70 potest
1051 2972 115 70 dici
1123 2972 115 70 quod
1194 2972 215 70 Commentator
1367 2972 86 70 in
1410 2972 187 70 exponendo
1553 2972 129 70 illam
1640 2972 244 70 propositionem
1841 2972 101 70 per
1898 2972 101 70 hoc
1955 2972 115 70 quod
2027 2972 144 70 dicit:
2128 2972 101 70 Hoc
2185 2972 101 70 non
2228 2972 72 70 est

522 3024 250 66 impossibile,
726 3024 125 66 nisi
804 3024 94 66 in
851 3024 203 66 motoribus
1007 3024 109 66 qui
1069 3024 125 66 sunt
1147 3024 172 66 corpora
1272 3024 109 66 aut
1335 3024 188 66 virtutes
1476 3024 94 66 in
1522 3024 188 66 corpore:
1663 3024 188 66 intendit
1804 3024 125 66 quod
1882 3024 141 66 illud
1976 3024 141 66 solum
2069 3024 109 66 sit
2116 3024 172 66 possibile

517 3077 75 60 in
555 3077 200 60 spiritalibus
718 3077 75 60 in
755 3077 125 60 quibus
843 3077 100 60 idem
906 3077 88 60 est
956 3077 188 60 intellectus
1106 3077 63 60 &
1131 3077 200 60 intellectum:
1294 3077 100 60 immo
1356 3077 150 60 expresse
1469 3077 163 60 insinuat.
1594 3077 150 60 secundum
1707 3077 88 60 iam
1757 3077 113 60 dicta
1832 3077 100 60 quod
1894 3077 113 60 omnia
1970 3077 175 60 spiritalia
2107 3077 75 60 in
2145 3077 125 60 quibus
2220 3077 75 60 sunt

516 3131 131 72 aliud
604 3131 204 72 itellectus
765 3131 219 72 intellectio
940 3131 73 72 &
969 3131 234 72 intellectum,
1159 3131 190 72 similiter
1305 3131 146 72 volens
1407 3131 161 72 volitio
1523 3131 73 72 &
1553 3131 175 72 volitum,
1684 3131 131 72 siqua
1772 3131 146 72 essent
1874 3131 146 72 talia,
1976 3131 146 72 qualia
2078 3131 131 72 licet
2151 3131 146 72 secundum

512 3194 133 60 ipsum
601 3194 74 60 &
630 3194 177 60 secundum
763 3194 206 60 philosopum
925 3194 133 60 nulla
1013 3194 147 60 erant,
1116 3194 118 60 sunt
1190 3194 133 60 tamen
1278 3194 133 60 talia
1367 3194 133 60 omnia
1455 3194 206 60 spiritalia
1617 3194 133 60 citra
1706 3194 118 60 vnum
1779 3194 118 60 deum
1853 3194 221 60 existentia,
2030 3194 162 60 possent
2148 3194 147 60 mouere
2236 3194 59 60 se

516 3234 100 98 non
573 3234 257 98 essentialitur:
787 3234 71 98 &
815 3234 114 98 quod
887 3234 143 98 nullum
987 3234 128 98 esset
1072 3234 200 98 ipossibile
1229 3234 114 98 quod
1301 3234 157 98 aliquid
1415 3234 157 98 illorum
1529 3234 128 98 esset
1615 3234 128 98 actus
1700 3234 186 98 corporis,
1843 3234 114 98 puta
1915 3234 143 98 anima:
2015 3234 100 98 non
2072 3234 128 98 tamen
2157 3234 86 98 vt
2186 3234 114 98 virtus
