2466 3708
144 252 91 80 &
180 252 219 80 informat
345 252 164 80 ipsum
454 252 128 80 quo
527 252 110 80 ad
582 252 329 80 intellectionem
856 252 292 80 declaratiuam
1094 252 311 80 determinatam.
1349 252 110 80 AD
1404 252 183 80 primam
1532 252 219 80 rationem
1697 252 146 80 quod
1788 252 110 80 in

150 320 182 64 tellectus
290 320 70 64 &
318 320 210 64 intellectum
487 320 112 64 sunt
557 320 168 64 relatiua
683 320 98 64 &c.
739 320 112 64 Dico
809 320 112 64 quod
879 320 112 64 haec
949 320 126 64 ratio
1034 320 84 64 st
1076 320 238 64 transcendens,
1272 320 70 64 &
1300 320 140 64 habent
1398 320 126 64 locum
1482 320 84 64 in
1524 320 154 64 omnibus
1637 320 196 64 relatiuis:
1791 320 98 64 quo

151 375 199 61 inquantum
303 375 122 61 sunt
380 375 183 61 relatiua
517 375 122 61 vnum
594 375 107 61 non
655 375 137 61 habet
746 375 122 61 esse
823 375 122 61 nisi
899 375 92 61 in
945 375 153 61 ordine
1052 375 92 61 ad
1097 375 183 61 alterum,
1235 375 76 61 &
1265 375 107 61 per
1327 375 183 61 alterum:
1464 375 137 61 tamen
1556 375 92 61 in
1601 375 199 61 creaturis
1739 375 122 61 consi-

152 425 177 74 derando
281 425 97 74 id
329 425 129 74 quod
410 425 113 74 est
475 425 97 74 in
523 425 113 74 eis
587 425 129 74 vnum
668 425 129 74 bene
749 425 145 74 habet
846 425 129 74 esse
926 425 242 74 sinealtero,
1120 425 97 74 vt
1168 425 161 74 filius
1281 425 129 74 sine
1362 425 161 74 patre.
1475 425 81 74 &
1507 425 113 74 sic
1572 425 210 74 contingit
1733 425 97 74 in
1781 425 113 74 pro

146 479 187 72 posito,
282 479 102 72 vt
333 479 153 72 patet
435 479 102 72 ex
469 479 153 72 dictis.

460 530 222 59 Equuntur
626 530 277 59 pertinentia
847 530 314 59 principaliter
1106 530 111 59 ad
1161 530 259 59 coniunctum
1364 530 111 59 in
1420 530 185 59 homine
1549 530 111 59 ex
1604 530 203 59 corpore
1752 530 92 59 &
1771 530 92 59 ani

461 581 110 66 ma.
524 581 94 66 Et
571 581 126 66 erat
650 581 157 66 vnicum
760 581 204 66 pertinens
917 581 94 66 ad
964 581 157 66 statum
1074 581 283 66 distributionis
1310 581 189 66 poenarum
1451 581 79 66 &
1483 581 220 66 praemiorum
1656 581 94 66 in
1703 581 173 66 futuro,
1813 581 47 66 &

469 646 134 64 alia
553 646 151 64 plura
654 646 252 64 pertinentia
855 646 101 64 ad
905 646 168 64 statum
1023 646 168 64 meriti
1140 646 84 64 &
1174 646 201 64 demeriti
1324 646 101 64 in
1375 646 235 64 praesenti.
1559 646 151 64 Illud
1660 646 168 64 vnicum
1760 646 101 64 erat

471 696 159 52 Vtrum
578 696 142 52 soli
666 696 213 52 duodecim
826 696 213 52 apostoli
985 696 124 52 cum
1056 696 195 52 Christo
1198 696 106 52 in
1251 696 124 52 die
1322 696 195 52 iudicii
1463 696 248 52 iudicabunt
1658 696 195 52 mundum.
1782 696 71 52 ET

467 747 181 70 arguitur
603 747 121 70 quod
678 747 121 70 sic,
754 747 121 70 quia
829 747 136 70 illis
920 747 136 70 solis
1010 747 136 70 dixit
1101 747 181 70 Christus
1236 747 151 70 verbum
1342 747 136 70 illud
1433 747 106 70 quo
1493 747 196 70 iudicandi
1644 747 241 70 auctoritatem

479 806 189 61 promisit
621 806 158 61 quando
732 806 158 61 dixit.
842 806 158 61 Matth.
953 806 126 61 xix.
1032 806 126 61 Amen
1111 806 126 61 dico
1190 806 158 61 vobis,
1300 806 111 61 vos
1363 806 111 61 qui
1427 806 158 61 secuti
1537 806 142 61 estis
1632 806 95 61 me
1679 806 79 61 &
1695 806 158 61 reliqui-

462 857 120 63 stis
537 857 150 63 omnia,
642 857 195 63 sedebitis
793 857 135 63 super
883 857 150 63 sedes.
988 857 120 63 xii.
1063 857 210 63 iudicantes
1229 857 180 63 duodecim
1364 857 150 63 tribus
1469 857 150 63 lsrael
1574 857 105 63 &c.
1635 857 90 63 IN
1665 857 180 63 contrarium

143 905 109 62 est
206 905 217 62 Augustinus
376 905 140 62 super
469 905 140 62 illud
562 905 140 62 psal.
655 905 140 62 xlix.
748 905 93 62 In
795 905 186 62 circuitu
934 905 124 62 eius
1012 905 202 62 tempestas
1167 905 171 62 valida.
1291 905 109 62 vbi
1353 905 186 62 exponens
1492 905 140 62 illud
1585 905 155 62 Matth.
1694 905 124 62 xix.
1756 905 93 62 Amen

152 962 119 61 dico
226 962 134 61 vobis
315 962 104 61 &c,
375 962 163 61 quaerit
493 962 119 61 sic.
568 962 178 61 Duodecim
701 962 178 61 apostoli
835 962 178 61 sedebunt
968 962 104 61 non
1027 962 178 61 amplius.
1161 962 104 61 vbi
1220 962 119 61 ergo
1294 962 104 61 est
1354 962 193 61 apostolus
1502 962 163 61 Paulus:
1621 962 163 61 numquid
1739 962 119 61 inde
1799 962 59 61 se

146 1019 184 74 paratus
280 1019 134 74 est:
364 1019 235 74 Manifestat
549 1019 168 74 quidem
666 1019 218 74 scriptura
834 1019 134 74 quod
918 1019 101 74 in
968 1019 134 74 loco
1052 1019 151 74 ludae
1153 1019 117 74 sit
1220 1019 218 74 ordinatus
1387 1019 218 74 Matthias.
1555 1019 184 74 cadente
1689 1019 134 74 ergo
1756 1019 101 74 luda

148 1072 187 61 impletus
289 1072 109 61 est
351 1072 171 61 numerus
475 1072 249 61 duodenarius.
678 1072 125 61 Quod
756 1072 218 61 interponit
927 1072 202 61 Augustnus
1083 1072 93 61 ne
1129 1072 171 61 dicatur
1254 1072 187 61 obtinere
1394 1072 156 61 sedem,
1503 1072 202 61 promissam
1659 1072 156 61 ludae,
1768 1072 78 61 &
1783 1072 78 61 hoc

141 1126 219 66 supposito
310 1126 219 66 sequitur,
478 1126 84 66 &
512 1126 202 66 quaerit.
664 1126 118 66 Cum
731 1126 135 66 ergo
816 1126 135 66 iste
900 1126 185 66 numerus
1035 1126 253 66 duodenarius
1237 1126 253 66 occupauerit
1439 1126 202 66 duodecim
1591 1126 169 66 sedes,
1709 1126 118 66 non
1777 1126 118 66 iu-

147 1181 159 59 dicabit
262 1181 145 59 Paulus
364 1181 203 59 apostolus:
523 1181 87 59 an
567 1181 130 59 forte
654 1181 130 59 stans
740 1181 203 59 iudicabit:
900 1181 130 59 quasi
987 1181 174 59 diceret,
1117 1181 217 59 nequamquam:
1291 1181 116 59 quia
1363 1181 145 59 mioris
1465 1181 232 59 auctoritatis
1653 1181 101 59 est
1711 1181 174 59 iudicare

144 1240 153 57 stando
251 1240 123 57 quam
328 1240 184 57 sedendo:
466 1240 153 57 Paulus
573 1240 138 57 autem
665 1240 107 57 non
727 1240 199 57 iudicabit
880 1240 153 57 minori
987 1240 230 57 auctoritate
1172 1240 123 57 quam
1248 1240 138 57 alii.
1340 1240 77 57 &
1371 1240 107 57 hoc
1432 1240 107 57 est
1494 1240 123 57 quid
1570 1240 153 57 subdit
1678 1240 169 57 dicens.
1785 1240 77 57 Non

148 1288 109 66 est
211 1288 125 66 ita.
289 1288 109 66 Non
351 1288 125 66 enim
429 1288 140 66 stans
523 1288 203 66 iudicabit
679 1288 109 66 qui
741 1288 140 66 aliis
834 1288 125 66 plus
912 1288 218 66 laborauit.
1084 1288 156 66 sedens
1193 1288 125 66 ergo
1271 1288 218 66 iudicabit.
1443 1288 125 66 ergo
1521 1288 109 66 &c.
1583 1288 125 66 ltem
1661 1288 109 66 qui
1708 1288 140 66 eiusdem

139 1350 155 58 gradus
247 1350 124 58 sunt
324 1350 93 58 in
370 1350 139 58 statu
463 1350 170 58 meriti,
587 1350 170 58 eiusdem
711 1350 155 58 gradus
819 1350 139 58 erunt
912 1350 93 58 in
958 1350 139 58 statu
1051 1350 186 58 praemii,
1190 1350 108 58 dum
1252 1350 139 58 tamen
1345 1350 170 58 caetera
1468 1350 124 58 sunt
1546 1350 201 58 aequalia,
1700 1350 124 58 quia
1762 1350 93 58 prae

139 1403 126 61 mium
218 1403 95 61 sm
266 1403 253 61 aequalitatem
471 1403 237 61 respondebit
660 1403 174 61 merito.
787 1403 111 61 sed
850 1403 190 61 praelati
992 1403 174 61 maiores
1118 1403 95 61 vt
1166 1403 190 61 episcopi
1308 1403 79 61 &
1340 1403 158 61 miores
1450 1403 95 61 vt
1498 1403 158 61 curati
1608 1403 174 61 eiusdem
1719 1403 126 61 graqus

144 1449 117 69 sunt
218 1449 88 69 in
261 1449 132 69 statu
349 1449 146 69 meriti
452 1449 88 69 in
495 1449 190 69 praesenti
642 1449 102 69 cum
700 1449 190 69 apostolis
847 1449 73 69 &
876 1449 205 69 discipulis
1037 1449 176 69 Christi:
1168 1449 117 69 ergo
1242 1449 132 69 epsei
1329 1449 88 69 si
1373 1449 146 69 merita
1476 1449 102 69 eis
1534 1449 234 69 suffragantur
1724 1449 88 69 in
1754 1449 102 69 eodem

138 1511 143 61 gradu
234 1511 143 61 erunt
329 1511 175 61 praemii
456 1511 111 61 cum
520 1511 223 61 apostolis.
695 1511 111 61 sed
758 1511 223 61 iudiciaria
933 1511 191 61 potestas
1077 1511 95 61 in
1124 1511 159 61 futuro
1236 1511 223 61 pertinebit
1411 1511 95 61 ad
1458 1511 207 61 praemium.
1617 1511 127 61 ergo
1697 1511 111 61 &c.
1745 1511 95 61 ltem

145 1560 148 71 Greti.
249 1560 148 71 dicit.
352 1560 89 71 x.
396 1560 133 71 Mora.
485 1560 89 71 in
529 1560 133 71 fine.
617 1560 89 71 Si
662 1560 118 71 quis
735 1560 162 71 stimulo
853 1560 148 71 diuini
957 1560 148 71 amoris
1060 1560 192 71 excitatus
1208 1560 103 71 hic
1267 1560 236 71 possessiones
1458 1560 221 71 reliquarit,
1635 1560 133 71 illic
1709 1560 133 71 procul-

133 1613 140 68 dubio
227 1613 155 68 culmen
335 1613 233 68 iudiciariae
522 1613 217 68 potestatis
692 1613 217 68 obtinebit:
863 1613 93 68 vt
910 1613 140 68 simul
1003 1613 202 68 tunciudex
1158 1613 109 68 cum
1220 1613 155 68 iudice
1329 1613 186 68 veniatur
1468 1613 109 68 qui
1531 1613 124 68 nunc
1593 1613 248 68 consideratione

132 1667 174 55 iudicis
258 1667 126 55 sese
337 1667 252 55 spotrintanea
542 1667 221 55 paupertate
716 1667 205 55 castigat.
874 1667 126 55 DIco
953 1667 126 55 quod
1031 1667 174 55 motiuum
1158 1667 142 55 huius
1252 1667 237 55 quaestionis
1442 1667 95 55 ab
1489 1667 158 55 initio
1599 1667 126 55 erat
1662 1667 174 55 perfectio

133 1720 143 65 Pauli
229 1720 191 65 apostoli
372 1720 80 65 &
404 1720 255 65 determinatio
611 1720 191 65 duodecim
755 1720 159 65 sedium
866 1720 191 65 duodecim
1010 1720 223 65 apostolis,
1185 1720 143 65 prout
1281 1720 191 65 procedit
1424 1720 239 65 primaratio,
1616 1720 96 65 de
1664 1720 175 65 quorum:
1775 1720 64 65 nu

138 1782 112 65 mero
208 1782 98 65 non
264 1782 112 65 erat
333 1782 139 65 Paulus
431 1782 84 65 vt
473 1782 167 65 procedit
598 1782 153 65 secunda
710 1782 125 65 ratio
793 1782 98 65 Hic
849 1782 125 65 dicit
933 1782 195 65 Augustinus
1086 1782 125 65 super
1170 1782 125 65 locum
1253 1782 98 65 iam
1309 1782 139 65 dictum
1407 1782 195 65 insinuando
1560 1782 237 65 dissolutionem
1755 1782 112 65 quae

133 1829 171 61 stionis.
261 1829 128 61 Certe
346 1829 114 61 iste
417 1829 114 61 vnus
488 1829 185 61 apostolus
630 1829 142 61 Paulus
730 1829 128 61 cogit
815 1829 99 61 nos
872 1829 213 61 diligentius
1042 1829 171 61 cogitare
1170 1829 71 61 &
1199 1829 227 61 perscrutari,
1383 1829 142 61 quaere
1483 1829 142 61 dictae
1582 1829 128 61 sunt.
1667 1829 114 61 xii.
1724 1829 114 61 sedes.

135 1881 67 69 &
161 1881 202 69 inuestigato
323 1881 108 69 quod
391 1881 94 69 per
445 1881 202 69 ministerium
607 1881 135 69 dictae
701 1881 121 69 sunt.
782 1881 108 69 xii.
849 1881 175 69 dissoluit
984 1881 202 69 quaestionem
1146 1881 162 69 subdens.
1268 1881 94 69 Sed
1321 1881 81 69 in
1362 1881 162 69 duodecim
1483 1881 148 69 sedibus
1591 1881 108 69 non.
1659 1881 108 69 xii.
1713 1881 121 69 homines

130 1930 106 72 sed
190 1930 152 72 magnus
297 1930 106 72 est
357 1930 227 72 perfectorum
539 1930 182 72 numerus.
675 1930 121 72 quid
751 1930 121 72 sibi
827 1930 152 72 volunt
933 1930 152 72 fedes:
1039 1930 121 72 quid
1115 1930 242 72 significant:
1312 1930 136 72 omnes
1403 1930 167 72 vndique
1524 1930 106 72 qui
1584 1930 182 72 perfecti
1721 1930 121 72 esse
1781 1930 61 72 po

134 1991 141 59 tuert,
233 1991 113 59 quia
304 1991 184 59 perfectis
445 1991 141 59 dictum
544 1991 113 59 est:
615 1991 184 59 sedebitis
756 1991 127 59 super
841 1991 127 59 sedes
926 1991 184 59 duodecim:
1067 1991 127 59 ipsum
1152 1991 156 59 vndique
1265 1991 113 59 quid
1336 1991 156 59 dicimus
1449 1991 85 59 de
1491 1991 113 59 toto
1562 1991 141 59 mundo.
1661 1991 113 59 Quod
1732 1991 141 59 probat

137 2047 103 66 per
196 2047 147 66 Paulum
299 2047 88 66 de
343 2047 103 66 se,
402 2047 74 66 &
431 2047 88 66 de
475 2047 132 66 aliis
564 2047 103 66 per
623 2047 132 66 ipsum
711 2047 176 66 subdens.
843 2047 191 66 Apostolus
990 2047 147 66 Paulus
1093 2047 103 66 cum
1152 2047 176 66 argueret
1284 2047 162 66 fideles
1402 2047 147 66 laicos
1505 2047 118 66 quod
1578 2047 162 66 iudicia
1696 2047 103 66 sua
1755 2047 88 66 ad
1784 2047 59 66 ec

131 2109 162 59 clesiam
249 2109 103 59 non
308 2109 206 59 deferrent,
470 2109 103 59 sed
529 2109 88 59 ad
573 2109 177 59 publicum
705 2109 191 59 trahebant
853 2109 206 59 quaecumque
1015 2109 177 59 habebant
1147 2109 177 59 negotia,
1280 2109 118 59 ait.
1353 2109 177 59 Nescitis
1486 2109 162 59 quoniam
1603 2109 162 59 angelos
1707 2109 132 59 iudica-

135 2153 151 57 bimus:
241 2153 151 57 Videte
347 2153 227 57 quemadmodum
528 2153 166 57 iudicem
649 2153 91 57 se
695 2153 151 57 fecit,
801 2153 106 57 non
861 2153 136 57 solum
952 2153 106 57 se,
1013 2153 106 57 sed
1073 2153 76 57 &
1104 2153 136 57 omnes
1194 2153 106 57 qui
1255 2153 136 57 recte
1346 2153 182 57 iudicant
1482 2153 91 57 in
1527 2153 197 57 ecclesia.
1679 2153 106 57 Sic
1739 2153 121 57 ergo

126 2202 90 65 ex
171 2202 226 65 praecedenti
352 2202 136 65 dicto
442 2202 211 65 Augustinus
608 2202 196 65 videlicet
759 2202 136 65 illo,
849 2202 90 65 In
895 2202 181 65 duodecim
1030 2202 166 65 sedibus
1151 2202 106 65 non
1211 2202 181 65 duodecim
1347 2202 166 65 homines
1467 2202 106 65 &c.
1528 2202 121 65 Dico
1603 2202 121 65 quod
1678 2202 106 65 non
1724 2202 106 65 solum

133 2252 212 66 duodecim,
296 2252 114 66 aut
361 2252 196 66 tredecim
508 2252 196 66 apostoli
655 2252 261 66 connumerando
867 2252 163 66 Paulum
981 2252 114 66 cum
1046 2252 147 66 aliis
1144 2252 212 66 duodecim,
1307 2252 114 66 cum
1372 2252 179 66 Christo
1503 2252 179 66 iudices
1633 2252 163 66 erunt,
1747 2252 114 66 sed

135 2313 123 61 omnes
217 2313 164 61 perfecti
340 2313 150 61 inuenti
449 2313 205 61 cuiuscumque
613 2313 137 61 status
709 2313 164 61 fuerint,
832 2313 96 61 vel
887 2313 219 61 conditionis.
1064 2313 109 61 Vnde
1132 2313 137 61 Greti.
1228 2313 82 61 x.
1269 2313 123 61 libro
1351 2313 123 61 Mora.
1433 2313 123 61 Neque
1515 2313 137 61 nmplus
1610 2313 123 61 quam.
1692 2313 109 61 xii.
1747 2313 82 61 iudi

125 2364 105 71 ces
185 2364 120 71 illa
260 2364 135 71 curia
351 2364 105 71 non
411 2364 181 71 habebit,
546 2364 105 71 sed
606 2364 165 71 nimirum
727 2364 90 71 in
772 2364 211 71 duodenario
937 2364 150 71 numero
1043 2364 196 71 quantitas
1193 2364 256 71 vniuersitatis
1404 2364 226 71 exprimitur,
1584 2364 120 71 quia
1660 2364 150 71 siquis
1750 2364 75 71 sti

120 2419 142 62 mulo
209 2419 125 62 &c.
280 2419 107 62 vt
334 2419 125 62 iam
405 2419 178 62 dictum
529 2419 125 62 est
601 2419 107 62 in
654 2419 178 62 vltima
778 2419 213 62 ratione.
939 2419 107 62 Ex
992 2419 142 62 alio
1081 2419 142 62 vero
1170 2419 178 62 dicto,
1294 2419 160 62 Pauli
1401 2419 231 62 videlicet
1579 2419 107 62 de
1632 2419 125 62 quo
1686 2419 142 62 dicitr

132 2484 232 56 Augustinus
314 2484 215 56 Apostolus
480 2484 116 56 cum
546 2484 215 56 argueret.
711 2484 116 56 &c.
777 2484 198 56 coniecto
926 2484 132 56 quod
1009 2484 165 56 Paulus
1125 2484 132 56 quia
1208 2484 99 56 in
1257 2484 165 56 futuro
1373 2484 182 56 iudicem
1505 2484 99 56 se
1555 2484 182 56 futurum
1671 2484 165 56 asseruit

135 2524 72 68 &
163 2524 201 68 Augustinus
321 2524 172 68 caeteros
450 2524 86 68 ex
493 2524 129 68 dicto
579 2524 143 68 Pauli,
680 2524 100 68 non
737 2524 100 68 pro
794 2524 186 68 quocumque
938 2524 129 68 opere
1024 2524 244 68 perfectionis,
1224 2524 100 68 sed
1282 2524 100 68 pro
1339 2524 129 68 opere
1425 2524 201 68 iudiciario
1583 2524 100 68 quo
1640 2524 172 68 iustitia
1755 2524 86 68 exer

134 2585 115 59 cetur
211 2585 76 59 in
249 2585 178 59 praesenti,
389 2585 76 59 vt
427 2585 140 59 quamuis
529 2585 115 59 omnes
605 2585 153 59 perfecti
720 2585 102 59 tunc
784 2585 140 59 iudices
886 2585 127 59 erunt:
975 2585 89 59 hoc
1026 2585 115 59 tamen
1102 2585 102 59 erit
1166 2585 166 59 praecipue
1293 2585 140 59 ratione
1395 2585 191 59 iudiciariae
1548 2585 178 59 potestatis
1688 2585 102 59 quam
1739 2585 89 59 perfe

133 2640 103 66 cti
192 2640 103 66 hic
251 2640 88 66 in
295 2640 176 66 operibus
427 2640 191 66 iustitiae
574 2640 118 66 erga
648 2640 132 66 semet
736 2640 147 66 ipsos,
839 2640 103 66 aut
898 2640 132 66 etiam
986 2640 132 66 alios
1074 2640 191 66 exercent,
1221 2640 88 66 vt
1266 2640 103 66 qui
1324 2640 103 66 ibi
1383 2640 162 66 iudices
1501 2640 132 66 fieri
1589 2640 162 66 cupiunt
1707 2640 103 66 hic
1751 2640 88 66 iudi

136 2697 110 59 cium
205 2697 69 59 &
232 2697 179 59 iustitiam
370 2697 124 59 circa
452 2697 82 59 se
493 2697 69 59 &
521 2697 124 59 alios
603 2697 165 59 exercere
727 2697 192 59 festinent,
878 2697 124 59 iuxta
961 2697 192 59 praedictam
1112 2697 124 59 Pauli
1194 2697 247 59 instructionem,
1400 2697 110 59 quae
1469 2697 96 59 per
1524 2697 124 59 illos
1606 2697 96 59 qui
1661 2697 151 59 iudices
1758 2697 82 59 expe

134 2746 143 68 ctantur
238 2746 78 68 in
277 2746 143 68 futuro,
381 2746 78 68 in
420 2746 169 68 praesenti
550 2746 156 68 exerceri
666 2746 195 68 constituit:
822 2746 182 68 concludens
965 2746 104 68 quod
1030 2746 91 68 qui
1082 2746 104 68 tunc
1147 2746 195 68 iudicabunt,
1303 2746 78 68 in
1342 2746 169 68 praesenti
1471 2746 130 68 debent
1562 2746 143 68 homines
1666 2746 169 68 iudicare.
1783 2746 52 68 Ex

136 2804 102 69 quo
195 2804 131 69 etiam
282 2804 131 69 dicto
370 2804 131 69 Pauli
457 2804 73 69 &
487 2804 175 69 adiuncto
618 2804 204 69 Augustinus
778 2804 175 69 vlterius
910 2804 175 69 coniecto
1041 2804 102 69 non
1099 2804 131 69 solum
1187 2804 117 69 quod
1260 2804 102 69 qui
1318 2804 102 69 hic
1377 2804 175 69 exereent
1508 2804 175 69 iudicium
1639 2804 73 69 &
1668 2804 190 69 iustitiam

125 2855 126 63 eadem
209 2855 141 63 debent
308 2855 169 63 exercere
434 2855 84 63 in
476 2855 155 63 futuro,
589 2855 98 63 sed
645 2855 126 63 etiam
729 2855 112 63 quod
799 2855 98 63 qui
856 2855 98 63 hic
912 2855 183 63 superiora
1052 2855 155 63 iudicia
1165 2855 70 63 &
1193 2855 225 63 excellentius
1375 2855 183 63 iustitiam
1516 2855 169 63 exercent
1642 2855 126 63 illic
1713 2855 112 63 supio-

134 2905 91 70 res
186 2905 143 70 iudices
290 2905 130 70 erunt,
380 2905 91 70 ita
432 2905 104 70 quod
497 2905 130 70 quanto
588 2905 104 70 sunt
653 2905 169 70 superiora
782 2905 143 70 iudicia
886 2905 65 70 &
912 2905 233 70 excellentiores
1107 2905 169 70 iustitiae
1236 2905 104 70 quae
1301 2905 156 70 praelati
1418 2905 156 70 exercent
1535 2905 91 70 non
1587 2905 91 70 tam
1638 2905 117 70 circa
1716 2905 78 70 se
1755 2905 104 70 quam

127 2958 114 69 circa
203 2958 126 69 alios:
292 2958 101 69 quam
355 2958 101 69 quam
418 2958 177 69 quaecumque
557 2958 139 69 persoae
658 2958 152 69 priuatae
772 2958 227 69 contemplatiuae
961 2958 88 69 aut
1012 2958 139 69 actiuae
1113 2958 101 69 quae
1176 2958 152 69 exercent
1290 2958 114 69 circa
1366 2958 139 69 seipsas
1467 2958 114 69 solas
1542 2958 114 69 tanto
1618 2958 152 69 caeteris
1719 2958 114 69 paribus

131 3020 134 68 prout
221 3020 89 68 ad
265 3020 149 68 status
370 3020 119 68 suos
444 3020 194 68 pertinent
593 3020 209 68 superiores
757 3020 89 68 in
802 3020 149 68 futuro
906 3020 164 68 iudices
1025 3020 149 68 erunt.
1130 3020 119 68 Vnde
1204 3020 179 68 iudicium
1338 3020 89 68 in
1383 3020 149 68 futuro
1487 3020 209 68 priuatarum
1651 3020 209 68 personarum

129 3074 158 65 metitur
243 3074 143 65 Greti.
344 3074 86 65 sm
387 3074 172 65 iudicium
516 3074 72 65 &
544 3074 186 65 iustitiam
688 3074 115 65 quae
759 3074 172 65 exercent
888 3074 129 65 circa
974 3074 158 65 seipsos
1089 3074 86 65 in
1132 3074 201 65 praesenti,
1289 3074 143 65 dicens
1390 3074 129 65 libro
1476 3074 129 65 xxvi.
1562 3074 129 65 Mora.
1648 3074 129 65 super
1734 3074 129 65 illud

128 3126 121 83 lob.
203 3126 181 83 ludicium
340 3126 212 83 pauperibus
506 3126 166 83 tribuit
627 3126 76 83 &
657 3126 136 83 reges
748 3126 91 83 in
793 3126 136 83 solio
884 3126 197 83 collocat:
1035 3126 151 83 Sancti
1141 3126 121 83 viri
1216 3126 136 83 reges
1307 3126 197 83 vocantur,
1458 3126 121 83 quia
1534 3126 181 83 praelati
1670 3126 166 83 cunctis
1776 3126 60 83 mo
