2431 3737
525 207 119 92 uit
593 207 152 92 posse
694 207 203 92 implere.
847 207 102 92 Et
898 207 136 92 tunc
982 207 136 92 dico
1067 207 136 92 quod
1152 207 136 92 bene
1237 207 152 92 valet
1338 207 203 92 collatio
1491 207 85 92 &
1525 207 119 92 non
1592 207 186 92 tenetur
1728 207 254 92 restituere,
1931 207 136 92 quia
2016 207 203 92 sufficit
2152 207 152 92 idoneom

526 280 125 69 dare
604 280 172 69 quantum
729 280 109 69 est
792 280 94 69 ex
839 280 141 69 parte
932 280 203 69 ecclesiae
1089 280 109 69 cui
1151 280 219 69 seruiendum
1323 280 125 69 est.
1401 280 78 69 &
1432 280 109 69 hoc
1495 280 141 69 sicut
1589 280 141 69 valet
1682 280 234 69 matrimonium
1870 280 109 69 cum
1932 280 125 69 viro
2010 280 109 69 qui
2073 280 156 69 quoquo
2182 280 125 69 modo
2245 280 62 69 va

523 343 103 63 let
582 343 132 63 actum
670 343 250 63 matrimonialem
876 343 147 63 exequ,
979 343 132 63 licet
1068 343 103 63 non
1127 343 103 63 ita
1186 343 191 63 viriliter
1333 343 88 63 vt
1377 343 132 63 multi
1465 343 132 63 alii.
1553 343 103 63 Aut
1612 343 103 63 est
1671 343 132 63 talis
1759 343 177 63 conditio
1892 343 118 63 quod
1966 343 147 63 stante
2069 343 118 63 illa
2142 343 103 63 non
2186 343 118 63 potest

529 392 195 64 impleri
671 392 248 64 salubriter
866 392 230 64 seruitium
1043 392 142 64 ipsi
1131 392 230 64 seruienti
1308 392 195 64 maxime,
1450 392 142 64 puta
1539 392 106 64 si
1592 392 124 64 non
1663 392 124 64 sit
1733 392 159 64 bonae
1840 392 177 64 vitae,
1964 392 106 64 de
2017 392 124 64 qua
2088 392 248 64 conditione

526 461 111 52 sit
589 461 158 52 mentio
700 461 95 52 in
747 461 221 52 argumento,
921 461 79 52 &
953 461 126 52 quae
1032 461 142 52 solet
1126 461 126 52 esse
1205 461 237 52 regulariter
1395 461 95 52 in
1442 461 221 52 beneficiis
1616 461 237 52 impetrandis
1805 461 111 52 per
1869 461 268 52 simulationem.
2090 461 126 52 Dico
2169 461 126 52 quod
2232 461 63 52 va

527 502 116 68 let
594 502 215 68 collatio,
759 502 83 68 &
792 502 116 68 non
859 502 182 68 tenetur
991 502 232 68 restituere
1173 502 248 68 beneficium,
1372 502 83 68 &
1405 502 116 68 hoc
1471 502 132 68 quia
1554 502 149 68 super
1653 502 132 68 tali
1736 502 248 68 conditione,
1935 502 132 68 quia
2018 502 199 68 respicit
2150 502 149 68 occulta

513 571 182 52 nuiius
640 571 236 52 conferens
822 571 255 52 beneficium
1022 571 109 52 ad
1077 571 182 52 plenum
1204 571 273 52 certificari
1422 571 200 52 potest:
1568 571 91 52 &
1604 571 236 52 variantur
1786 571 200 52 homines
1931 571 91 52 m
1968 571 164 52 talem
2059 571 236 52 conditionem

527 614 248 71 frequenter:
726 614 116 71 nec
792 614 83 71 a
825 614 132 71 tali
907 614 231 71 conditione
1089 614 165 71 omnino
1204 614 198 71 dependet
1353 614 198 71 seruitii
1502 614 215 71 executio.
1667 614 99 71 Et
1716 614 116 71 est
1782 614 165 71 simile
1898 614 99 71 de
1947 614 231 71 matrimonio
2129 614 116 71 cum
2178 614 116 71 paupe

517 671 93 61 re
564 671 109 61 qui
626 671 202 61 simulauit
782 671 93 61 se
828 671 187 61 diuitem:
968 671 171 61 propter
1093 671 155 61 qualem
1202 671 202 61 fictionem
1357 671 109 61 non
1419 671 109 61 est
1481 671 140 61 minus
1575 671 140 61 ratum
1668 671 218 61 mrimonium.
1839 671 93 61 Et
1886 671 93 61 in
1932 671 218 61 praedictis
2103 671 171 61 casibus
2228 671 93 61 in

524 734 174 59 quibus
645 734 121 59 non
715 734 156 59 valet
819 734 208 59 collatio
975 734 226 59 beneficii
1148 734 226 59 acquisiti
1322 734 121 59 per
1391 734 295 59 simulationem,
1634 734 121 59 non
1704 734 121 59 est
1773 734 174 59 simile
1895 734 104 59 de
1947 734 243 59 receptione
2120 734 174 59 eleemosy

519 778 137 68 nae
598 778 137 68 per
676 778 314 68 simulationem
931 778 235 68 secundum
1088 778 235 68 praedicta.

845 828 204 63 Equuntur
998 828 204 63 quaesita
1151 828 102 63 de
1202 828 221 63 peccatis.
1372 828 102 63 Et
1423 828 136 63 erat
1508 828 170 63 vnicum
1627 828 102 63 de
1678 828 187 63 peccato
1814 828 255 63 omissionis:
2018 828 153 63 Vtrum
2103 828 187 63 videlicet

855 888 180 59 doctores
990 888 195 59 ecclesiae
1140 888 180 59 deberent
1276 888 150 59 facere
1381 888 240 59 conscientiam
1576 888 90 59 de
1621 888 165 59 peccato
1741 888 90 59 eo
1786 888 120 59 quod
1861 888 105 59 non
1921 888 180 59 laborant
2057 888 90 59 ad
2087 888 210 59 conuersionem

845 937 267 65 infidelium.
1059 937 143 65 Alia
1148 937 143 65 vero
1237 937 125 65 duo
1308 937 107 65 de
1362 937 196 65 peccato
1504 937 303 65 commissionis.
1754 937 178 65 Quorum
1878 937 178 65 primum
2003 937 143 65 erat
2092 937 107 65 in
2128 937 160 65 tutelis

859 995 157 66 Vtrum
963 995 192 66 pupilli
1102 995 87 66 a
1137 995 226 66 tutoribus
1311 995 314 66 custodientibus
1573 995 139 66 bona
1660 995 122 66 sua
1730 995 209 66 praesent
1886 995 192 66 aliquid
2026 995 174 66 absque
2130 995 157 66 peccato

855 1051 198 74 recipere
1003 1051 214 74 occasione
1168 1051 181 74 bonorum
1299 1051 181 74 illorum
1431 1051 148 74 vltra
1530 1051 165 74 fortem
1645 1051 148 74 salua
1744 1051 165 74 forte.
1860 1051 198 74 Secundum
2008 1051 132 74 vero
2090 1051 132 74 erat
2173 1051 99 74 in
2206 1051 82 74 con

848 1109 249 56 tractibus,
1044 1109 160 56 vtrum
1150 1109 178 56 liceat
1274 1109 195 56 vendere
1416 1109 124 56 rem
1487 1109 195 56 aliquam
1629 1109 142 56 plus
1718 1109 178 56 debito
1842 1109 195 56 propter
1984 1109 266 56 indigentiam
2180 1109 107 56 emen

852 1160 125 70 tis.
930 1160 140 70 ClRca
1024 1160 156 70 primum
1133 1160 187 70 arguitur
1273 1160 125 70 quod
1351 1160 187 70 doctores
1491 1160 265 70 ecclesiastici
1709 1160 187 70 deberent
1849 1160 156 70 facere
1958 1160 249 70 conscientiam
2145 1160 140 70 peccati

524 1208 89 72 eo
569 1208 119 72 quod
643 1208 104 72 non
702 1208 178 72 laborant
835 1208 89 72 ad
880 1208 237 72 conuersionem
1072 1208 222 72 infidelium,
1250 1208 119 72 sic.
1324 1208 119 72 quod
1398 1208 178 72 doctores
1532 1208 252 72 ecclesiastici
1739 1208 104 72 non
1798 1208 178 72 laborant
1931 1208 89 72 ad
1976 1208 237 72 conversionem
2154 1208 133 72 infide-

517 1266 125 60 lium
595 1266 109 60 hoc
658 1266 109 60 non
720 1266 187 60 omittunt
861 1266 125 60 nisi
939 1266 172 60 propter
1064 1266 141 60 metum
1158 1266 172 60 mortis,
1283 1266 109 60 sed
1345 1266 172 60 propter
1470 1266 109 60 hoc
1532 1266 109 60 non
1595 1266 187 60 deberent
1735 1266 172 60 omitter
1860 1266 172 60 exemplo
1985 1266 250 60 apostolorum,
2188 1266 125 60 quos

520 1324 157 61 misit
624 1324 140 61 deus
712 1324 157 61 sicut
817 1324 140 61 oues
904 1324 105 61 ad
957 1324 175 61 lupos,
1079 1324 175 61 dicens
1201 1324 140 61 eis.
1289 1324 175 61 Nolite
1411 1324 175 61 timere
1533 1324 122 61 qui
1603 1324 175 61 corpus
1726 1324 227 61 occidunt.
1900 1324 105 61 de
1953 1324 122 61 quo
2023 1324 192 61 plurima
2145 1324 140 61 Matth.

524 1380 97 61 x.
572 1380 146 61 Talis
670 1380 146 61 autem
767 1380 178 61 omissio
896 1380 113 61 non
961 1380 113 61 est
1026 1380 130 61 fine
1107 1380 178 61 peccato
1236 1380 130 61 ergo
1317 1380 113 61 &c.
1382 1380 178 61 Contra,
1512 1380 113 61 non
1576 1380 113 61 est
1641 1380 146 61 bonum
1738 1380 162 61 sumere
1852 1380 146 61 panem
1949 1380 194 61 filiorum
2095 1380 81 61 &
2127 1380 130 61 dare
2192 1380 97 61 cani

521 1434 123 57 bus
592 1434 105 57 ad
644 1434 280 57 manducandum,
872 1434 158 57 panis
977 1434 210 57 filiorum
1135 1434 123 57 qui
1205 1434 140 57 sunt
1293 1434 245 57 Christiani
1486 1434 123 57 est
1556 1434 175 57 verbum
1678 1434 228 57 doctrinae
1854 1434 88 57 &
1889 1434 316 57 praedicationis
2134 1434 158 57 sanctae

528 1489 132 69 quod
610 1489 197 69 mittitur
758 1489 148 69 illis
857 1489 165 69 quibus
972 1489 247 69 proponitur.
1169 1489 214 69 infideles
1334 1489 148 69 autem
1432 1489 148 69 canes
1531 1489 148 69 sunt.
1630 1489 132 69 ergo
1712 1489 115 69 &c.
1778 1489 132 69 DIco
1860 1489 132 69 quod
1942 1489 197 69 doctores
2074 1489 214 69 ecclesiasti

518 1547 95 59 ci
566 1547 95 59 si
613 1547 190 59 accessus
755 1547 111 59 eis
819 1547 142 59 esset
913 1547 142 59 aptus
1008 1547 221 59 proponendi
1182 1547 158 59 verbum
1293 1547 300 59 praedicationis,
1546 1547 158 59 maxime
1657 1547 95 59 si
1704 1547 111 59 cum
1767 1547 111 59 hoc
1830 1547 253 59 probabiliter
2036 1547 174 59 credere
2147 1547 142 59 possent

532 1604 111 72 quod
601 1604 83 72 ad
643 1604 249 72 praedicationem
850 1604 124 72 eorum
933 1604 180 72 infideles
1071 1604 263 72 conuerterentur,
1293 1604 124 72 licet
1376 1604 97 72 cum
1431 1604 97 72 hoc
1486 1604 124 72 etiam
1569 1604 180 72 probabile
1707 1604 124 72 esset
1790 1604 97 72 eis
1846 1604 111 72 quod
1915 1604 83 72 si
1956 1604 83 72 in
1998 1604 235 72 praedicatione
2177 1604 111 72 verita

528 1658 108 69 tis
589 1658 263 69 persisterent,
806 1658 93 69 ab
852 1658 139 69 illis
945 1658 155 69 quibus
1053 1658 201 69 conuersio
1207 1658 170 69 aliorum
1331 1658 247 69 displiceret,
1532 1658 185 69 deberent
1671 1658 155 69 occidi
1779 1658 155 69 (uncut
1887 1658 155 69 patuit
1995 1658 216 69 apostolis,
2165 1658 77 69 &
2181 1658 108 69 sicut

530 1711 194 63 probabile
679 1711 120 63 fuit
754 1711 105 63 eis
814 1711 120 63 quod
889 1711 90 63 ad
933 1711 134 63 eorum
1023 1711 269 63 praedicationem
1247 1711 194 63 infideles
1397 1711 284 63 conuerterentur:
1636 1711 105 63 tum
1695 1711 120 63 quia
1770 1711 90 63 ad
1815 1711 105 63 hoc
1875 1711 224 63 specialiter
2054 1711 105 63 eos
2114 1711 134 63 misit
2188 1711 105 63 Chri-

521 1765 134 60 stus
605 1765 84 60 &
639 1765 202 60 miracula
790 1765 218 60 concessit
958 1765 168 60 dicens
1076 1765 118 60 eis
1143 1765 168 60 illud.
1260 1765 168 60 Videte
1378 1765 202 60 regiones
1529 1765 185 60 quomodo
1664 1765 151 60 albae
1764 1765 134 60 sunt
1848 1765 101 60 ad
1899 1765 185 60 messem.
2033 1765 202 60 Regiones
2168 1765 134 60 quidem

521 1821 143 67 albae
617 1821 96 67 ad
664 1821 143 67 messe
760 1821 143 67 erant
855 1821 223 67 infidelium
1030 1821 255 67 multitudines
1237 1821 175 67 paratae
1365 1821 96 67 ad
1413 1821 271 67 conversionem,
1635 1821 159 67 magnam
1747 1821 191 67 deberent
1890 1821 127 67 sibi
1970 1821 159 67 facere
2065 1821 223 67 conscientiam

532 1873 160 70 peccati
649 1873 87 70 si
693 1873 87 70 ad
736 1873 204 70 infidelium
897 1873 233 70 conversionem
1086 1873 102 70 non
1144 1873 219 70 laborarent.
1319 1873 102 70 Sed
1377 1873 117 70 nunc
1450 1873 175 70 postquam
1581 1873 146 70 sectae
1683 1873 204 70 infidelium
1843 1873 87 70 in
1887 1873 102 70 sua
1945 1873 233 70 infidelitate
2135 1873 117 70 sunt
2208 1873 117 70 obdu

531 1932 147 51 ratae
629 1932 164 51 contra
743 1932 147 51 fidem
841 1932 294 51 christianorum,
1087 1932 98 51 vt
1136 1932 114 51 non
1201 1932 114 51 sit
1267 1932 131 51 spes
1348 1932 98 51 de
1397 1932 180 51 illorum
1528 1932 262 51 conversione,
1741 1932 114 51 nec
1806 1932 164 51 signum
1921 1932 262 51 conuersionis
2133 1932 147 51 eorum
2215 1932 82 51 fu-

532 1981 152 67 turae
633 1981 253 67 percipiunt,
836 1981 118 67 nec
903 1981 101 67 ad
954 1981 118 67 hoc
1021 1981 219 67 missionem
1190 1981 219 67 specialem
1358 1981 270 67 susceperunt,
1577 1981 219 67 nequaquam
1746 1981 152 67 super
1847 1981 135 67 ista
1931 1981 219 67 omissione
2100 1981 169 67 debent
2201 1981 101 67 sibi

526 2035 155 54 facere
635 2035 171 54 peccati
759 2035 264 54 conscientiam,
976 2035 78 54 &
1007 2035 109 54 hoc
1069 2035 155 54 maxime
1178 2035 186 54 idcirco,
1318 2035 124 54 quia
1395 2035 93 54 ad
1442 2035 171 54 liberam
1566 2035 279 54 praedicationem
1799 2035 155 54 contra
1907 2035 140 54 ritus
2000 2035 78 54 &
2031 2035 140 54 legen
2124 2035 124 54 suam
2186 2035 109 54 infi-

527 2088 141 63 deles
621 2088 173 63 neminem
747 2088 220 63 admittunt,
920 2088 110 63 sed
982 2088 188 63 capitali
1123 2088 204 63 sententia
1280 2088 188 63 plectunt
1422 2088 157 63 statim
1531 2088 220 63 praedicare
1704 2088 204 63 contraria
1861 2088 141 63 illis
1955 2088 251 63 attentantes.
2159 2088 94 63 sm
2206 2088 126 63 quod

531 2142 137 69 super
622 2142 107 69 hoc
683 2142 244 69 Sarracenorum
881 2142 198 69 expressum
1034 2142 244 69 hentedictum.
1232 2142 122 69 Vnde
1308 2142 91 69 in
1354 2142 122 69 tali
1430 2142 137 69 statu
1522 2142 213 69 Sarracenos
1689 2142 137 69 adire
1781 2142 137 69 nihil
1872 2142 168 69 aliquae
1994 2142 137 69 esset
2086 2142 122 69 quam
2147 2142 152 69 propriam

527 2202 156 70 mortem
636 2202 125 70 sine
714 2202 156 70 fructu
823 2202 218 70 procurare,
995 2202 125 70 quod
1073 2202 109 70 non
1135 2202 156 70 licet,
1244 2202 171 70 dicente
1368 2202 218 70 Augustinus
1540 2202 93 70 in
1587 2202 125 70 casu
1664 2202 140 70 quasi
1758 2202 171 70 consili
1882 2202 93 70 ad
1929 2202 234 70 Bonifacium.
2116 2202 156 70 Quando
2225 2202 109 70 ad-

523 2253 128 59 huc
596 2253 182 59 cultus
723 2253 219 59 idolorum
888 2253 201 59 fuerat,
1033 2253 109 59 ad
1088 2253 237 59 Paganorum
1270 2253 292 59 celeberrimas
1508 2253 292 59 solennitates
1745 2253 219 59 ingentia
1909 2253 219 59 turbarum
2073 2253 182 59 agmina
2182 2253 128 59 venie

528 2308 126 58 bant,
612 2308 98 58 non
668 2308 84 58 vt
710 2308 126 58 idola
795 2308 211 58 faterentur:
963 2308 98 58 sed
1019 2308 84 58 vt
1061 2308 267 58 interficerentur
1286 2308 70 58 a
1314 2308 197 58 cultoribus
1469 2308 183 58 idolorum.
1609 2308 126 58 Illud
1693 2308 84 58 si
1735 2308 154 58 accepta
1848 2308 168 58 licentia
1974 2308 70 58 a
2002 2308 183 58 potestate
2143 2308 140 58 facere
2227 2308 84 58 vel-

524 2364 142 57 lent,
619 2364 158 57 siquid
729 2364 110 57 eis
792 2364 221 57 accidisset
965 2364 173 57 possent
1091 2364 158 57 hairne
1202 2364 252 57 qualemcumque
1406 2364 158 57 vmbram
1517 2364 173 57 nominis
1643 2364 205 57 martyrii,
1800 2364 110 57 sed
1863 2364 95 57 ad
1910 2364 110 57 hoc
1973 2364 205 57 veniebant
2131 2364 95 57 vt
2162 2364 158 57 integris

528 2414 136 74 idolis
624 2414 109 74 ipsi
692 2414 232 74 perimerentur.
883 2414 109 74 Vnde
951 2414 123 74 sicut
1033 2414 150 74 ludaeis
1142 2414 82 74 in
1183 2414 95 74 sua
1238 2414 191 74 pertinacia
1388 2414 177 74 induratis
1524 2414 95 74 per
1579 2414 136 74 Paulum
1674 2414 164 74 dixerunt
1797 2414 164 74 apostoli
1919 2414 123 74 illud
2001 2414 136 74 Actum.
2097 2414 136 74 xiiii,
2192 2414 109 74 quia
2260 2414 82 74 in

533 2470 162 56 dignos
646 2470 114 56 vos
711 2470 195 56 fecistis
857 2470 146 56 verbo
955 2470 130 56 dei,
1036 2470 130 56 ecce
1117 2470 243 56 convertimur
1311 2470 97 56 ad
1360 2470 178 56 gentes,
1490 2470 114 56 nec
1555 2470 97 56 de
1603 2470 178 56 caetero
1733 2470 130 56 visi
1814 2470 130 56 sunt
1895 2470 243 56 regulariter
2090 2470 227 56 praedicare
2252 2470 65 56 lu

529 2524 148 63 daeis,
633 2524 104 63 sed
692 2524 178 63 gentibus
825 2524 163 63 tantum:
943 2524 104 63 sic
1003 2524 163 63 omnibus
1121 2524 222 63 infidelibus
1298 2524 118 63 modo
1372 2524 89 63 in
1417 2524 104 63 sua
1476 2524 178 63 perfidia
1609 2524 207 63 induratis,
1772 2524 148 63 dicere
1875 2524 148 63 debent
1979 2524 133 63 illis
2068 2524 192 63 ecclesiae
2201 2524 118 63 docto-

527 2579 127 60 res,
607 2579 127 60 quia
686 2579 191 60 indignos
830 2579 112 60 vos
893 2579 191 60 fecistis
1037 2579 143 60 verbo
1132 2579 127 60 dei,
1212 2579 127 60 ecce
1292 2579 239 60 convertimur
1483 2579 96 60 ad
1531 2579 175 60 fideles
1658 2579 143 60 nios.
1754 2579 96 60 Si
1801 2579 143 60 tamen
1897 2579 271 60 admitterentur
2120 2579 159 60 absque
2216 2579 112 60 legis

523 2634 156 60 edicto
632 2634 93 60 de
679 2634 140 60 eorum
772 2634 202 60 punitione
928 2634 187 60 festina,
1068 2634 140 60 sicut
1161 2634 264 60 admittebantur
1379 2634 187 60 apostoli
1519 2634 156 60 quando
1628 2634 156 60 licuit
1737 2634 156 60 cuique
1846 2634 156 60 sectam
1955 2634 78 60 &
1986 2634 140 60 ritum
2079 2634 171 60 viuendi
2188 2634 140 60 eligere

524 2687 121 65 quem
599 2687 166 65 voluit:
720 2687 181 65 secundum
856 2687 136 65 illud
946 2687 121 65 quod
1022 2687 136 65 dicit
1113 2687 166 65 Tullius
1233 2687 136 65 libro
1324 2687 136 65 primo
1414 2687 91 65 de
1460 2687 196 65 officiis.
1611 2687 121 65 lpsi
1686 2687 136 65 autem
1777 2687 151 65 gerere
1882 2687 121 65 quam
1958 2687 181 65 personam
2094 2687 166 65 velimus
2199 2687 136 65 anostra

530 2744 188 57 voluntate
674 2744 261 57 proficiscitur,
891 2744 87 57 vt
935 2744 174 57 nonnulli
1065 2744 145 57 omissa
1166 2744 203 57 imitatione
1326 2744 159 57 maiorum
1442 2744 116 57 suum
1514 2744 159 57 quiddam
1630 2744 203 57 institutum
1789 2744 246 57 consequantur.
1992 2744 101 57 Hoc
2049 2744 145 57 igitur
2151 2744 101 57 cum
2209 2744 159 57 quaeri-

526 2795 118 59 mus,
600 2795 103 59 hoc
659 2795 88 59 in
703 2795 147 59 primis
806 2795 250 59 constituendum
1012 2795 103 59 est
1070 2795 118 59 quos
1144 2795 103 59 nos
1203 2795 74 59 &
1232 2795 147 59 quales
1335 2795 118 59 esse
1409 2795 176 59 velimus,
1541 2795 74 59 &
1570 2795 88 59 in
1614 2795 103 59 quo
1673 2795 147 59 genere
1776 2795 147 59 vitae:
1879 2795 118 59 quae
1953 2795 221 59 deliberatio
2129 2795 103 59 est
2173 2795 162 59 omniumdit

516 2851 227 70 ficillima.
694 2851 114 70 Nam
759 2851 195 70 Herculem
905 2851 195 70 Prodicus
1051 2851 146 70 dicit
1149 2851 97 70 vt
1198 2851 114 70 est
1263 2851 130 70 apud
1344 2851 260 70 Xenophontem:
1555 2851 114 70 cum
1620 2851 162 70 primum
1733 2851 244 70 pubesceret,
1928 2851 130 70 quid
2009 2851 179 70 tempors
2139 2851 179 70 anatura
2269 2851 97 70 ad

520 2903 211 73 eligendum
682 2903 130 73 quam
763 2903 178 73 quisque
893 2903 178 73 viuendi
1023 2903 130 73 viam
1104 2903 114 73 sit
1169 2903 243 73 ingressurus
1363 2903 146 73 datum
1461 2903 130 73 est,
1542 2903 162 73 exisse
1656 2903 97 73 in
1704 2903 260 73 solitudinem,
1915 2903 146 73 atque
2012 2903 114 73 ibi
2077 2903 195 73 sedentem
2207 2903 130 73 diuse-

512 2953 138 64 cum
591 2953 256 64 multumque
788 2953 256 64 dubitasse
984 2953 138 64 cum
1063 2953 157 64 duas
1161 2953 236 64 cerneret
1338 2953 177 64 vias,
1456 2953 157 64 vnam
1554 2953 295 64 voluptatis,
1790 2953 216 64 alteram
1948 2953 256 64 virtutis,
2144 2953 177 64 vtram
2262 2953 118 64 in

511 3014 141 65 gredi
605 3014 156 65 melius
714 3014 156 65 esset.
824 3014 94 65 In
871 3014 109 65 qua
933 3014 266 65 deliberatione
1152 3014 94 65 ad
1199 3014 125 65 suam
1277 3014 187 65 cuiusque
1417 3014 172 65 naturam
1542 3014 125 65 omne
1620 3014 203 65 consilium
1777 3014 109 65 est
1839 3014 219 65 reuocandum
2011 3014 94 65 vt
2058 3014 187 65 constare
2198 3014 94 65 in
2245 3014 125 65 pear

521 3071 213 58 petuitate
684 3071 147 58 vitae
782 3071 196 58 possimus
930 3071 295 58 nobismetipsis,
1175 3071 115 58 nec
1241 3071 98 58 in
1290 3071 131 58 vllo
1372 3071 180 58 officio
1502 3071 245 58 claudicare.
1699 3071 98 58 Si
1748 3071 164 58 inquam
1862 3071 278 58 praedicatores
2092 3071 131 58 nunc
2157 3071 180 58 dictomodo

511 3108 271 85 admitterentur,
737 3108 105 85 non
797 3108 135 85 video
887 3108 135 85 quind
977 3108 181 85 doctores
1113 3108 196 85 ecclesiae
1263 3108 181 85 deberent
1399 3108 120 85 sibi
1474 3108 150 85 facere
1579 3108 241 85 conscientiam
1775 3108 166 85 peccati
1896 3108 90 85 si
1941 3108 105 85 non
2001 3108 196 85 aliquando
2151 3108 211 85 laborarent
2302 3108 45 85 &
