2477 3737
156 235 147 103 eius,
253 235 212 103 inquantum
416 235 163 103 membra
530 235 130 103 eius
612 235 130 103 sunt
693 235 260 103 simpliciter.
905 235 195 103 Quatenus
1051 235 147 103 tamen
1149 235 114 103 est
1214 235 195 103 facienda
1360 235 195 103 personis
1507 235 212 103 priuantis
1670 235 98 103 vt
1718 235 163 103 suntur
1816 235 114 103 tales

146 336 102 57 in
197 336 169 57 quibus
315 336 220 57 commissum
485 336 136 57 est,
570 336 85 57 &
604 336 102 57 vt
654 336 237 57 singulares
841 336 136 57 sunt
925 336 220 57 personae,
1095 336 102 57 in
1146 336 136 57 quas
1230 336 220 57 commissum
1400 336 136 57 est,
1485 336 136 57 bene
1569 336 119 57 est
1637 336 237 57 puniendus.
1823 336 136 57 Vnde

152 380 131 70 vxor
234 380 164 70 pagani
349 380 197 70 conversi
497 380 99 70 si
546 380 214 70 fornicata
710 380 131 70 fuit
792 380 131 70 ante
874 380 230 70 baptismum,
1055 380 131 70 post
1137 380 214 70 baptismum
1302 380 181 70 punitur
1433 380 197 70 carentia
1581 380 214 70 confortii
1745 380 181 70 mariti,
1860 380 66 70 vt

154 438 148 69 extra
252 438 98 69 de
301 438 230 69 diuortiis.
482 438 213 69 Gaudemus.
646 438 98 69 in
695 438 148 69 fine.
794 438 115 69 vbi
859 438 148 69 dicit
958 438 181 69 Glossa.
1089 438 131 69 Omne
1171 438 164 69 crimen
1286 438 197 69 tollitur
1434 438 98 69 in
1483 438 197 69 baptismo
1631 438 115 69 quo
1696 438 98 69 ad
1745 438 131 69 deum
1828 438 131 69 quid

148 487 125 65 ante
226 487 218 65 contraxit,
398 487 109 65 vel
460 487 234 65 fornicando,
647 487 109 65 vel
709 487 249 65 adulterando:
912 487 109 65 sed
974 487 203 65 quaetenus
1130 487 125 65 illa
1208 487 218 65 fornicatio
1380 487 187 65 respicit
1520 487 140 65 virum
1613 487 109 65 non
1676 487 187 65 tollitur
1816 487 94 65 in
1847 487 78 65 ba-

150 547 163 64 ptismo.
268 547 74 64 &
298 547 133 64 paulo
387 547 133 64 post.
475 547 177 64 Delictum
608 547 118 64 enim
682 547 118 64 quod
756 547 177 64 commisit
889 547 89 64 in
933 547 89 64 se
978 547 192 64 tollitur:
1125 547 118 64 quid
1199 547 177 64 commisit
1332 547 89 64 in
1376 547 133 64 alium
1465 547 103 64 non
1524 547 192 64 tollitur.
1672 547 89 64 Et
1716 547 177 64 secundum
1834 547 89 64 hunc

153 605 146 54 modum
250 605 146 54 credo
348 605 130 54 quod
429 605 146 54 omnia
527 605 130 54 iura
608 605 130 54 quae
689 605 211 54 loquuntur
852 605 98 54 de
901 605 211 54 punitione
1063 605 114 54 pro
1128 605 195 54 conmisso
1275 605 130 54 ante
1356 605 228 54 baptismum,
1535 605 211 54 exponenda
1697 605 130 54 sunt
1779 605 98 54 de
1827 605 130 54 iniu

154 648 115 64 ria
219 648 148 64 facta
318 648 98 64 in
367 648 197 64 personam
515 648 213 64 priuatam,
679 648 98 64 vt
728 648 181 64 priuata
859 648 131 64 est,
941 648 148 64 sicut
1040 648 115 64 est
1105 648 148 64 illud
1204 648 164 64 domini
1319 648 181 64 Ostien.
1450 648 148 64 extra
1549 648 98 64 de
1598 648 230 64 diuortiis,
1762 648 164 64 Gaudemus

166 709 117 66 Vbi
233 709 150 66 dicit
333 709 100 66 in
384 709 150 66 fine.
484 709 100 66 De
534 709 201 66 quolibet
684 709 217 66 homicidio
851 709 117 66 vel
918 709 150 66 furto
1019 709 134 66 ante
1102 709 217 66 baptismum
1269 709 201 66 conmisso
1420 709 167 66 potest
1537 709 217 66 accusari,
1704 709 134 66 quia
1771 709 150 66 quamuis

149 757 117 73 per
216 757 218 73 baptismum
384 757 234 73 remittatur
568 757 218 73 peccatum:
735 757 151 73 tamen
836 757 218 73 obligatus
1003 757 151 73 manet
1104 757 100 73 ad
1154 757 167 73 poenas
1271 757 251 73 temporales.
1472 757 100 73 Et
1522 757 117 73 cui
1589 757 151 73 manet
1690 757 218 73 obligatus
1857 757 100 73 ad

149 807 147 64 tales
247 807 180 64 poenas,
377 807 180 64 exponit
508 807 147 64 paulo
606 807 147 64 post,
704 807 180 64 dicens.
834 807 131 64 Omne
916 807 196 64 peccatum
1063 807 196 64 tollitur
1210 807 114 64 per
1275 807 212 64 baptismum
1438 807 180 64 quantum
1569 807 98 64 ad
1618 807 131 64 deum
1699 807 196 64 pertinet
1846 807 82 64 &
1863 807 65 64 sa

158 863 228 66 tisfactionem
343 863 128 66 eidem
429 863 214 66 exhibendum:
600 863 100 66 non
657 863 128 66 tamen
742 863 157 66 quantum
856 863 86 66 ad
899 863 257 66 satisfactionem
1113 863 128 66 homin
1199 863 200 66 faciendam:
1356 863 114 66 quia
1427 863 100 66 non
1484 863 200 66 dimittitur
1641 863 171 66 peccatum
1769 863 114 66 nisi
1826 863 100 66 resti

148 918 158 80 tuatur
259 918 190 80 ablatum.
401 918 127 80 ltem
480 918 142 80 illud
575 918 158 80 domini
686 918 190 80 Innocem.
828 918 142 80 super
923 918 158 80 eundem
1034 918 158 80 locum.
1145 918 95 80 Si
1192 918 127 80 ante
1271 918 206 80 baptismum
1430 918 158 80 furtum
1540 918 111 80 vel
1604 918 221 80 homicidium
1778 918 127 80 quis
1841 918 79 80 con

145 983 220 57 misisset,
314 983 135 57 post
399 983 220 57 baptismum
568 983 85 57 &
602 983 254 57 accusabitur
804 983 85 57 &
838 983 304 57 condemnabitur.
1092 983 118 57 Nam
1159 983 152 57 licet
1261 983 237 57 dimittatur
1447 983 203 57 peccatum
1599 983 118 57 quo
1666 983 101 57 ad
1717 983 135 57 deum
1802 983 85 57 &
1835 983 118 57 quo

144 1030 96 71 ad
192 1030 145 71 legem
289 1030 257 71 promotionis:
498 1030 129 71 quia
578 1030 209 71 promoueri
739 1030 161 71 potest
852 1030 177 71 quamuis
980 1030 193 71 peccatum
1125 1030 129 71 ante
1205 1030 209 71 baptismum
1366 1030 209 71 conmissum
1527 1030 113 71 sit
1591 1030 209 71 notorium:
1752 1030 145 71 tamen
1849 1030 113 71 quo

149 1077 100 70 ad
199 1077 265 70 accusationem
415 1077 83 70 &
448 1077 166 70 poenas
564 1077 149 70 alias
664 1077 116 70 non
730 1077 249 70 spirituales
929 1077 133 70 bene
1012 1077 216 70 ligabitur
1178 1077 133 70 post
1261 1077 232 70 baptismum.
1443 1077 133 70 Vnde
1526 1077 133 70 puto
1609 1077 133 70 quod
1692 1077 100 70 si
1742 1077 133 70 quis
1808 1077 116 70 commi

147 1137 160 67 sisset
259 1137 224 67 homicidium
435 1137 112 67 vel
499 1137 160 67 furtum
612 1137 128 67 ante
692 1137 224 67 baptismum,
868 1137 208 67 puniendus
1028 1137 144 67 esset
1124 1137 96 67 ad
1172 1137 288 67 satisfaciendum
1412 1137 192 67 priuatis
1557 1137 208 67 personis:
1717 1137 160 67 quarum
1813 1137 112 67 peren

149 1185 115 64 tem
214 1185 198 64 occidit:
363 1185 115 64 vel
429 1185 165 64 quibus
544 1185 264 64 possessionem
758 1185 214 64 abstulit:
923 1185 115 64 aut
989 1185 165 64 siquis
1105 1185 165 64 alteri
1220 1185 214 64 teneretur
1385 1185 99 64 ad
1434 1185 165 64 poenam
1550 1185 231 64 seruitutis
1731 1185 132 64 ante
1797 1185 132 64 bapti-

150 1238 138 66 smum,
242 1238 123 66 ilia
319 1238 108 66 non
380 1238 184 66 tollitur
518 1238 92 66 in
564 1238 184 66 conuerso
703 1238 123 66 post
780 1238 215 66 baptismum.
949 1238 92 66 vt
995 1238 123 66 enim
1072 1238 138 66 dicit
1164 1238 138 66 Glos.
1256 1238 108 66 iam
1317 1238 154 66 dicta.
1425 1238 169 66 Iniquum
1548 1238 138 66 esset
1640 1238 123 66 quod
1717 1238 200 66 baptismus
1855 1238 77 66 tol

150 1290 131 73 leret
238 1290 204 73 beneficium
399 1290 146 73 alteri
501 1290 204 73 competens,
662 1290 131 73 sicut
749 1290 88 73 in
793 1290 190 73 libertate
939 1290 117 73 quam
1012 1290 175 73 scilicet
1143 1290 131 73 habet
1231 1290 161 73 aliquis
1348 1290 131 73 super
1435 1290 146 73 alium,
1538 1290 88 73 vt
1582 1290 131 73 super
1669 1290 146 73 seruum
1771 1290 131 73 suum,
1859 1290 102 73 non

146 1358 135 55 enim
230 1358 186 55 amittit
365 1358 152 55 illam
467 1358 101 55 ex
517 1358 219 55 baptismo.
686 1358 186 55 dicente
821 1358 186 55 Apstolo
956 1358 169 55 primae
1074 1358 202 55 Corinth.
1226 1358 135 55 vii.
1310 1358 253 55 Vnusquisque
1512 1358 101 55 in
1563 1358 118 55 qua
1630 1358 219 55 vocatione
1782 1358 152 55 vocatus

153 1395 106 70 est
213 1395 91 70 in
259 1395 91 70 ea
304 1395 212 70 permaneat.
471 1395 167 70 Glossa.
593 1395 91 70 In
638 1395 91 70 ea
684 1395 212 70 vocatione.
850 1395 91 70 i.
896 1395 91 70 in
941 1395 91 70 ea
987 1395 227 70 conditione.
1169 1395 76 70 &
1199 1395 152 70 addit.
1305 1395 106 70 Non
1366 1395 212 70 repugnante
1533 1395 182 70 scilicet
1669 1395 91 70 ei
1715 1395 91 70 ad
1760 1395 121 70 quid
1821 1395 106 70 voca-

148 1452 114 68 tus
213 1452 130 68 est.
294 1452 97 68 vt
343 1452 130 68 enim
424 1452 146 68 dicit
521 1452 179 68 Glossa,
651 1452 114 68 hoc
716 1452 97 68 ad
765 1452 114 68 eas
830 1452 244 68 conditiones
1025 1452 114 68 vel
1090 1452 276 68 consuetudines
1318 1452 146 68 vitae
1415 1452 179 68 retulit
1545 1452 130 68 quae
1626 1452 146 68 nihil
1724 1452 162 68 obsunt
1821 1452 114 68 fidei

152 1509 117 70 vel
219 1509 151 70 bonis
320 1509 201 70 moribus,
471 1509 84 70 &
505 1509 134 70 quae
589 1509 117 70 sit
656 1509 151 70 talis
756 1509 218 70 conditio,
924 1509 185 70 exponit
1058 1509 218 70 Apostolus
1226 1509 185 70 subdens
1360 1509 218 70 continue.
1528 1509 168 70 Seruus
1646 1509 185 70 vocatus
1780 1509 117 70 es:
1847 1509 117 70 non

155 1564 105 67 sit
215 1564 120 67 tibi
290 1564 150 67 curae.
395 1564 135 67 Glos.
485 1564 120 67 quia
560 1564 105 67 hoc
620 1564 105 67 est
680 1564 135 67 causa
770 1564 240 67 humilitatis,
965 1564 120 67 quae
1040 1564 90 67 ad
1086 1564 105 67 eam
1146 1564 120 67 quae
1221 1564 90 67 in
1266 1564 150 67 domino
1371 1564 105 67 est
1431 1564 180 67 pertinet
1566 1564 225 67 libertatem.
1746 1564 90 67 Et
1791 1564 120 67 quis
1851 1564 75 67 sit

157 1628 177 67 status
281 1628 106 67 ad
334 1628 142 67 quem
423 1628 195 67 vocatus
565 1628 124 67 est
636 1628 195 67 exponit
777 1628 195 67 subdens
919 1628 177 67 paucis
1043 1628 301 67 interpositis.
1291 1628 266 67 Vnusquisque
1504 1628 106 67 in
1557 1628 124 67 quo
1628 1628 195 67 vocatus
1770 1628 124 67 est
1823 1628 106 67 sta-

155 1671 102 68 tu
206 1671 220 68 permaneat
375 1671 136 68 apud
460 1671 152 68 deum.
562 1671 186 68 Glossa.
697 1671 102 68 in
748 1671 271 68 obseruatione
968 1671 237 68 mandatorum
1155 1671 136 68 dei.
1239 1671 102 68 In
1290 1671 136 68 isto
1375 1671 136 68 ergo
1460 1671 136 68 quod
1544 1671 152 68 addit
1646 1671 186 68 Glossa.
1782 1671 119 68 Non
1832 1671 102 68 repu

161 1722 183 80 gnante:
294 1722 166 80 aparte
411 1722 199 80 insinuat
560 1722 83 80 a
593 1722 216 80 contrario
760 1722 133 80 quod
843 1722 100 80 si
893 1722 199 80 conditio
1042 1722 100 80 in
1092 1722 116 80 qua
1159 1722 133 80 quis
1242 1722 183 80 vocatus
1375 1722 116 80 est
1441 1722 116 80 sit
1508 1722 216 80 repugnans
1674 1722 233 80 conditioni
1857 1722 100 80 ad

163 1775 134 75 quam
247 1775 134 75 quis
331 1775 184 75 vocatus
465 1775 134 75 est,
549 1775 101 75 in
599 1775 101 75 ea
649 1775 218 75 permanere
817 1775 117 75 non
884 1775 168 75 debet:
1001 1775 151 75 licet
1102 1775 151 75 alias
1202 1775 101 75 in
1253 1775 101 75 ea
1303 1775 218 75 permanere
1470 1775 201 75 deberet.
1621 1775 134 75 puta
1705 1775 101 75 si
1755 1775 134 75 vxor
1822 1775 101 75 con-

162 1828 143 70 uersi
257 1828 95 70 ad
305 1828 143 70 fidem
401 1828 159 70 manens
512 1828 95 70 in
560 1828 254 70 infidelitate
766 1828 223 70 consentiat
941 1828 191 70 habitare
1084 1828 111 70 cum
1148 1828 143 70 isto:
1243 1828 111 70 non
1307 1828 143 70 tamen
1402 1828 159 70 absque
1514 1828 223 70 contumelia
1689 1828 223 70 creatoris,
1848 1828 80 70 vel

164 1880 97 73 vt
212 1880 114 73 eum
277 1880 211 73 partrahat
440 1880 97 73 ad
489 1880 179 73 mortale
619 1880 211 73 peccatum,
781 1880 130 73 viri
862 1880 227 73 restitutio
1041 1880 130 73 illi
1122 1880 195 73 negatur,
1268 1880 97 73 vt
1317 1880 97 73 in
1366 1880 211 73 praedicto
1528 1880 179 73 capite.
1658 1880 211 73 Gaudemus.
1820 1880 97 73 Et
1853 1880 81 73 sic

158 1941 130 69 iste
239 1941 114 69 per
304 1941 212 69 baptismum
467 1941 228 69 absoluitur
646 1941 81 69 a
679 1941 147 69 poena
776 1941 179 69 seruili
907 1941 114 69 qua
972 1941 179 69 tenetur
1102 1941 179 69 mulieri
1232 1941 179 69 reddere
1362 1941 195 69 debitum:
1509 1941 130 69 quia
1590 1941 130 69 ista
1672 1941 195 69 conditio
1802 1941 130 69 obser-

166 1988 143 68 uata
255 1988 214 68 repugnat
416 1988 286 68 obseruationi
649 1988 250 68 mandatorum
845 1988 125 68 dei
917 1988 107 68 ad
970 1988 143 68 quam
1060 1988 197 68 vocatus
1202 1988 143 68 est.
1292 1988 161 68 Quare
1399 1988 125 68 cum
1470 1988 143 68 ista
1560 1988 214 68 conditio
1721 1988 125 68 qua
1774 1988 161 68 tenetur

162 2044 190 73 ludaeus
300 2044 172 73 noster
420 2044 224 73 ecclesiae
593 2044 103 73 ad
645 2044 172 73 poenam
765 2044 172 73 mortis
886 2044 121 73 pro
955 2044 155 73 dicto
1058 2044 121 73 suo
1127 2044 190 73 peccato
1265 2044 224 73 obseruata
1438 2044 207 73 repugnat
1593 2044 276 73 obseruationi
1817 2044 155 73 manda

164 2096 143 69 torum
259 2096 127 69 dei:
338 2096 127 69 quia
418 2096 143 69 illam
513 2096 206 69 obseruare
671 2096 111 69 non
735 2096 158 69 posset
846 2096 222 69 subtractus
1020 2096 79 69 a
1052 2096 127 69 vita
1131 2096 95 69 ad
1178 2096 127 69 quam
1258 2096 174 69 vocatus
1384 2096 111 69 est
1448 2096 111 69 per
1511 2096 222 69 baptismum:
1685 2096 95 69 ab
1733 2096 206 69 huiusmodi
1876 2096 63 69 er

156 2150 101 78 go
207 2150 151 78 poena
307 2150 202 78 legitime
459 2150 202 78 suscepto
610 2150 202 78 baptismo
761 2150 202 78 secundum
913 2150 168 78 dictum
1030 2150 151 78 modum
1131 2150 252 78 absoluitur,
1333 2150 84 78 &
1366 2150 118 78 sic
1434 2150 118 78 pro
1501 2150 151 78 dicto
1602 2150 202 78 commisso
1736 2150 202 78 nullatenus

159 2200 154 83 puniri
266 2200 154 83 debet.
374 2200 123 83 quod
451 2200 92 83 et
497 2200 92 83 si
543 2200 92 83 in
589 2200 154 83 aliquo
697 2200 200 83 puniendus
851 2200 138 83 esset
943 2200 92 83 in
989 2200 169 83 emendam
1113 2200 200 83 faciendam
1266 2200 215 83 ecclesiae:
1436 2200 108 83 non
1497 2200 138 83 tamen
1590 2200 138 83 poena
1682 2200 154 83 mortis
1790 2200 108 83 sed
1836 2200 92 83 ali-

160 2252 116 81 qua
226 2252 165 81 humili
341 2252 165 81 poena:
457 2252 83 81 &
490 2252 116 81 hoc
556 2252 132 81 quia
638 2252 149 81 minus
737 2252 215 81 puniendus
902 2252 116 81 est
968 2252 132 81 quam
1051 2252 99 81 ab
1100 2252 182 81 haeresi
1232 2252 198 81 reuersus
1381 2252 99 81 ad
1430 2252 231 81 ecclesiam:
1612 2252 99 81 eo
1661 2252 132 81 quod
1744 2252 132 81 iste
1810 2252 116 81 magis

160 2308 217 84 peccauit:
327 2308 167 84 maxime
444 2308 100 84 si
493 2308 100 84 ad
543 2308 250 84 experiendum
743 2308 167 84 dictus
860 2308 183 84 ludaeus
993 2308 183 84 hostiam
1126 2308 250 84 consecratam
1326 2308 217 84 pungebat.
1493 2308 200 84 Reuersus
1643 2308 150 84 autem
1743 2308 100 84 ab
1776 2308 150 84 haeresi

156 2362 140 74 morte
250 2362 218 74 plectendus
421 2362 109 74 non
484 2362 125 74 est,
562 2362 109 74 sed
624 2362 140 74 poena
717 2362 203 74 humiliori
873 2362 125 74 quam
951 2362 125 74 iste
1029 2362 109 74 qui
1091 2362 171 74 numquam
1216 2362 125 74 fuit
1294 2362 203 74 ecclesiae
1450 2362 234 74 coniunctus.
1637 2362 171 74 dicente
1746 2362 187 74 Augustinus

167 2417 93 66 de
214 2417 265 66 reuertentibus
432 2417 93 66 ab
479 2417 171 66 haeresi
604 2417 93 66 ad
650 2417 203 66 ecclesiam
806 2417 93 66 in
853 2417 140 66 libro
946 2417 93 66 de
993 2417 140 66 vnico
1087 2417 187 66 baptismo
1227 2417 125 66 cap.
1305 2417 125 66 xii.
1383 2417 140 66 Eorum
1476 2417 249 66 detestabilia
1679 2417 125 66 mala
1757 2417 203 66 nequaquam

173 2481 215 56 suscipimus
342 2481 246 56 quandoquidem
542 2481 123 56 nisi
619 2481 108 56 eis
680 2481 200 56 correctis
834 2481 92 56 ad
880 2481 108 56 nos
942 2481 185 56 transire
1080 2481 108 56 non
1142 2481 185 56 possunt,
1280 2481 108 56 nec
1342 2481 138 56 illud
1434 2481 123 56 sine
1511 2481 246 56 distinctione
1711 2481 246 56 praeterimus:

170 2521 87 75 vt
214 2521 203 75 humiliorem
374 2521 131 75 agant
461 2521 232 75 poenitentiam
650 2521 102 75 qui
708 2521 102 75 iam
766 2521 160 75 fideles
882 2521 131 75 fidem
969 2521 203 75 catholicam
1129 2521 232 75 deseruerunt,
1317 2521 116 75 quam
1390 2521 102 75 qui
1448 2521 87 75 in
1492 2521 116 75 illa
1564 2521 145 75 nondum
1666 2521 174 75 fuerunt.
1796 2521 87 75 Et
1840 2521 116 75 quid

173 2574 170 72 amplius
296 2574 124 72 est,
374 2574 124 72 etsi
451 2574 201 72 districto
606 2574 124 72 iure
683 2574 186 72 ecclesia
823 2574 108 72 per
885 2574 201 72 principem
1040 2574 155 72 posset
1148 2574 139 72 talem
1241 2574 170 72 punire:
1365 2574 93 72 in
1411 2574 108 72 hoc
1473 2574 139 72 tamen
1566 2574 124 72 casu
1643 2574 108 72 vbi
1705 2574 108 72 non
1767 2574 139 72 solum
1845 2574 77 72 ver

174 2629 111 73 bo:
237 2629 111 73 sed
301 2629 142 73 etiam
395 2629 142 73 facto
490 2629 142 73 summa
585 2629 221 73 correctio,
759 2629 237 73 promittitur
948 2629 79 73 a
980 2629 126 73 reo,
1059 2629 142 73 venia
1154 2629 95 73 ei
1201 2629 190 73 facienda
1343 2629 111 73 est
1407 2629 95 73 ne
1454 2629 142 73 morte
1549 2629 221 73 plectatur.
1723 2629 142 73 luxta
1817 2629 142 73 illud

174 2682 130 73 quid
255 2682 147 73 dicit
353 2682 228 73 Augustinum
532 2682 98 73 ad
581 2682 163 73 Maced.
695 2682 147 73 Omnia
793 2682 179 73 peccata
923 2682 195 73 videntur
1070 2682 261 73 veniabiliora
1281 2682 114 73 cum
1347 2682 130 73 reus
1428 2682 277 73 correctionem,
1656 2682 228 73 promittit.
1835 2682 81 73 &
1868 2682 98 73 in

170 2741 133 71 fra.
253 2741 150 71 Neque
353 2741 199 71 criminis
503 2741 183 71 vltores
636 2741 183 71 putasse
769 2741 166 71 debent
885 2741 100 71 ad
935 2741 166 71 culpam
1051 2741 116 71 sui
1118 2741 183 71 officii
1251 2741 100 71 si
1300 2741 133 71 quid
1384 2741 133 71 erga
1467 2741 133 71 reos
1550 2741 299 71 misericorditer
1782 2741 150 71 agerent

173 2796 167 73 quorum
290 2796 150 73 vitae
390 2796 200 73 necisque
540 2796 200 73 haberent
690 2796 217 73 legitimam
857 2796 250 73 potestatem.
1057 2796 133 73 Vnde
1140 2796 150 73 siqua
1240 2796 150 73 poena
1340 2796 233 73 plectendus
1524 2796 117 73 est
1591 2796 133 73 iste
1674 2796 167 73 noster
1774 2796 150 73 ludaeus

172 2840 105 90 pro
232 2840 180 90 commisso
367 2840 120 90 ante
442 2840 195 90 baptismum
593 2840 150 90 contra
698 2840 180 90 priuatam
833 2840 195 90 personam,
983 2840 120 90 illa
1059 2840 105 90 non
1119 2840 135 90 debet
1209 2840 120 90 esse
1284 2840 120 90 nisi
1359 2840 225 90 temporalis.
1539 2840 75 90 &
1569 2840 90 90 in
1614 2840 105 90 hoc
1675 2840 150 90 potest
1780 2840 135 90 iudex
1855 2840 75 90 sae

172 2898 169 69 cularis
295 2898 169 69 percere
418 2898 231 69 corrigibili
603 2898 215 69 commutando
772 2898 154 69 poenam
880 2898 154 69 mortis
987 2898 92 69 in
1033 2898 154 69 poenam
1141 2898 215 69 temporalem
1310 2898 139 69 super
1403 2898 200 69 quocumque
1557 2898 185 69 delicto,
1695 2898 77 69 &
1726 2898 77 69 a
1757 2898 200 69 quocumque

171 2951 188 75 commisso.
315 2951 159 75 dicente
430 2951 202 75 Augustinus
589 2951 87 75 ad
633 2951 202 75 Apringium.
791 2951 101 75 Cur
849 2951 101 75 non
907 2951 188 75 flecteris
1051 2951 87 75 in
1095 2951 144 75 partem
1196 2951 274 75 prouidentiorem,
1427 2951 217 75 lenioremque
1600 2951 217 75 sententiam:
1773 2951 116 75 quid
1831 2951 101 75 licet

164 3001 161 80 iudici:
281 3001 132 80 etiam
369 3001 88 80 in
413 3001 146 80 causis
516 3001 102 80 non
574 3001 205 80 ecclesiae.
735 3001 117 80 Quia
808 3001 102 80 est
867 3001 132 80 poena
955 3001 146 80 mortis
1057 3001 146 80 plecti
1159 3001 102 80 non
1218 3001 146 80 debet,
1320 3001 176 80 expresse
1452 3001 176 80 testatur
1584 3001 220 80 Innocentius
1759 3001 88 80 in
1803 3001 88 80 eo
1847 3001 117 80 quid

175 3059 160 70 dixit
282 3059 124 70 iam
353 3059 178 70 supra,
477 3059 142 70 quod
566 3059 213 70 peccatum
726 3059 231 70 conmissum
904 3059 142 70 ante
992 3059 231 70 baptismum
1170 3059 249 70 remittitur
1366 3059 124 70 quo
1437 3059 107 70 ad
1490 3059 142 70 deum
1579 3059 89 70 &
1614 3059 124 70 quo
1685 3059 107 70 ad
1739 3059 160 70 legem
1827 3059 107 70 pro-

167 3112 227 80 motionis:
341 3112 139 80 quia
428 3112 227 80 promoueri
602 3112 192 80 potest,
742 3112 139 80 quod
829 3112 227 80 nequaquam
1003 3112 139 80 esse
1090 3112 174 80 posset
1212 3112 105 80 si
1265 3112 157 80 morte
1369 3112 244 80 plectendus
1561 3112 174 80 esset.
1683 3112 105 80 AD
1718 3112 209 80 argumentum
