2444 3724
510 215 98 103 In
559 215 244 103 contrarium:
754 215 130 103 quod
835 215 179 103 ludaeus
965 215 163 103 noster
1079 215 114 103 non
1144 215 195 103 credebat
1290 215 179 103 hostiam
1420 215 146 103 illam
1517 215 163 103 fuisse
1631 215 244 103 consecratam
1826 215 114 103 &c.
1891 215 130 103 Dico
1972 215 130 103 quod
2054 215 146 103 verum
2151 215 114 103 est
2200 215 81 103 sim

507 313 200 64 pliciter
657 313 100 64 vt
707 313 200 64 procedit
857 313 249 64 argumentum,
1056 313 183 64 quantum
1189 313 150 64 tamen
1289 313 166 64 tangit
1405 313 166 64 ipsum:
1522 313 200 64 credebat
1671 313 150 64 ipsam
1771 313 166 64 fuisse
1888 313 266 64 consecratam:
2104 313 116 64 pro
2154 313 116 64 quan-

514 360 104 63 to
566 360 208 63 ecclesia
722 360 156 63 ipsam
826 360 174 63 potuit
948 360 260 63 consecrare:
1156 360 87 63 &
1191 360 121 63 per
1260 360 121 63 hoc
1329 360 243 63 intendebat
1520 360 174 63 facere
1642 360 260 63 contumeliam
1850 360 191 63 Christo
1989 360 121 63 pro
2058 360 174 63 quanto
2163 360 121 63 Chri-

506 411 154 68 stiani
614 411 201 68 credebant
768 411 139 68 ipsam
861 411 108 68 sic
923 411 154 68 fuisse
1031 411 232 68 consecratam
1216 411 124 68 quod
1293 411 93 68 in
1340 411 93 68 ea
1386 411 247 68 continebatur
1587 411 139 68 verum
1680 411 154 68 corpus
1788 411 185 68 Christi.
1927 411 170 68 Propter
2050 411 124 68 quod
2128 411 185 68 secundum

507 469 139 70 suam
594 469 261 70 intentionem
802 469 174 70 talem,
924 469 174 70 maxime
1046 469 226 70 peccauit:
1220 469 87 70 &
1255 469 226 70 puniendus
1429 469 104 70 ab
1481 469 209 70 ecclesia
1637 469 191 70 fuisset
1777 469 139 70 nisi
1863 469 261 70 susceptione
2072 469 209 70 baptismi
2211 469 70 70 ei

517 524 297 67 reconciliatus
761 524 210 67 fuisset.
919 524 122 67 Non
988 524 122 67 sic
1058 524 157 67 autem
1163 524 210 67 peccaret
1321 524 262 67 Christianus
1530 524 210 67 pungendo
1688 524 192 67 hostiam
1828 524 140 67 quam
1915 524 157 67 nullo
2020 524 140 67 modo
2090 524 192 67 crederet.

521 570 239 74 consecrata.
712 570 191 74 scilicet
855 570 111 74 nec
919 570 255 74 simpliciter,
1126 570 111 74 nec
1189 570 143 74 prout
1285 570 143 74 ipsam
1380 570 223 74 consecrare
1555 570 159 74 potuit
1667 570 207 74 ecclesia:
1826 570 95 74 et
1873 570 127 74 ideo
1953 570 143 74 illam
2048 570 159 74 potuit
2144 570 143 74 pungere

513 632 135 62 alia
597 632 101 62 de
648 632 151 62 causa
749 632 135 62 quam
833 632 185 62 ludaeus
967 632 118 62 eam
1035 632 219 62 pungebat:
1203 632 84 62 &
1237 632 118 62 non
1304 632 185 62 peccare
1439 632 101 62 in
1489 632 151 62 illam
1590 632 219 62 pungendo.
1758 632 84 62 &
1792 632 118 62 sic
1859 632 219 62 nequaquam
2028 632 168 62 simile
2145 632 118 62 est
2213 632 101 62 ad

517 682 195 74 ductum
653 682 137 74 pro
712 682 176 74 simili.

846 735 144 69 Irca
936 735 216 69 Secundum
1098 735 234 69 arguitur:
1278 735 144 69 quod
1368 735 252 69 religiosus
1566 735 198 69 grauius
1711 735 198 69 peccans
1855 735 126 69 non
1927 735 162 69 minus
2035 735 234 69 puniendus
2197 735 90 69 sit

865 790 120 71 uam
933 790 240 71 saecularis
1122 790 154 71 minus
1225 790 206 71 peccans,
1379 790 137 71 sic.
1465 790 103 71 si
1516 790 137 71 deus
1602 790 154 71 maius
1705 790 206 71 peccatum
1859 790 154 71 minus
1962 790 206 71 puniret,
2117 790 120 71 non
2168 790 120 71 esset

866 854 130 63 quus
947 854 162 63 iudex:
1061 854 130 63 quia
1142 854 114 63 non
1207 854 114 63 est
1272 854 195 63 aequitas
1418 854 130 63 nisi
1499 854 146 63 poena
1597 854 227 63 respondeat
1775 854 179 63 culpae:
1905 854 227 63 consequens
2084 854 114 63 est
2133 854 146 63 falsum:

883 895 104 71 go
935 895 121 71 &c.
1004 895 104 71 IN
1056 895 243 71 contrarium
1247 895 121 71 est
1316 895 139 71 quod
1403 895 156 71 dicit
1507 895 208 71 Anselmus
1663 895 104 71 de
1715 895 347 71 similitudinibus,
2010 895 191 71 loquens
2148 895 104 71 de
2183 895 104 71 reli

860 952 141 69 gioso
954 952 78 69 &
986 952 204 69 saeculari
1143 952 126 69 sic.
1221 952 141 69 Licet
1315 952 173 69 vterque
1441 952 126 69 idem
1519 952 188 69 peccatum
1660 952 220 69 conmittat,
1833 952 188 69 monachus
1974 952 173 69 maiorem
2100 952 126 69 quam
2162 952 126 69 laicus

849 1009 251 65 misericordiam
1056 1009 236 65 consequetur,
1248 1009 118 65 quod
1322 1009 103 65 non
1381 1009 103 65 est
1440 1009 89 65 vt
1484 1009 162 65 videtur
1603 1009 118 65 nisi
1676 1009 118 65 quia
1750 1009 103 65 pro
1809 1009 162 65 peccato
1928 1009 103 65 suo
1987 1009 133 65 minus
2075 1009 162 65 punitur
2193 1009 118 65 quam

846 1060 178 59 laicus:
975 1060 113 59 cum
1040 1060 145 59 tamen
1137 1060 178 59 grauius
1266 1060 161 59 peccet
1379 1060 242 59 religiosus:
1572 1060 129 59 quia
1653 1060 97 59 vt
1702 1060 145 59 dicit
1799 1060 161 59 ibidem
1912 1060 97 59 de
1960 1060 226 59 religioso,
2138 1060 145 59 tanto
2218 1060 65 59 ma

520 1119 121 64 gis
589 1119 138 64 sibi
675 1119 173 64 cauere
796 1119 207 64 debuerat
952 1119 173 64 quanto
1073 1119 104 64 se
1125 1119 156 64 magis
1228 1119 121 64 deo
1298 1119 259 64 promiserat.
1505 1119 138 64 ergo
1592 1119 121 64 &c.
1661 1119 138 64 ltem
1747 1119 173 64 mitius
1868 1119 190 64 agendum
2006 1119 121 64 est
2076 1119 121 64 cum
2145 1119 156 64 filio
2231 1119 52 64 &

510 1170 144 64 seruo
606 1170 208 64 familiari
766 1170 128 64 quam
845 1170 112 64 cum
909 1170 208 64 extraneo.
1069 1170 176 64 dicente
1197 1170 160 64 domino
1309 1170 96 64 de
1357 1170 160 64 filiis
1468 1170 80 64 &
1500 1170 160 64 seruis
1612 1170 192 64 respectu
1756 1170 256 64 extraneorum.
1964 1170 176 64 Malach.
2091 1170 128 64 iii.
2155 1170 128 64 Parcam

511 1220 110 63 eis
574 1220 141 63 sicut
668 1220 141 63 pater
763 1220 141 63 filio
857 1220 110 63 suo
920 1220 204 63 seruienti
1077 1220 110 63 ei.
1140 1220 141 63 Glos.
1234 1220 94 63 In
1281 1220 110 63 quo
1344 1220 157 63 duplex
1454 1220 189 63 affectus
1596 1220 126 63 est:
1674 1220 79 63 &
1706 1220 189 63 pietatis
1847 1220 94 63 in
1894 1220 173 63 filium,
2020 1220 79 63 &
2051 1220 220 63 seruitutis
2224 1220 94 63 in

510 1266 201 66 famulum.
661 1266 117 66 sed
728 1266 168 66 mitius
846 1266 117 66 non
913 1266 134 66 agit
997 1266 201 66 dominus,
1148 1266 151 66 neque
1249 1266 168 66 percit
1366 1266 134 66 nisi
1450 1266 151 66 minus
1551 1266 218 66 puniendo:
1718 1266 134 66 ergo
1802 1266 117 66 &c.
1869 1266 151 66 sicut
1970 1266 168 66 prius.
2088 1266 84 66 &
2121 1266 117 66 est
2172 1266 117 66 ratio

523 1335 154 61 Ansel.
630 1335 169 61 ibidem.
753 1335 123 61 DIco
830 1335 123 61 quod
907 1335 107 61 cum
968 1335 92 61 vt
1014 1335 154 61 dicit.
1122 1335 154 61 xxiii.
1229 1335 215 61 propositio
1398 1335 92 61 de
1444 1335 169 61 causis,
1567 1335 138 61 causa
1659 1335 138 61 prima
1751 1335 123 61 quae
1828 1335 123 61 deus
1905 1335 107 61 est
1966 1335 169 61 existit
2089 1335 107 61 per
2150 1335 169 61 influen
2258 1335 46 61 l

515 1389 128 67 tiam
595 1389 80 67 &
627 1389 192 67 effectum
771 1389 208 67 regiminis
931 1389 96 67 in
979 1389 176 67 omnibus
1107 1389 160 67 rebus,
1219 1389 144 67 sicut
1315 1389 144 67 causa
1411 1389 96 67 in
1458 1389 112 67 suo
1522 1389 176 67 effectu
1650 1389 192 67 secundum
1794 1389 128 67 vnam
1874 1389 272 67 dispositionem
2098 1389 176 67 quantum
2210 1389 80 67 est

528 1433 84 63 de
570 1433 98 63 se,
626 1433 84 63 vt
668 1433 168 63 scilicet
794 1433 98 63 non
851 1433 112 63 plus
921 1433 98 63 nec
977 1433 140 63 aliter
1075 1433 154 63 influat
1187 1433 98 63 vni
1243 1433 112 63 quam
1313 1433 154 63 alteri:
1426 1433 98 63 sed
1482 1433 210 63 vniformiter
1650 1433 168 63 omnibus.
1776 1433 168 63 secundum
1902 1433 112 63 quod
1972 1433 140 63 semper
2071 1433 126 63 vnius
2155 1433 70 63 &
2169 1433 126 63 eiusdem

524 1489 253 67 dispositionis
733 1489 104 67 est
792 1489 89 67 in
837 1489 164 67 seipso:
956 1489 104 67 sed
1016 1489 134 67 omnes
1105 1489 104 67 res
1165 1489 224 67 recipientes
1344 1489 224 67 influentiam
1523 1489 75 67 &
1553 1489 179 67 effectum
1687 1489 194 67 regiminis
1836 1489 134 67 eius,
1925 1489 104 67 non
1985 1489 179 67 existunt
2119 1489 89 67 in
2164 1489 89 67 ea
2194 1489 104 67 sicut

517 1541 183 66 effectus
654 1541 92 66 in
700 1541 138 66 causa
792 1541 92 66 ad
838 1541 229 66 recipiendum
1021 1541 183 66 effectum
1158 1541 229 66 influentiae
1342 1541 76 66 &
1372 1541 199 66 regiminis
1525 1541 153 66 illius
1632 1541 183 66 secundum
1770 1541 260 66 dispositionem
1983 1541 138 66 vnam:
2075 1541 107 66 sed
2136 1541 183 66 secundum

521 1602 193 62 diuersas
666 1602 193 62 secundum
811 1602 258 62 diuersitatem
1020 1602 274 62 recipientium:
1245 1602 97 62 et
1294 1602 129 62 ideo
1374 1602 97 62 vt
1423 1602 145 62 dicit
1519 1602 161 62 ibidem
1632 1602 209 62 commenta.
1793 1602 225 62 diuersitas
1970 1602 242 62 receptionis
2163 1602 113 62 non
2211 1602 81 62 sit

521 1643 84 74 ex
563 1643 126 74 causa
647 1643 140 74 prima.
746 1643 168 74 scilicet
872 1643 84 74 vt
914 1643 84 74 ex
956 1643 112 74 illa
1026 1643 154 74 oriatur
1139 1643 126 74 ratio
1223 1643 70 74 &
1251 1643 126 74 causa
1335 1643 140 74 istius
1434 1643 239 74 diuersitatis:
1630 1643 98 74 sed
1686 1643 98 74 sit
1742 1643 154 74 propter
1855 1643 197 74 recipiens:
2009 1643 112 74 quod
2079 1643 112 74 est,
2150 1643 112 74 quia
2220 1643 98 74 sus

515 1700 166 70 cipiens
636 1700 287 70 diuersificatur:
878 1700 136 70 quare
969 1700 106 70 cum
1029 1700 182 70 quaestio
1165 1700 151 70 nostra
1271 1700 106 70 sit
1332 1700 91 70 de
1377 1700 212 70 influentia
1544 1700 106 70 dei
1604 1700 76 70 &
1634 1700 166 70 effectu
1755 1700 197 70 regiminis
1907 1700 121 70 eius
1982 1700 136 70 circa
2073 1700 166 70 homines
2194 1700 91 70 in
2224 1700 61 70 pu

522 1765 145 61 niendo
623 1765 174 61 delicta:
753 1765 116 61 Dico
825 1765 145 61 inquam
926 1765 116 61 quod
999 1765 87 61 si
1042 1765 116 61 vnus
1115 1765 159 61 maiorem
1230 1765 246 61 misericordiam
1433 1765 72 61 a
1462 1765 101 61 deo
1519 1765 217 61 consequitur
1693 1765 87 61 in
1736 1765 101 61 hoc
1794 1765 116 61 quod
1867 1765 87 61 ei
1910 1765 188 61 percitur,
2055 1765 72 61 &
2084 1765 145 61 mitius
2185 1765 101 61 cum
2228 1765 58 61 eo

525 1810 156 66 agitur
635 1810 125 66 quam
713 1810 109 66 cum
775 1810 172 66 altero:
900 1810 78 66 &
931 1810 109 66 hoc
994 1810 94 66 in
1040 1810 94 66 eo
1087 1810 125 66 quod
1165 1810 140 66 minus
1259 1810 156 66 altero
1368 1810 187 66 puniatur
1509 1810 109 66 pro
1571 1810 156 66 maiori
1680 1810 109 66 vel
1743 1810 172 66 aequali
1868 1810 187 66 delicto:
2008 1810 125 66 puta
2086 1810 187 66 monachus
2211 1810 78 66 aut

518 1864 230 63 religiosus,
702 1864 123 63 quam
778 1864 230 63 saecularis:
962 1864 138 63 ratio
1054 1864 138 63 huius
1146 1864 245 63 diuersitatis
1345 1864 107 63 seu
1406 1864 138 63 causa
1498 1864 138 63 nulla
1590 1864 107 63 est
1651 1864 92 63 ex
1697 1864 138 63 parte
1789 1864 123 63 dei:
1866 1864 123 63 quia
1943 1864 92 63 vt
1989 1864 169 63 dicitur
2111 1864 92 63 in
2142 1864 153 63 Commento

524 1926 150 57 dicto,
629 1926 165 57 Bonitas
749 1926 165 57 quantum
869 1926 105 57 est
929 1926 90 57 ex
974 1926 135 57 parte
1064 1926 105 57 sua
1124 1926 195 57 influitur
1274 1926 135 57 super
1364 1926 135 57 omnes
1454 1926 105 57 res
1514 1926 210 57 aequaliter
1679 1926 90 57 ex
1724 1926 135 57 causa
1814 1926 150 57 prima.
1919 1926 90 57 Si
1964 1926 120 57 ergo
2039 1926 150 57 percat
2144 1926 120 57 deus
2219 1926 105 57 per

518 1969 269 61 misericordiam
740 1969 95 61 in
788 1969 143 61 minus
883 1969 190 61 puniendo
1025 1969 127 61 vnum
1104 1969 127 61 quam
1184 1969 190 61 alterum,
1326 1969 143 61 ratio
1421 1969 111 61 seu
1485 1969 143 61 causa
1580 1969 158 61 illius
1691 1969 254 61 diuersitatis
1897 1969 174 61 solummo
2024 1969 111 61 est
2087 1969 95 61 ex
2135 1969 143 61 parte
2214 1969 79 61 il-

515 2024 129 61 lorum
600 2024 143 61 quibus
700 2024 186 61 percitur.
843 2024 114 61 Sane
915 2024 100 61 cum
972 2024 129 61 omnes
1058 2024 114 61 viae
1129 2024 143 61 domini
1229 2024 143 61 quibus
1329 2024 171 61 graditur
1457 2024 100 61 per
1515 2024 171 61 effectus
1643 2024 114 61 suos
1715 2024 86 61 in
1757 2024 200 61 creaturis,
1915 2024 114 61 sint
1986 2024 229 61 misericordia
2172 2024 71 61 &
2186 2024 100 61 veri-

521 2084 122 61 tas:
597 2084 92 61 vt
643 2084 183 61 proptrea
780 2084 122 61 deus
856 2084 153 61 semper
963 2084 107 61 per
1024 2084 259 61 misericordiam
1238 2084 183 61 quemquam
1375 2084 153 61 puniat
1482 2084 137 61 citra
1574 2084 198 61 condignum
1726 2084 183 61 peccato,
1864 2084 76 61 &
1894 2084 198 61 remuneret
2047 2084 198 61 similiter
2184 2084 107 61 vltra

518 2146 198 50 condignum
670 2146 167 50 merito:
792 2146 91 50 in
837 2146 182 50 puniendo
974 2146 167 50 peccata
1096 2146 106 50 nec
1156 2146 106 50 est
1217 2146 198 50 crudelis:
1369 2146 91 50 in
1415 2146 182 50 puniende
1552 2146 182 50 scilicet
1689 2146 122 50 plus
1765 2146 152 50 iusto:
1871 2146 106 50 que
1932 2146 182 50 scilicet
2069 2146 137 50 poena
2160 2146 167 50 aequata

519 2197 159 57 delicto
634 2197 144 57 esset:
735 2197 101 57 nec
793 2197 101 57 est
850 2197 173 57 rigidus,
980 2197 87 57 in
1023 2197 173 57 puniende
1153 2197 173 57 scilicet
1283 2197 159 57 aequale
1398 2197 144 57 iusto,
1499 2197 115 57 siue
1571 2197 144 57 tantum
1672 2197 159 57 quantum
1787 2197 159 57 meretur
1903 2197 173 57 delictum
2032 2197 72 57 &
2061 2197 173 57 iustitia
2191 2197 130 57 requ-

525 2245 114 57 rit:
596 2245 100 57 sed
653 2245 100 57 est
710 2245 142 57 mitis,
809 2245 85 57 in
852 2245 171 57 puniende
980 2245 171 57 scilicet
1108 2245 128 57 minus
1193 2245 114 57 illi
1265 2245 128 57 iusto
1350 2245 114 57 quam
1421 2245 171 57 requirit
1549 2245 142 57 rigida
1649 2245 185 57 iustitia:
1791 2245 100 57 sic
1848 2245 128 57 tamen
1933 2245 114 57 quod
2004 2245 128 57 illud
2090 2245 128 57 minus
2175 2245 100 57 non
2232 2245 100 57 sit

523 2291 152 63 contra
629 2291 213 63 iustitiam:
796 2291 121 63 quia
872 2291 243 63 misericordia
1069 2291 121 63 quam
1145 2291 91 63 in
1191 2291 106 63 hoc
1252 2291 137 63 facit
1343 2291 137 63 iusta
1434 2291 121 63 est:
1510 2291 91 63 eo
1555 2291 121 63 quod
1631 2291 137 63 decet
1722 2291 197 63 bonitatem
1874 2291 167 63 diuinam
1995 2291 121 63 quod
2071 2291 137 63 mitis
2162 2291 121 63 sit,
2238 2291 91 63 in

535 2343 170 70 puniende
662 2343 170 70 scilicet
790 2343 127 70 citra
875 2343 198 70 condignum:
1030 2343 71 70 &
1059 2343 184 70 similiter
1200 2343 184 70 bonitatem
1342 2343 113 70 suam
1412 2343 127 70 decet
1497 2343 113 70 quod
1568 2343 113 70 pius
1639 2343 113 70 sit,
1710 2343 85 70 in
1752 2343 226 70 remunerande.
1936 2343 170 70 scilicet
2063 2343 127 70 vltra
2148 2343 184 70 condignum

533 2408 74 57 &
563 2408 104 57 nec
622 2408 178 57 strictus
756 2408 119 57 sit,
830 2408 89 57 in
875 2408 223 57 remunerande
1053 2408 178 57 scilicet
1187 2408 178 57 iustitia
1321 2408 163 57 aequali
1439 2408 178 57 secundum
1573 2408 178 57 meritum:
1707 2408 104 57 nec
1766 2408 163 57 parcus,
1885 2408 89 57 in
1930 2408 223 57 remunerande
2108 2408 178 57 scilicet
2227 2408 74 57 mi-

533 2451 110 72 nus
596 2451 158 72 iusto.
707 2451 126 72 Vnde
785 2451 126 72 quia
864 2451 158 72 poenas
974 2451 79 72 &
1006 2451 173 72 praemia
1132 2451 173 72 omnibus
1258 2451 189 72 partitur
1400 2451 126 72 deus
1478 2451 221 72 aequaliter
1652 2451 173 72 quantum
1778 2451 110 72 est
1841 2451 95 72 ex
1888 2451 142 72 parte
1982 2451 126 72 sua:
2061 2451 79 72 &
2093 2451 221 72 aequaliter
2250 2451 63 72 re

528 2507 190 61 cipiuntur
674 2507 117 61 nisi
747 2507 102 61 sit
805 2507 146 61 aliqua
907 2507 87 61 ex
951 2507 131 61 parte
1039 2507 233 61 recipientium
1228 2507 204 61 diuersitas
1389 2507 131 61 sicut
1476 2507 146 61 dictum
1578 2507 117 61 est:
1651 2507 87 61 et
1695 2507 87 61 ex
1738 2507 131 61 parte
1826 2507 102 61 dei
1884 2507 87 61 in
1928 2507 219 61 sacramentis
2103 2507 102 61 est
2161 2507 117 61 tota
2220 2507 87 61 cau-

531 2558 108 68 sa
585 2558 90 68 &
621 2558 162 68 ratio
729 2558 162 68 quare
837 2558 162 68 ipsis
945 2558 252 68 relaxantur
1143 2558 180 68 poenae
1269 2558 216 68 peccatis
1430 2558 198 68 debitae
1574 2558 90 68 &
1610 2558 270 68 conferuntur
1826 2558 144 68 dona
1916 2558 234 68 gratiarum
2096 2558 234 68 indebita:

530 2610 197 65 idcirco
674 2610 251 65 sacramenta
871 2610 197 65 singula
1014 2610 215 65 aequales
1175 2610 233 65 creduntur
1355 2610 108 65 in
1409 2610 215 65 singulis
1570 2610 179 65 habere
1695 2610 233 65 effectus.
1875 2610 215 65 VLterius
2036 2610 161 65 autem
2144 2610 126 65 est
2215 2610 126 65 ad-

528 2670 208 58 uertendum:
691 2670 119 58 quod
765 2670 104 58 cum
825 2670 119 58 illa
899 2670 208 58 diuersitas
1062 2670 104 58 non
1121 2670 148 58 possit
1225 2670 89 58 in
1269 2670 193 58 hominibus
1418 2670 252 58 recipientibus
1625 2670 119 58 esse
1699 2670 89 58 ex
1744 2670 133 58 parte
1833 2670 178 58 naturae,
1966 2670 104 58 cum
2025 2670 178 58 aequalis
2159 2670 104 58 sit
2218 2670 119 58 natu

523 2721 96 70 ra
571 2721 177 70 hominum
700 2721 112 70 sub
764 2721 161 70 specie
876 2721 177 70 humana,
1005 2721 128 70 nisi
1085 2721 144 70 forte
1181 2721 96 70 in
1229 2721 177 70 Christo
1358 2721 177 70 propter
1486 2721 209 70 articulum
1647 2721 161 70 epsei:
1759 2721 177 70 oportet
1888 2721 128 70 ergo
1968 2721 128 70 quod
2048 2721 112 70 sit
2112 2721 96 70 ex
2161 2721 144 70 parte
2241 2721 64 70 il

532 2778 138 62 lorum
623 2778 122 62 quae
700 2778 153 62 habent
807 2778 122 62 esse
883 2778 92 62 in
929 2778 168 62 natura.
1051 2778 76 62 &
1082 2778 107 62 hoc
1143 2778 107 62 non
1204 2778 244 62 quoruncumque
1403 2778 92 62 vt
1448 2778 229 62 accidentium
1632 2778 229 62 naturalium:
1815 2778 107 62 sed
1876 2778 168 62 illorum
1998 2778 168 62 solummo
2121 2778 122 62 quae
2182 2778 122 62 poenas

529 2828 83 59 &
563 2828 183 59 praemia
696 2828 250 59 respiciunt:
895 2828 216 59 cuiusmodi
1062 2828 116 59 non
1128 2828 133 59 sunt
1212 2828 133 59 nisi
1295 2828 183 59 peccata
1428 2828 150 59 atque
1528 2828 200 59 demerita
1678 2828 83 59 &
1711 2828 133 59 dona
1794 2828 216 59 gratiarum
1961 2828 116 59 dei
2027 2828 150 59 atque
2127 2828 183 59 merita.
2243 2828 67 59 vt

527 2879 222 71 propterea
698 2879 239 71 diuersitas
885 2879 102 71 in
936 2879 205 71 peccatis
1090 2879 85 71 &
1124 2879 222 71 demeritis
1295 2879 85 71 &
1329 2879 102 71 in
1380 2879 154 71 donis
1482 2879 85 71 &
1516 2879 188 71 meritis
1653 2879 119 71 sit
1721 2879 154 71 causa
1823 2879 85 71 &
1857 2879 154 71 ratio
1960 2879 136 71 plus
2045 2879 239 71 praemiandi
2216 2879 85 71 vel

527 2948 181 57 puniendi
663 2948 121 57 vnum
738 2948 121 57 quam
814 2948 181 57 alterum.
950 2948 106 57 Sed
1010 2948 121 57 ista
1086 2948 212 57 diuersitas
1252 2948 151 57 potest
1358 2948 196 57 intelligi
1509 2948 227 57 dupliciter.
1691 2948 106 57 Vno
1751 2948 121 57 modo
1827 2948 91 57 ex
1872 2948 136 57 parte
1963 2948 242 57 praecedentis
2159 2948 151 57 meriti
2250 2948 45 57 &

529 2997 170 60 gratiae
652 2997 170 60 donorum
776 2997 124 60 dei,
854 2997 139 60 atque
947 2997 201 60 demeriti.
1102 2997 124 60 Alio
1179 2997 124 60 modo
1256 2997 93 60 ex
1303 2997 139 60 parte
1396 2997 139 60 actus
1489 2997 232 60 praesentis,
1675 2997 93 60 in
1721 2997 108 60 quo
1783 2997 108 60 est
1845 2997 139 60 ipsum
1938 2997 170 60 meritum
2062 2997 108 60 vel
2124 2997 201 60 demeritum

532 3042 117 66 pro
599 3042 117 66 quo
666 3042 133 66 quis
749 3042 283 66 principaliter
982 3042 216 66 puniendus
1148 3042 117 66 est
1215 3042 117 66 aut
1281 3042 283 66 remunerandus.
1515 3042 100 66 Si
1565 3042 150 66 primo
1664 3042 150 66 modo,
1764 3042 133 66 dico
1848 3042 133 66 quod
1931 3042 200 66 demerita
2064 3042 233 66 praecedentia

525 3101 129 86 sunt
606 3101 145 86 causa
702 3101 81 86 &
735 3101 145 86 ratio
831 3101 129 86 plus
912 3101 194 86 puniendi
1057 3101 129 86 vnum
1138 3101 129 86 quam
1219 3101 194 86 alterum:
1364 3101 81 86 &
1396 3101 97 86 in
1445 3101 113 86 hoc
1509 3101 145 86 minus
1606 3101 194 86 percendo
1751 3101 113 86 vni
1816 3101 129 86 quam
1897 3101 161 86 alteri
2010 3101 113 86 per
2058 3101 242 86 misericordiam
