2466 3709
509 200 124 80 isus
587 200 233 80 permanentis
774 200 93 80 in
821 200 124 80 esse
898 200 109 80 suo
961 200 78 80 a
992 200 187 80 visibili
1132 200 93 80 in
1179 200 171 80 medium,
1303 200 171 80 aliquid
1428 200 171 80 valeret
1552 200 140 80 maior
1645 200 140 80 illa,
1739 200 109 80 nec
1801 200 156 80 aliter
1910 200 202 80 veritatem
2066 200 156 80 habere
2159 200 140 80 potest.

507 273 130 60 Nunc
588 273 147 60 autem
686 273 114 60 non
751 273 114 60 est
816 273 130 60 ita,
898 273 130 60 quia
979 273 196 60 secundum
1126 273 179 60 Boetium
1256 273 147 60 super
1354 273 244 60 Porphyrium,
1549 273 228 60 Accidentia
1729 273 163 60 perimi
1843 273 196 60 possunt,
1989 273 196 60 alterari
2136 273 147 60 autem
2218 273 81 60 non

509 327 173 67 possunt
635 327 188 67 scilicet
776 327 78 67 a
808 327 188 67 subiecto
949 327 94 67 in
996 327 204 67 subiectum
1153 327 204 67 migrando.
1310 327 126 67 Nunc
1388 327 141 67 autem
1483 327 110 67 cum
1545 327 173 67 species
1671 327 220 67 visibilium
1844 327 110 67 non
1907 327 141 67 fiant
2001 327 94 67 in
2048 327 157 67 medio,
2158 327 126 67 nisi
2221 327 78 67 per

503 380 234 68 naturalem
683 380 288 68 generationem
918 380 108 68 de
972 380 216 68 potentia
1134 380 180 68 medii,
1260 380 90 68 &
1296 380 144 68 hoc,
1386 380 144 68 modo
1477 380 288 68 generationis
1711 380 198 68 aliarum
1855 380 216 68 formarum
2018 380 288 68 materialium:
2234 380 72 68 li

515 432 116 75 cet
582 432 199 75 debilius
731 432 132 75 esse
814 432 132 75 quam
896 432 149 75 aliae
996 432 199 75 habeant:
1145 432 99 75 de
1194 432 149 75 eadem
1294 432 149 75 autem
1393 432 199 75 potentia
1542 432 116 75 sub
1608 432 149 75 eadem
1708 432 182 75 specie,
1840 432 99 75 vt
1890 432 166 75 dictum
2006 432 132 75 est,
2089 432 149 75 simul
2188 432 99 75 in
2221 432 83 75 eo-

511 484 124 73 dem
582 484 177 73 numero
706 484 124 73 nec
777 484 142 73 esse
866 484 124 73 nec
937 484 213 73 generari
1096 484 195 73 possunt
1238 484 213 73 plusquam
1397 484 124 73 vna
1468 484 89 73 &
1504 484 159 73 eadem
1610 484 195 73 species
1752 484 195 73 numero:
1893 484 266 73 impossibile
2106 484 124 73 est
2177 484 159 73 ergo,

518 542 129 59 quod
599 542 194 59 diuersae
744 542 162 59 formae
857 542 194 59 secundum
1003 542 178 59 numerum
1132 542 146 59 solum
1229 542 146 59 etiam
1327 542 81 59 a
1359 542 194 59 diuersis
1504 542 226 59 agentibus,
1682 542 129 59 siue
1763 542 259 59 generantibus
1974 542 178 59 habeant
2103 542 129 59 esse
2184 542 97 59 in
2216 542 81 59 ea-

510 595 123 66 dem
581 595 158 66 parte
686 595 176 66 medii.
809 595 141 66 Immo
897 595 229 66 quodlibet
1073 595 193 66 illorum
1214 595 264 66 vniformiter
1425 595 176 66 alteri
1548 595 158 66 mouet
1653 595 176 66 medium
1776 595 106 66 ad
1829 595 281 66 generationem
2058 595 193 66 speciei
2181 595 123 66 secun

518 656 113 59 dum
582 656 193 59 rationem
727 656 161 59 illius
839 656 161 59 vnicae
952 656 225 59 potentiae,
1129 656 96 59 ac
1177 656 96 59 si
1225 656 209 59 solummodo
1386 656 129 59 vnum
1466 656 177 59 illorum
1595 656 193 59 moueret.
1739 656 80 59 &
1772 656 113 59 sic
1836 656 96 59 ad
1884 656 161 59 eandem
1997 656 161 59 formam
2109 656 193 59 secundum
2238 656 64 59 nu

509 705 159 50 merum
616 705 248 50 generandam
810 705 230 50 quodlibet
987 705 195 50 illorum
1129 705 212 50 secundum
1288 705 212 50 virtutem
1447 705 142 50 suam
1536 705 177 50 mouet,
1660 705 89 50 &
1695 705 248 50 concurrunt
1890 705 106 50 in
1943 705 177 50 eundem
2067 705 212 50 effectum
2209 705 89 50 nu-

512 757 160 58 mero:
619 757 160 58 sicut
726 757 249 58 concurrunt
921 757 196 58 diuersi
1063 757 231 58 trahentes
1241 757 107 58 in
1295 757 178 58 vnicum
1419 757 196 58 tractum
1561 757 196 58 eiusdem
1703 757 160 58 nauis
1810 757 213 58 secundum
1970 757 213 58 numerum:
2130 757 89 58 &
2148 757 160 58 diuersi

515 810 153 65 ignes
617 810 102 65 ad
668 810 289 65 calefaciendum
906 810 153 65 aquam
1008 810 170 65 eandem
1127 810 153 65 vnico
1229 810 170 65 calore
1348 810 204 65 secundum
1502 810 187 65 numerum
1638 810 85 65 &
1672 810 170 65 gradum
1791 810 204 65 caloris,
1944 810 102 65 ad
1995 810 136 65 quem
2080 810 170 65 nullus
2182 810 119 65 illo-

509 866 115 64 rum
574 866 214 64 attingere
739 866 115 64 per
805 866 99 64 se
854 866 230 64 potuisset.
1035 866 132 64 Quid
1117 866 148 64 autem
1216 866 197 64 arguitur
1364 866 230 64 apparenter
1545 866 164 64 contra
1660 866 132 64 hoc,
1742 866 132 64 quod
1824 866 214 64 generatum
1989 866 99 64 ab
2038 866 115 64 vno
2104 866 181 64 illorum
2235 866 99 64 po

509 923 134 57 test
593 923 218 57 corrumpi,
760 923 117 57 non
827 923 218 57 corrupto,
995 923 117 57 sed
1062 923 184 57 manente
1195 923 100 57 eo
1246 923 134 57 quod
1329 923 218 57 generatum
1497 923 117 57 est
1564 923 100 57 ab
1614 923 184 57 altero:
1748 923 134 57 Dico
1831 923 134 57 quod
1915 923 117 57 non
1982 923 117 57 est
2049 923 167 57 verum.
2166 923 134 57 immo
2233 923 67 57 to

515 973 110 64 ta
570 973 202 64 species
717 973 129 64 vna
791 973 92 64 &
828 973 166 64 eadem
938 973 129 64 per
1012 973 239 64 essentiam
1196 973 221 64 secundum
1361 973 202 64 numerum
1509 973 166 64 manet
1619 973 110 64 ad
1674 973 276 64 praesentiam
1895 973 166 64 vnius
2006 973 276 64 generantium
2208 973 92 64 il-

512 1020 134 67 lam,
596 1020 150 67 licet
696 1020 150 67 minus
796 1020 201 67 intensa,
947 1020 134 67 quam
1031 1020 134 67 fuit
1114 1020 201 67 generata
1265 1020 100 67 ad
1315 1020 251 67 praesentiam
1515 1020 184 67 plurium
1649 1020 217 67 agentium,
1816 1020 117 67 pro
1883 1020 167 67 quanto
2000 1020 251 67 efficacius,
2201 1020 84 67 &
2234 1020 100 67 in

520 1081 178 64 tensius
649 1081 194 64 mouebant
795 1081 97 64 ad
843 1081 259 64 generationem
1054 1081 162 64 illius
1167 1081 162 64 plures
1280 1081 162 64 simul,
1393 1081 129 64 quam
1474 1081 146 64 vnus,
1571 1081 113 64 aut
1636 1081 210 64 pauciores
1798 1081 178 64 tantum.
1927 1081 97 64 Et
1976 1081 113 64 hoc
2040 1081 243 64 quemadmodum
2218 1081 81 64 plu

518 1130 111 61 res
581 1130 142 61 simul
676 1130 205 61 intensius
834 1130 190 61 mouerent
976 1130 142 61 nauem
1071 1130 126 61 motu
1150 1130 174 61 veloci,
1276 1130 126 61 quam
1355 1130 190 61 quilibet
1497 1130 174 61 illorum
1624 1130 111 61 per
1687 1130 111 61 se,
1750 1130 111 61 aut
1813 1130 205 61 pauciores
1971 1130 142 61 simul
2066 1130 190 61 mouerent
2208 1130 126 61 motu

515 1187 143 58 lento.
615 1187 115 58 Vnde
687 1187 158 58 species
801 1187 115 58 illa
873 1187 172 58 generata
1002 1187 86 58 ad
1045 1187 215 58 praesentiam
1217 1187 172 58 plurium,
1346 1187 100 58 vel
1404 1187 186 58 pauciorum
1547 1187 215 58 generantium
1719 1187 143 58 illam,
1820 1187 72 58 &
1848 1187 244 58 conseruantium
2049 1187 100 58 eam
2107 1187 86 58 in
2150 1187 129 58 esse,
2221 1187 72 58 non

518 1240 178 59 differt
647 1240 130 59 nisi
728 1240 194 59 secundum
874 1240 146 59 magis
971 1240 211 59 intensum,
1133 1240 81 59 &
1166 1240 146 59 minus
1263 1240 211 59 intensum,
1425 1240 130 59 quae
1506 1240 275 59 vniuersaliter
1732 1240 97 59 in
1781 1240 146 59 eodem
1878 1240 194 59 subiecto
2024 1240 194 59 secundum
2153 1240 146 59 numerum

524 1292 104 60 non
583 1292 163 60 possunt
702 1292 178 60 differre
835 1292 178 60 secundum
969 1292 178 60 numerum,
1102 1292 133 60 sicut
1191 1292 89 60 in
1235 1292 178 60 diuersis
1369 1292 193 60 subiectis
1517 1292 104 60 non
1576 1292 178 60 praesent
1709 1292 178 60 differre
1843 1292 178 60 secundum
1976 1292 178 60 speciem.
2109 1292 89 60 Ad
2154 1292 178 60 secundum

522 1346 124 59 quod
599 1346 170 59 videtur
723 1346 170 59 directe
846 1346 155 59 facere
955 1346 155 59 contra
1063 1346 108 59 iam
1125 1346 155 59 dicta,
1233 1346 124 59 quod
1310 1346 93 59 si
1357 1346 139 59 eadem
1449 1346 170 59 species
1573 1346 139 59 esset
1666 1346 93 59 in
1712 1346 155 59 medio,
1821 1346 77 59 a
1852 1346 139 59 magis
1944 1346 139 59 albo,
2037 1346 77 59 &
2068 1346 139 59 minus
2161 1346 139 59 albo,
2238 1346 62 59 iu

520 1403 219 57 dicarentur
692 1403 125 57 ergo
771 1403 78 57 a
802 1403 125 57 visu
880 1403 125 57 fore
958 1403 219 57 aequaliter
1130 1403 141 57 alba,
1224 1403 125 57 dico
1302 1403 125 57 quod
1380 1403 172 57 species
1506 1403 109 57 rei
1568 1403 203 57 visibilis
1724 1403 94 57 in
1771 1403 141 57 medio
1865 1403 109 57 non
1928 1403 156 57 tantum
2037 1403 94 57 ex
2084 1403 109 57 hoc
2147 1403 141 57 mouet
2240 1403 94 57 ad

512 1452 228 70 determinate
694 1452 183 70 videndum
831 1452 167 70 aliquod
953 1452 198 70 visibile,
1105 1452 122 70 quid
1182 1452 107 70 est
1242 1452 167 70 species
1364 1452 228 70 simpliciter
1547 1452 152 70 ipsius
1653 1452 213 70 visibilis:
1821 1452 107 70 sed
1882 1452 107 70 cum
1943 1452 107 70 hoc
2004 1452 213 70 requiritur
2156 1452 152 70 visibile

516 1505 99 60 in
566 1505 248 60 oppositione
765 1505 199 60 secundum
913 1505 165 60 lineam
1029 1505 165 60 rectam
1145 1505 116 60 per
1211 1505 149 60 illud
1310 1505 165 60 medium
1426 1505 99 60 ad
1476 1505 199 60 pupillam
1625 1505 165 60 visus.
1741 1505 132 60 Vnde
1823 1505 116 60 per
1889 1505 182 60 speciem
2022 1505 232 60 existentem
2204 1505 99 60 in
2237 1505 66 60 me

516 1560 125 59 dio
588 1560 214 59 secundum
748 1560 250 59 veritatem,
945 1560 89 59 &
981 1560 125 59 non
1052 1560 179 59 rectam
1177 1560 286 59 oppositionem
1410 1560 107 59 ad
1463 1560 179 59 visum,
1588 1560 161 59 nullo
1695 1560 143 59 modo
1785 1560 179 59 potest
1910 1560 161 59 visus
2017 1560 179 59 moueri
2142 1560 107 59 ad
2178 1560 125 59 videm

519 1615 122 58 dum
588 1615 209 58 visibile
745 1615 87 58 a
780 1615 122 58 quo
850 1615 209 58 generata
1007 1615 140 58 est,
1095 1615 122 58 dum
1164 1615 157 58 illud
1269 1615 105 58 ex
1321 1615 192 58 obliquo
1461 1615 105 58 se
1514 1615 157 58 habet
1618 1615 105 58 ad
1671 1615 209 58 pupillam
1828 1615 175 58 oculi.
1950 1615 87 58 &
1985 1615 122 58 sic
2055 1615 122 58 non
2124 1615 175 58 potest
2229 1615 70 58 mo

513 1668 131 61 uere
595 1668 148 61 visum
693 1668 181 61 species
825 1668 99 61 in
874 1668 164 61 medio,
989 1668 131 61 nisi
1071 1668 99 61 ad
1120 1668 164 61 rectam
1235 1668 263 61 oppositionem
1449 1668 197 61 mediante
1597 1668 131 61 illa
1679 1668 197 61 visibile
1827 1668 164 61 habeat
1942 1668 99 61 se
1991 1668 197 61 respectu
2139 1668 164 61 visus,
2237 1668 66 61 si

517 1721 120 56 cut
585 1721 120 56 non
654 1721 171 56 potest
774 1721 188 56 species
911 1721 154 56 ipsum
1013 1721 171 56 mouere
1133 1721 137 56 nisi
1219 1721 205 56 quatenus
1373 1721 205 56 generata
1527 1721 120 56 est
1595 1721 86 56 a
1629 1721 205 56 visibili
1784 1721 103 56 se
1835 1721 188 56 habente
1972 1721 103 56 ad
2023 1721 154 56 talem
2126 1721 171 56 rectam
2229 1721 68 56 op

517 1776 242 66 positionem.
710 1776 145 66 Quare
807 1776 113 66 cum
871 1776 97 66 ad
920 1776 161 66 rectam
1032 1776 145 66 talem
1129 1776 258 66 oppositionem
1338 1776 113 66 non
1403 1776 113 66 sit
1467 1776 193 66 generata
1612 1776 129 66 nisi
1693 1776 193 66 secundum
1838 1776 161 66 gradum
1951 1776 242 66 intensionis
2128 1776 177 66 respondem

514 1832 117 63 tis
581 1832 184 63 virtuti
715 1832 84 63 &
749 1832 235 63 intensioni
933 1832 218 63 visibilis
1101 1832 184 63 directe
1235 1832 218 63 oppositi:
1402 1832 184 63 idcirco
1536 1832 184 63 species
1670 1832 184 63 intensa
1804 1832 84 63 a
1838 1832 201 63 pluribus
1989 1832 251 63 visibilibus
2190 1832 101 63 in
2223 1832 84 63 me-

526 1879 117 71 dio
593 1879 100 71 ad
643 1879 216 71 quodlibet
809 1879 183 71 illorum
943 1879 200 71 videndum
1092 1879 150 71 mouet
1192 1879 200 71 secundum
1342 1879 167 71 gradum
1459 1879 266 71 intensionis,
1675 1879 100 71 in
1725 1879 117 71 quo
1792 1879 133 71 nata
1875 1879 150 71 esset
1975 1879 200 71 generari
2125 1879 83 71 a
2141 1879 167 71 quolibet

522 1935 175 59 illorum
649 1935 111 59 per
713 1935 111 59 se,
776 1935 79 59 &
808 1935 95 59 ad
855 1935 159 59 nullum
966 1935 175 59 illorum
1093 1935 190 59 videndum
1236 1935 143 59 mouet
1331 1935 190 59 secundum
1474 1935 159 59 gradum
1585 1935 159 59 totius
1696 1935 238 59 intensionis
1887 1935 143 59 suae.
1982 1935 127 59 immo
2061 1935 111 59 non
2124 1935 127 59 plus
2188 1935 111 59 mouet

519 1991 96 57 ad
567 1991 193 57 videndum
711 1991 209 57 quodlibet
872 1991 193 57 illorum,
1016 1991 128 57 quam
1097 1991 177 57 moueret
1225 1991 96 57 ad
1273 1991 193 57 videndum
1418 1991 177 57 aliquod
1546 1991 177 57 illorum
1674 1991 177 57 species
1803 1991 193 57 generata
1947 1991 96 57 ab
1995 1991 128 57 illo
2075 1991 144 57 solo.
2156 1991 144 57 propter

525 2043 129 64 quod
605 2043 113 64 per
670 2043 161 64 eandem
783 2043 177 64 speciem
912 2043 129 64 bene
992 2043 242 64 diuersimode
1185 2043 209 64 iudicatur
1347 2043 97 64 de
1395 2043 145 64 magis
1491 2043 145 64 albo,
1588 2043 81 64 &
1620 2043 145 64 minus
1717 2043 145 64 albo,
1814 2043 81 64 &
1846 2043 129 64 vnum
1926 2043 177 64 illorum
2055 2043 209 64 iudicatur
2200 2043 97 64 esse

523 2100 169 62 albius
641 2100 186 62 altero.
776 2100 101 62 Ad
827 2100 203 62 tertium,
979 2100 135 62 quod
1063 2100 118 62 non
1131 2100 169 62 potest
1249 2100 152 62 eadem
1350 2100 186 62 species
1486 2100 169 62 numero
1604 2100 101 62 in
1654 2100 169 62 aliquo
1773 2100 152 62 eodem
1874 2100 169 62 numero
1992 2100 203 62 generari
2127 2100 169 62 diuersis

518 2150 196 65 motibus,
664 2150 147 65 sicut
762 2150 114 65 fit
827 2150 212 65 generatio
990 2150 98 65 in
1039 2150 147 65 medio
1137 2150 81 65 a
1170 2150 196 65 diuersis
1316 2150 261 65 visibilibus:
1528 2150 130 65 Dico
1610 2150 130 65 quod
1691 2150 163 65 falsum
1805 2150 130 65 est,
1887 2150 163 65 quando
2001 2150 130 65 sunt
2082 2150 196 65 mouentia
2213 2150 81 65 vni

515 2203 220 58 formiter,
684 2203 85 58 &
718 2203 169 58 simul,
836 2203 101 58 vt
887 2203 152 58 patet
989 2203 101 58 in
1039 2203 186 58 tractum
1175 2203 169 58 nauis,
1293 2203 85 58 &
1327 2203 254 58 generatione
1530 2203 186 58 caloris
1665 2203 101 58 in
1716 2203 152 58 aqua,
1817 2203 152 58 sicut
1919 2203 169 58 dictum
2037 2203 135 58 est.
2122 2203 85 58 &
2156 2203 118 58 cum
2207 2203 101 58 hoc,

518 2252 144 66 licet
614 2252 144 66 simul
710 2252 112 66 non
774 2252 192 66 agerent:
918 2252 112 66 sed
982 2252 144 66 agens
1078 2252 208 66 posterius
1238 2252 208 66 inueniret
1398 2252 160 66 manens
1510 2252 128 66 quod
1590 2252 144 66 actum
1686 2252 112 66 est
1750 2252 80 66 a
1782 2252 160 66 priore
1894 2252 176 66 agente,
2022 2252 96 66 vt
2070 2252 224 66 contingere
2230 2252 80 66 pos

521 2310 114 59 set
586 2310 98 59 in
635 2310 163 59 tractu
748 2310 179 59 eiusdem
878 2310 146 59 nauis
976 2310 81 59 a
1008 2310 195 59 pluribus
1155 2310 244 59 successiue:
1350 2310 81 59 &
1382 2310 211 59 similiter
1545 2310 98 59 in
1594 2310 260 59 calefactione
1805 2310 179 59 eiusdem
1935 2310 146 59 aquae
2033 2310 81 59 a
2065 2310 195 59 pluribus
2195 2310 114 59 igni-

512 2361 125 68 bus
583 2361 267 68 successiue,
797 2361 160 68 tamen
904 2361 160 68 actum
1011 2361 89 68 a
1046 2361 160 68 primo
1153 2361 232 68 augeretur
1331 2361 89 68 a
1367 2361 214 68 secundo,
1527 2361 89 68 &
1563 2361 125 68 est
1634 2361 142 68 vnum
1723 2361 89 68 &
1759 2361 142 68 idem
1848 2361 232 68 essentia.
2026 2361 107 68 Et
2079 2361 232 68 similiter
2240 2361 71 68 si

517 2419 149 68 vnum
611 2419 168 68 album
723 2419 168 68 primo
835 2419 205 68 generet
984 2419 205 68 speciem
1134 2419 149 68 suam
1227 2419 112 68 in
1283 2419 168 68 medio
1395 2419 131 68 per
1470 2419 112 68 se
1526 2419 187 68 absque
1656 2419 168 68 alio,
1768 2419 93 68 &
1806 2419 205 68 maneat,
1955 2419 93 68 &
1993 2419 243 68 conseruet
2161 2419 149 68 speci-

516 2476 110 66 em
571 2476 92 66 a
607 2476 110 66 se
663 2476 239 66 generatam
846 2476 110 66 in
901 2476 184 66 medio,
1030 2476 147 66 tunc
1122 2476 184 66 altero
1250 2476 147 66 albo
1342 2476 257 66 adueniente
1544 2476 110 66 in
1599 2476 165 66 recta
1709 2476 275 66 oppositione
1929 2476 110 66 ad
1985 2476 165 66 illud
2095 2476 202 66 medium,
2223 2476 92 66 spe

518 2528 145 59 ciem
609 2528 163 59 illam
717 2528 236 59 intendit,
899 2528 91 59 &
935 2528 127 59 est
1008 2528 163 59 eadem
1117 2528 181 59 numero
1244 2528 91 59 a
1280 2528 218 59 diuersis
1443 2528 218 59 motibus,
1606 2528 127 59 vel
1679 2528 109 59 ab
1733 2528 181 59 initio
1860 2528 236 59 generata,
2042 2528 91 59 &
2078 2528 236 59 posterius
2241 2528 73 59 au

525 2581 130 66 cta.
606 2581 114 66 Sed
671 2581 98 66 si
720 2581 130 66 sint
802 2581 179 66 diuersa
932 2581 196 66 mouentia
1079 2581 130 66 idem
1161 2581 212 66 subiectum
1324 2581 114 66 vel
1389 2581 179 66 medium,
1519 2581 228 66 successiue
1699 2581 147 66 prius
1797 2581 196 66 corrupto
1943 2581 196 66 generato
2090 2581 98 66 ab
2139 2581 130 66 vno,
2204 2581 98 66 quam

522 2635 196 68 sequatur
669 2635 147 68 motus
766 2635 98 68 ab
815 2635 147 68 alio,
913 2635 98 68 in
962 2635 114 68 hoc
1028 2635 131 68 casu
1109 2635 147 68 solum
1207 2635 196 68 loquitur
1354 2635 261 68 philosophus,
1566 2635 82 68 &
1599 2635 147 68 bene,
1697 2635 131 68 quod
1778 2635 114 68 non
1844 2635 163 68 potest
1958 2635 131 68 esse
2040 2635 147 68 eadem
2137 2635 163 68 forma:
2235 2635 82 68 pu-

515 2695 109 64 ta
569 2695 200 64 sanitas
715 2695 218 64 corrupta
878 2695 109 64 in
933 2695 164 64 mane,
1042 2695 91 64 &
1078 2695 254 64 regenerata
1278 2695 109 64 in
1314 2695 182 64 vespere.

850 2739 205 66 Equuntur
1004 2739 205 66 quaesita
1158 2739 103 66 de
1209 2739 257 66 substantia.
1414 2739 120 66 vbi
1483 2739 257 66 quaerebatur
1688 2739 171 66 vnicum
1808 2739 222 66 pertinens
1979 2739 103 66 ad
2030 2739 257 66 substantiam
2218 2739 103 66 crea

849 2797 118 63 tam
916 2797 269 63 generaliter.
1135 2797 168 63 Deinde
1253 2797 151 63 plura
1354 2797 252 63 pertinentia
1555 2797 101 63 ad
1606 2797 202 63 diuersas
1757 2797 252 63 substantias
1959 2797 303 63 intellectuales
2194 2797 118 63 crea-

847 2857 115 59 tas
912 2857 263 59 specialiter.
1126 2857 148 59 Illud
1225 2857 165 59 vnicum
1340 2857 148 59 erat,
1439 2857 148 59 vtrum
1538 2857 181 59 aliquod
1669 2857 148 59 agens
1768 2857 181 59 creatum
1900 2857 99 59 in
1949 2857 165 59 agendo
2064 2857 165 59 posset
2179 2857 165 59 attin-

851 2903 131 64 gere
933 2903 246 64 substantiam
1129 2903 164 64 primae
1244 2903 213 64 materiae.
1408 2903 98 64 Ex
1457 2903 197 64 arguitur
1605 2903 131 64 quod
1687 2903 131 64 sic,
1769 2903 115 64 hoc
1834 2903 148 64 modo.
1933 2903 131 64 Quod
2015 2903 180 64 aliquid
2146 2903 164 64 educit
2244 2903 66 64 de

849 2958 230 64 substantia
1030 2958 214 64 materiae,
1194 2958 181 64 actione
1326 2958 115 64 sua
1392 2958 197 64 attingit
1540 2958 165 64 illam,
1655 2958 132 64 quia
1737 2958 132 64 omne
1819 2958 148 64 agens
1918 2958 197 64 attingit
2066 2958 148 64 illud
2165 2958 99 64 in
2214 2958 132 64 quid

842 3010 141 73 agit:
936 3010 125 73 quia
1014 3010 141 73 agens
1108 3010 78 73 &
1139 3010 172 73 patiens
1264 3010 156 73 debent
1373 3010 125 73 esse
1451 3010 156 73 simul,
1561 3010 94 73 vt
1607 3010 172 73 dicitur
1732 3010 94 73 in
1779 3010 141 73 primo
1873 3010 94 73 de
1920 3010 250 73 generatione.
2123 3010 141 73 agens
2201 3010 109 73 autem

524 3067 172 79 creatum
649 3067 156 79 educit
759 3067 109 79 per
821 3067 250 79 generationem
1025 3067 266 79 substantialem
1244 3067 156 79 formam
1353 3067 109 79 non
1416 3067 94 79 de
1463 3067 188 79 subiecto
1603 3067 203 79 existente
1760 3067 94 79 in
1807 3067 156 79 actum,
1916 3067 141 79 sicut
2010 3067 156 79 educit
2119 3067 109 79 per
2166 3067 141 79 altera
