2445 3759
460 327 99 95 in
509 327 181 95 aliquam
640 327 131 95 sibi
722 327 197 95 propriam
870 327 263 95 operationem,
1084 327 115 95 vel
1150 327 197 95 actionem
1298 327 131 95 sese
1380 327 230 95 extendant,
1560 327 99 95 vt
1610 327 230 95 vegetatiua
1790 327 99 95 in
1840 327 148 95 motum
1938 327 197 95 crementi
2086 327 82 95 &
2103 327 164 95 nutritio

464 414 128 60 nis:
544 414 225 60 sensibilia
721 414 96 60 in
769 414 289 60 apprehensionem
1009 414 176 60 sensuum
1137 414 80 60 &
1170 414 144 60 motum
1266 414 192 60 secundum
1410 414 160 60 locum:
1522 414 273 60 intelligentia
1747 414 96 60 in
1795 414 241 60 operationem
1987 414 192 60 secundum
2116 414 144 60 intelle

472 467 123 54 ctum
549 467 77 54 &
580 467 200 54 rationem.
734 467 216 54 Quaecumque
903 467 139 54 autem
996 467 123 54 haec
1073 467 108 54 non
1135 467 170 54 possunt
1258 467 93 54 vt
1304 467 185 54 inaimata
1443 467 154 54 grauia
1551 467 77 54 &
1582 467 154 54 leuia:
1690 467 123 54 quae
1767 467 93 54 in
1813 467 123 54 suis
1890 467 139 54 locis
1982 467 154 54 omnino
2075 467 185 54 quiescunt:

469 519 108 53 nec
530 519 154 53 habent
638 519 154 53 omnino
746 519 92 53 in
792 519 92 53 se
838 519 216 53 principium
1008 519 169 53 aliquid
1131 519 169 53 mouendi
1254 519 108 53 se,
1316 519 108 53 vel
1377 519 169 53 aliquid
1500 519 154 53 agendi
1608 519 92 53 in
1654 519 185 53 seipsis:
1793 519 77 53 &
1824 519 108 53 cum
1885 519 123 53 sunt
1962 519 139 53 extra
2055 519 108 53 sua
2116 519 123 53 loca
2178 519 77 53 non

467 573 182 73 mouentur
603 573 91 73 ex
649 573 91 73 se
694 573 121 73 nisi
770 573 106 73 per
831 573 197 73 accidens.
983 573 182 73 secundum
1119 573 228 73 philosophum
1301 573 152 73 octauo
1407 573 228 73 physicorum.
1589 573 106 73 Cum
1650 573 152 73 igitur
1756 573 121 73 mors
1832 573 106 73 sit
1893 573 182 73 priuatio
2029 573 152 73 vitae:
2136 573 76 73 &
2166 573 121 73 quid

473 625 108 71 est
534 625 139 71 causa
627 625 170 71 habitus
751 625 108 71 per
813 625 124 71 suam
891 625 248 71 praesentiam,
1092 625 124 71 idem
1170 625 108 71 est
1232 625 139 71 causa
1325 625 232 71 priuationis
1510 625 108 71 per
1572 625 124 71 suam
1650 625 217 71 absentiam:
1820 625 139 71 sicut
1913 625 124 71 ergo
1991 625 93 71 in
2037 625 170 71 viuente
2146 625 108 71 forma

469 680 118 73 quae
543 680 133 73 anima
632 680 177 73 dicitur:
764 680 118 73 quia
838 680 89 73 ad
882 680 133 73 actum
971 680 133 73 vitae
1060 680 177 73 informat
1192 680 103 73 per
1251 680 221 73 praesentiam
1429 680 133 73 vitae
1517 680 177 73 actualis
1650 680 221 73 existentiae
1827 680 89 73 in
1871 680 207 73 composito,
2034 680 103 73 est
2078 680 177 73 principium

469 733 134 60 vitae
558 733 119 60 eius
632 733 119 60 quod
707 733 104 60 est
766 733 89 60 in
810 733 208 60 composito:
974 733 104 60 sic
1033 733 104 60 per
1092 733 119 60 suam
1167 733 193 60 absentiam
1315 733 89 60 in
1360 733 119 60 ipso
1434 733 104 60 est
1493 733 134 60 causa
1582 733 148 60 mortis
1686 733 163 60 ipsius.
1805 733 104 60 Sed
1864 733 252 60 intelligendum
2072 733 119 60 quod
2131 733 119 60 absen-

472 787 113 57 tia
536 787 209 57 huiusmodi
697 787 161 57 formae
810 787 81 57 a
842 787 193 57 materia:
987 787 81 57 &
1019 787 209 57 composito
1180 787 129 57 quod
1261 787 209 57 informat,
1422 787 225 57 dupliciter
1599 787 161 57 potest
1712 787 161 57 fieri.
1824 787 113 57 Vno
1889 787 129 57 modo
1969 787 113 57 per
2034 787 161 57 ipsius
2130 787 129 57 formae

469 837 221 74 interitum
639 837 85 74 &
673 837 289 74 corruptionem,
912 837 119 74 hoc
980 837 136 74 modo
1065 837 204 74 convenit
1218 837 136 74 mors
1303 837 238 74 viuentibus
1491 837 136 74 vita
1576 837 204 74 naturali
1729 837 238 74 vegetabili
1916 837 85 74 &
1950 837 221 74 sensibili
2104 837 153 74 tantum.

477 897 162 68 Quorum
590 897 162 68 formae
704 897 130 68 quae
785 897 130 68 sunt
866 897 97 68 in
915 897 113 68 eis
979 897 227 68 principium
1158 897 162 68 vitae,
1271 897 243 68 generabiles
1466 897 81 68 &
1498 897 276 68 corruptibiles
1725 897 130 68 sunt
1806 897 113 68 per
1871 897 195 68 naturam.
2017 897 130 68 Alio
2098 897 130 68 modo
2163 897 81 68 per

477 948 180 69 ipsius
603 948 180 69 formae
729 948 288 69 separationem
962 948 90 69 a
998 948 216 69 subiecto
1160 948 144 69 siue
1250 948 216 69 materia.
1412 948 126 69 Hoc
1484 948 144 69 modo
1574 948 180 69 tantum
1700 948 216 69 conuenit
1861 948 144 69 mors
1951 948 234 69 hominibus
2113 948 144 69 viuen-

477 1002 134 59 tibus
566 1002 119 59 vita
641 1002 268 59 intellectuali:
864 1002 104 59 non
924 1002 134 59 solum
1013 1002 208 59 vegetabili
1177 1002 74 59 &
1206 1002 208 59 sensibili:
1370 1002 89 59 eo
1415 1002 119 59 quod
1489 1002 134 59 anima
1578 1002 238 59 intellectiua
1772 1002 119 59 quae
1846 1002 104 59 est
1906 1002 208 59 principium
2069 1002 134 59 vitae
2144 1002 104 59 vege-

471 1055 185 56 tabilis,
610 1055 77 56 &
641 1055 232 56 sensibilis:
826 1055 77 56 &
857 1055 278 56 intellectualis
1089 1055 93 56 in
1135 1055 170 56 homine,
1259 1055 93 56 in
1305 1055 216 56 substantia
1475 1055 108 56 sua
1537 1055 108 56 non
1599 1055 108 56 est
1661 1055 247 56 generabilis,
1862 1055 108 56 vel
1923 1055 263 56 corruptibilis
2124 1055 124 56 corru-

471 1105 164 74 ptione
585 1105 213 74 naturali:
749 1105 115 74 sed
815 1105 246 74 naturaliter
1011 1105 229 74 immortalis
1191 1105 131 74 est,
1273 1105 82 74 &
1306 1105 164 74 omnino
1421 1105 246 74 separabilis
1617 1105 98 74 ab
1666 1105 98 74 eo
1715 1105 147 74 cuius
1814 1105 115 74 est
1879 1105 164 74 forma,
1994 1105 147 74 sicut
2076 1105 180 74 perpetuum

477 1163 77 66 a
507 1163 260 66 corruptibili,
722 1163 92 66 vt
767 1163 168 66 habitum
890 1163 107 66 est
951 1163 153 66 supra.
1058 1163 122 66 Vnde
1135 1163 168 66 dicitur
1257 1163 92 66 in
1303 1163 138 66 libro
1395 1163 92 66 de
1441 1163 168 66 spiritu
1563 1163 77 66 &
1594 1163 153 66 anima.
1701 1163 92 66 In
1747 1163 122 66 vita
1823 1163 153 66 animae
1931 1163 199 66 consistit
2084 1163 122 66 vita
2145 1163 107 66 corpo

465 1214 128 60 ris.
545 1214 128 60 Aima
625 1214 128 60 enim
704 1214 128 60 vita
784 1214 112 60 sua
848 1214 144 60 facit
944 1214 160 60 carnem
1055 1214 160 60 viuam:
1167 1214 80 60 &
1199 1214 96 60 de
1247 1214 176 60 virtute
1374 1214 176 60 naturae
1502 1214 128 60 suae
1582 1214 176 60 irrigat
1710 1214 207 60 animando:
1869 1214 144 60 anima
1965 1214 144 60 tamen
2061 1214 96 60 de
2108 1214 144 60 morte
2188 1214 64 60 ni

465 1266 106 57 hil
526 1266 152 57 habere
632 1266 167 57 potest:
753 1266 106 57 nec
814 1266 121 57 caro
890 1266 167 57 aliquid
1011 1266 91 57 de
1057 1266 121 57 vita
1133 1266 197 57 retinere,
1285 1266 121 57 nisi
1360 1266 91 57 ab
1406 1266 137 57 anima
1497 1266 152 57 fuerit
1603 1266 197 57 irrigata.
1755 1266 76 57 &
1785 1266 121 57 ideo
1861 1266 91 57 in
1907 1266 152 57 morte,
2013 1266 152 57 nostra
2119 1266 121 57 vita
2180 1266 76 57 non

475 1324 155 62 perit:
583 1324 108 62 sed
645 1324 155 62 corpus
753 1324 216 62 destruitur
923 1324 108 62 dum
985 1324 201 62 discedens
1139 1324 139 62 anima
1232 1324 108 62 vim
1294 1324 124 62 suam
1371 1324 108 62 non
1433 1324 170 62 perdit:
1556 1324 108 62 sed
1618 1324 124 62 quod
1696 1324 263 62 viuificauerat
1912 1324 108 62 hoc
1974 1324 201 62 dimittit:
2128 1324 77 62 &
2144 1324 108 62 quan-

465 1370 111 67 tum
528 1370 95 67 in
576 1370 95 67 se
623 1370 111 67 est
687 1370 158 67 mortem
797 1370 190 67 alterius
940 1370 158 67 facit:
1050 1370 127 67 ipsa
1129 1370 111 67 non
1193 1370 190 67 recipit.
1335 1370 142 67 Facit
1430 1370 158 67 inquam
1540 1370 111 67 non
1604 1370 237 67 viuificando
1793 1370 127 67 quod
1873 1370 190 67 desinit:
2015 1370 111 67 non
2078 1370 206 67 amittendo

467 1426 117 56 quod
540 1426 146 56 viuit.
643 1426 146 56 ltaque
745 1426 117 56 mors
818 1426 161 56 hominis
935 1426 131 56 nihil
1022 1426 131 56 aliud
1110 1426 102 56 est
1168 1426 117 56 quam
1241 1426 146 56 carnis
1344 1426 161 56 occasus
1460 1426 73 56 a
1490 1426 102 56 qua
1548 1426 102 56 cum
1606 1426 102 56 vis
1665 1426 190 56 potentiae
1811 1426 234 56 viuificantis
2001 1426 190 56 abscessit
2147 1426 88 56 in
2176 1426 73 56 ter

473 1481 104 69 ram
533 1481 89 69 de
577 1481 119 69 quae
652 1481 149 69 sumpta
756 1481 104 69 est
815 1481 134 69 redit
904 1481 164 69 amissis
1023 1481 178 69 sensibus
1157 1481 119 69 quos
1231 1481 104 69 per
1291 1481 164 69 seipsam
1410 1481 104 69 non
1469 1481 164 69 habuit.
1588 1481 104 69 Aia
1648 1481 149 69 namque
1752 1481 104 69 non
1811 1481 149 69 aliter
1915 1481 119 69 quam
1989 1481 104 69 sol
2049 1481 134 69 lucem
2138 1481 119 69 diei
2198 1481 59 69 vi

468 1543 105 58 tam
528 1543 165 58 tribuit
648 1543 135 58 carni
738 1543 105 58 cum
798 1543 180 58 venerit:
933 1543 150 58 mortem
1038 1543 165 58 efficit
1158 1543 105 58 cum
1218 1543 180 58 recedit.
1353 1543 135 58 Patet
1442 1543 165 58 igitur,
1562 1543 120 58 quod
1637 1543 105 58 cum
1697 1543 150 58 tribus
1802 1543 90 58 in
1847 1543 195 58 hominibus
1997 1543 225 58 attribuitur
2162 1543 90 58 viue

469 1588 105 65 re:
529 1588 150 65 alimae
634 1588 195 65 scilicet,
785 1588 180 65 corpori,
920 1588 75 65 &
950 1588 120 65 toti
1025 1588 210 65 composito:
1190 1588 135 65 vitae
1280 1588 150 65 animae
1386 1588 90 65 in
1431 1588 150 65 seipsa
1536 1588 105 65 non
1596 1588 195 65 opponitur
1746 1588 135 65 mors:
1836 1588 105 65 sed
1896 1588 135 65 solum
1987 1588 135 65 vitae
2077 1588 195 65 compositi
2212 1588 45 65 &

480 1641 203 67 corporis:
636 1641 125 67 quod
715 1641 156 67 habent
824 1641 94 67 ex
871 1641 219 67 praesentia
1042 1641 172 67 animae:
1167 1641 78 67 &
1198 1641 187 67 amittunt
1339 1641 94 67 ex
1386 1641 125 67 eius
1464 1641 187 67 absentia
1604 1641 78 67 &
1636 1641 250 67 separatione.
1839 1641 219 67 Veruntamen
2010 1641 203 67 sciendum:
2166 1641 125 67 quod

478 1694 129 62 mors
559 1694 129 62 alia
639 1694 178 62 ratione
769 1694 210 62 coniuncto
930 1694 194 62 aduenit:
1076 1694 129 62 alia
1157 1694 129 62 vero
1238 1694 178 62 ratione
1367 1694 194 62 corpori,
1512 1694 129 62 quid
1593 1694 113 62 est
1658 1694 162 62 altera
1771 1694 129 62 pars
1852 1694 145 62 eius.
1949 1694 113 62 Cum
2014 1694 129 62 enim
2094 1694 129 62 vita
2159 1694 97 62 con-

467 1751 159 64 iuncto
578 1751 191 64 conuenit
721 1751 95 64 ex
769 1751 159 64 vnione
880 1751 191 64 corporis
1023 1751 79 64 &
1055 1751 159 64 animae
1166 1751 175 64 insimul
1293 1751 111 64 cum
1356 1751 222 64 composito:
1531 1751 79 64 &
1563 1751 206 64 separatio
1721 1751 159 64 animae
1832 1751 79 64 a
1864 1751 175 64 corpore
1991 1751 159 64 omnino
2086 1751 175 64 corrumpit

468 1799 75 71 &
498 1799 194 71 annihilat
648 1799 179 71 rationem
782 1799 209 71 compositi:
947 1799 120 71 quia
1021 1799 135 71 anima
1111 1799 179 71 separata
1246 1799 105 71 iam
1306 1799 209 71 compositum
1470 1799 150 71 omnino
1575 1799 90 71 in
1620 1799 135 71 rerum
1710 1799 150 71 natura
1814 1799 105 71 non
1874 1799 120 71 est:
1949 1799 120 71 etsi
2024 1799 165 71 singula
2143 1799 120 71 ipsa
2203 1799 60 71 es

477 1856 130 64 sent
558 1856 259 64 componentia:
768 1856 130 64 mors
849 1856 162 64 igitur
963 1856 211 64 compositi
1125 1856 113 64 est
1190 1856 146 64 vitae
1287 1856 211 64 priuatio:
1449 1856 130 64 quae
1530 1856 146 64 totum
1627 1856 178 64 priuat,
1757 1856 81 64 &
1789 1856 227 64 compositum
1967 1856 194 64 secundum
2097 1856 162 64 rationem

481 1909 206 64 compositi
640 1909 79 64 &
672 1909 127 64 esse
751 1909 190 64 actualis
894 1909 238 64 existentiae
1084 1909 127 64 suae
1164 1909 222 64 annihilat.
1338 1909 79 64 &
1370 1909 190 64 secundum
1513 1909 127 64 hunc
1592 1909 143 64 modum
1688 1909 159 64 mortis
1799 1909 175 64 dicitur
1926 1909 127 64 quod
2005 1909 127 64 homo
2084 1909 190 64 moritur:
2211 1909 48 64 &

482 1962 128 71 quod
562 1962 128 71 homo
642 1962 176 71 mortuus
771 1962 128 71 est.
851 1962 208 71 Separatio
1011 1962 128 71 vero
1091 1962 160 71 animae
1204 1962 80 71 a
1236 1962 176 71 corpore
1364 1962 96 71 in
1412 1962 241 71 morientibus
1605 1962 112 71 non
1669 1962 160 71 omnino
1781 1962 208 71 corrumpit
1941 1962 176 71 corpus:
2070 1962 144 71 neque
2166 1962 128 71 anni

481 2017 157 68 hilat
585 2017 209 68 rationem
742 2017 297 68 corporeitatis
986 2017 105 68 in
1039 2017 157 68 ipso:
1143 2017 140 68 immo
1231 2017 157 68 manet
1335 2017 105 68 in
1388 2017 174 68 aliquo
1510 2017 157 68 esse,
1615 2017 105 68 vt
1667 2017 122 68 iam
1737 2017 209 68 dicetur.
1894 2017 140 68 Mors
1981 2017 174 68 igitur
2086 2017 174 68 corporis

478 2068 183 76 proprie
612 2068 117 76 est
678 2068 200 76 priuatio
828 2068 167 76 vitae:
945 2068 133 76 quae
1028 2068 117 76 non
1095 2068 167 76 priuat
1212 2068 150 76 totum
1312 2068 133 76 esse
1395 2068 217 76 corporis:
1562 2068 117 76 sed
1629 2068 167 76 omnino
1745 2068 167 76 priuat
1862 2068 150 76 totum
1962 2068 133 76 esse
2045 2068 167 76 animae
2162 2068 133 76 quod

488 2126 99 69 ei
537 2126 148 69 anima
635 2126 115 69 per
701 2126 115 69 sui
767 2126 246 69 praesentiam
964 2126 197 69 tribuit.
1112 2126 99 69 Ex
1161 2126 115 69 quo
1227 2126 131 69 enim
1309 2126 148 69 anima
1408 2126 99 69 ab
1457 2126 131 69 ipso
1539 2126 181 69 corpore
1671 2126 197 69 persecte
1818 2126 214 69 separatur
1983 2126 115 69 per
2048 2126 131 69 suam
2114 2126 148 69 substan

489 2177 151 62 tiam,
590 2177 168 62 nullum
708 2177 135 62 esse
792 2177 135 62 quod
876 2177 151 62 anima
977 2177 101 62 ei
1027 2177 185 62 tribuit
1162 2177 101 62 ex
1212 2177 118 62 hoc
1280 2177 135 62 quod
1364 2177 118 62 per
1431 2177 135 62 suam
1515 2177 252 62 substantiam
1717 2177 151 62 ipsum
1818 2177 219 62 animauit,
1986 2177 101 62 in
2036 2177 135 62 ipso
2104 2177 151 62 conser-

489 2231 111 69 uat
553 2231 111 69 aut
616 2231 222 69 relinquit.
791 2231 111 69 hoc
854 2231 127 69 enim
934 2231 159 69 omnino
1045 2231 111 69 est
1108 2231 254 69 impossibile.
1315 2231 127 69 Vnde
1394 2231 95 69 si
1442 2231 143 69 anima
1537 2231 254 69 intellectiua
1743 2231 143 69 iuxta
1838 2231 222 69 positionem
2013 2231 206 69 aliquorum
2156 2231 111 69 vnica

481 2283 140 62 forma
575 2283 109 62 sit
637 2283 93 62 in
683 2283 171 62 homine,
807 2283 124 62 quae
885 2283 171 62 virtute
1009 2283 186 62 continet
1149 2283 140 62 omnes
1242 2283 217 62 inferiores
1413 2283 171 62 formas:
1537 2283 78 62 &
1568 2283 140 62 facit
1661 2283 140 62 totum
1754 2283 93 62 in
1800 2283 155 62 homine
1909 2283 124 62 quod
1987 2283 155 62 formae
2080 2283 186 62 inferiores

485 2340 179 69 singulae
619 2340 164 69 faciunt
739 2340 90 69 in
784 2340 149 69 aliis:
888 2340 90 69 vt
933 2340 105 69 det
993 2340 119 69 esse
1067 2340 239 69 substantiae,
1262 2340 269 69 corporeitatis,
1486 2340 149 69 mixti,
1590 2340 75 69 &
1620 2340 209 69 cuiuslibet
1784 2340 194 69 alterius:
1933 2340 90 69 si
1978 2340 194 69 separetur
2128 2340 75 69 a
2143 2340 119 69 corpo-

490 2392 93 62 re
536 2392 186 62 secundum
675 2392 124 62 suam
752 2392 232 62 substantiam
938 2392 77 62 &
969 2392 139 62 actum
1062 2392 201 62 animandi:
1216 2392 155 62 nullum
1324 2392 124 62 esse
1402 2392 124 62 quod
1479 2392 93 62 ex
1525 2392 124 62 tali
1603 2392 216 62 praesentia
1773 2392 139 62 dedit
1865 2392 186 62 corpori,
2005 2392 139 62 manet
2097 2392 93 62 in
2144 2392 139 62 ipso,

486 2459 130 58 neque
572 2459 87 58 ab
615 2459 130 58 anima
702 2459 231 58 conseruatur,
890 2459 130 58 neque
976 2459 115 58 esse
1048 2459 231 58 substantiae,
1236 2459 115 58 nque
1308 2459 260 58 corporeitatis,
1524 2459 130 58 neque
1611 2459 173 58 alicuius
1741 2459 188 58 alterius.
1885 2459 101 58 Non
1943 2459 115 58 plus
2015 2459 115 58 enim
2087 2459 144 58 potest
2173 2459 87 58 com-

491 2498 164 70 seruare
610 2498 89 70 in
655 2498 164 70 corpore
774 2498 119 70 esse
848 2498 253 70 corporeitatis
1056 2498 104 70 aut
1116 2498 208 70 mixtionis,
1279 2498 119 70 quam
1354 2498 283 70 sensibilitatis.
1592 2498 119 70 Quia
1666 2498 89 70 si
1711 2498 149 70 manere
1815 2498 134 70 posse
1904 2498 178 70 dicatur:
2038 2498 74 70 &
2068 2498 104 70 non
2127 2498 104 70 est
2172 2498 89 70 esse

495 2551 274 73 sensibilitatis
723 2551 122 73 nisi
799 2551 122 73 quia
875 2551 152 73 potest
981 2551 183 73 sentire:
1118 2551 137 73 anima
1210 2551 183 73 separata
1346 2551 183 73 secundum
1483 2551 228 73 substantiam
1666 2551 137 73 adhuc
1757 2551 106 73 per
1818 2551 137 73 actum
1909 2551 122 73 eius
1985 2551 91 73 in
2031 2551 167 73 corpore
2137 2551 122 73 posset

483 2605 187 67 sentire.
624 2605 78 67 &
655 2605 109 67 sic
717 2605 172 67 quantum
842 2605 234 67 impossibile
1029 2605 109 67 est
1092 2605 156 67 dicere
1201 2605 125 67 quod
1279 2605 156 67 oculus
1388 2605 156 67 posset
1497 2605 156 67 videre
1606 2605 140 67 anima
1700 2605 203 67 separata,
1856 2605 109 67 vel
1918 2605 156 67 corpus
2027 2605 125 67 esse
2105 2605 140 67 album
2183 2605 78 67 si-

487 2670 89 59 ne
532 2670 193 59 albedine:
680 2670 149 59 tantum
785 2670 223 59 impossibile
963 2670 104 59 est
1023 2670 149 59 dicere
1127 2670 119 59 quod
1201 2670 134 59 anima
1290 2670 178 59 separata
1424 2670 164 59 aliquod
1543 2670 119 59 esse
1617 2670 193 59 conseruet
1766 2670 89 59 in
1811 2670 164 59 corpore
1930 2670 119 59 quid
2004 2670 104 59 per
2064 2670 119 59 suam
2123 2670 134 59 praesen

490 2714 125 66 tiam
569 2714 219 66 tribuebat.
741 2714 94 66 Et
788 2714 110 66 sic
850 2714 141 66 anima
944 2714 157 66 humana
1054 2714 235 66 cuiuscumque
1242 2714 172 66 hominis
1367 2714 188 66 separata
1508 2714 78 66 a
1539 2714 110 66 suo
1602 2714 188 66 corpore,
1742 2714 110 66 aut
1805 2714 188 66 induitur
1946 2714 125 66 noua
2024 2714 141 66 forma
2118 2714 125 66 quae
2181 2714 78 66 dat

493 2765 131 69 esse
574 2765 98 69 ei
624 2765 262 69 substantiale
836 2765 295 69 corporeitatis,
1082 2765 115 69 aut
1147 2765 147 69 manet
1245 2765 180 69 materia
1376 2765 131 69 nuda
1458 2765 164 69 absque
1573 2765 131 69 omni
1655 2765 147 69 forma
1753 2765 262 69 substantiali
1965 2765 115 69 sub
2015 2765 245 69 dimensionibus

489 2827 301 65 accidentalibus:
743 2827 95 65 vt
790 2827 95 65 in
838 2827 143 65 prima
933 2827 254 65 disputatione
1139 2827 159 65 nostra
1250 2827 95 65 de
1298 2827 190 65 Quolibet
1440 2827 127 65 fuit
1520 2827 238 65 declaratum.
1710 2827 127 65 Mors
1789 2827 127 65 ergo
1869 2827 190 65 corporis
2011 2827 127 65 vere
2091 2827 95 65 &,
2122 2827 143 65 proprie

490 2882 195 61 priuatio
636 2882 113 61 est
701 2882 162 61 vitae:
814 2882 81 61 &
846 2882 113 61 sic
911 2882 113 61 cum
976 2882 178 61 dicitur
1106 2882 130 61 quod
1187 2882 130 61 homo
1268 2882 113 61 est
1333 2882 195 61 mortuus:
1479 2882 81 61 &
1511 2882 130 61 quod
1592 2882 162 61 corpus
1706 2882 130 61 siue
1787 2882 178 61 cadauer
1917 2882 130 61 quod
1998 2882 178 61 remanet
2127 2882 113 61 est
2176 2882 81 61 mor

490 2935 141 64 tuum:
584 2935 125 64 alia
662 2935 78 64 &
693 2935 125 64 alia
771 2935 172 64 ratione
896 2935 234 64 praedicatur
1084 2935 172 64 mortuum
1209 2935 94 64 de
1256 2935 109 64 hoc
1318 2935 78 64 &
1349 2935 141 64 illo:
1443 2935 78 64 &
1474 2935 109 64 hoc
1537 2935 125 64 quia
1615 2935 156 64 animae
1724 2935 203 64 separatio
1880 2935 156 64 omnino
1990 2935 203 64 annihilat
2130 2935 125 64 ratio-

488 2981 117 68 nem
555 2981 217 68 compositi
722 2981 100 68 ex
772 2981 150 68 anima
872 2981 83 68 &
905 2981 200 68 corpore:
1055 2981 117 68 non
1122 2981 150 68 autem
1222 2981 167 68 omnino
1339 2981 217 68 annihilat
1506 2981 200 68 corporis
1656 2981 200 68 rationm:
1806 2981 117 68 sed
1872 2981 200 68 secundum
2023 2981 150 68 aliam
2106 2981 150 68 positio

490 3035 106 70 nem
550 3035 136 70 ipsum
641 3035 211 70 relinquit,
807 3035 91 70 vt
852 3035 151 70 dictum
958 3035 121 70 est.
1033 3035 106 70 Sed
1094 3035 151 70 aliter
1199 3035 91 70 in
1245 3035 166 70 Christo
1365 3035 75 70 &
1396 3035 91 70 in
1441 3035 136 70 aliis
1531 3035 211 70 hominibus.
1697 3035 121 70 Quia
1773 3035 121 70 enim
1848 3035 91 70 vt
1894 3035 166 70 dicitur
2014 3035 91 70 in
2060 3035 91 70 de
2105 3035 166 70 spiritu
2211 3035 45 70 &

492 3090 165 71 anima,
608 3090 265 71 viuificatur,
823 3090 198 71 regitur,
972 3090 83 71 &
1005 3090 232 71 continetur
1187 3090 149 71 lutea
1286 3090 132 71 illa
1369 3090 149 71 massa
1468 3090 215 71 humefacta
1634 3090 165 71 succis
1749 3090 99 71 ne
1799 3090 198 71 arefacta
1948 3090 265 71 dissoluatur.
2163 3090 99 71 Et
2196 3090 66 71 vt

488 3145 152 68 dicit
589 3145 253 68 philosophus
792 3145 101 68 in
842 3145 135 68 fine
926 3145 152 68 primi
1028 3145 101 68 de
1078 3145 169 68 anima.
1196 3145 169 68 corpus
1314 3145 118 68 non
1382 3145 202 68 continet
1533 3145 185 68 animam:
1668 3145 118 68 sed
1735 3145 219 68 econverso
1904 3145 152 68 magis
2005 3145 152 68 anima
2089 3145 169 68 continet

492 3193 185 78 corpus.
627 3193 235 78 Egrediente
812 3193 135 78 enim
896 3193 151 78 anima
997 3193 168 78 corpus
1114 3193 185 78 expirat
1249 3193 84 78 &
1283 3193 235 78 marcescit.
1468 3193 185 78 idcirco
1602 3193 252 78 naturaliter
1804 3193 101 78 in
1854 3193 185 78 omnibus
1989 3193 151 78 aliis
2073 3193 185 78 hominibus
