2725 3771
188 351 218 84 decembris,
360 351 218 84 videlicet.
531 351 109 84 vi.
593 351 125 84 idus
671 351 218 84 decembris,
842 351 109 84 qua
905 351 78 84 a
936 351 202 84 Normannis
1091 351 156 84 festum
1200 351 249 84 conceptionis
1403 351 187 84 virginis
1543 351 234 84 celebratur:
1730 351 125 84 erat
1808 351 187 84 tmproeus
1932 351 78 84 con

201 430 203 65 ceptionis
358 430 188 65 viroinis
498 430 94 65 in
545 430 125 65 nudo
623 430 172 65 semine:
748 430 203 65 nequaquam
905 430 125 65 ergo
983 430 156 65 debent
1092 430 141 65 illud
1186 430 203 65 celebrare
1342 430 172 65 ratione
1468 430 156 65 illius
1577 430 266 65 conceptionis,
1796 430 94 65 in
1843 430 141 65 cuius
1936 430 94 65 an

194 480 208 77 niuersario
357 480 119 77 ipsi
432 480 148 77 semper
536 480 134 77 illud
625 480 208 77 celebrant,
788 480 74 77 &
818 480 104 77 hoc
877 480 134 77 neque
966 480 178 77 secundum
1099 480 148 77 primum
1203 480 148 77 modum,
1307 480 134 77 neque
1396 480 178 77 secundum
1530 480 178 77 secundum
1663 480 237 77 intelligendi
1842 480 148 77 quaestio

199 538 100 51 nem
256 538 214 51 praedictos.
427 538 71 51 &
455 538 100 51 hoc
513 538 114 51 quia
584 538 86 51 ab
627 538 114 51 illo
698 538 114 51 die.
769 538 128 51 viii.
855 538 185 51 decembris
998 538 128 51 vsque
1083 538 86 51 ad
1126 538 114 51 diem
1197 538 214 51 natiuitatis
1368 538 114 51 eius
1440 538 86 51 ex
1482 538 143 51 vtero.
1582 538 128 51 viii.
1668 538 100 51 die
1725 538 100 51 hoc
1782 538 114 51 est.
1853 538 100 51 vi.
1910 538 114 51 idus

204 582 225 76 septembris,
384 582 195 76 fluxerunt
534 582 135 76 decem
624 582 150 76 menses
729 582 165 76 vsuales
849 582 165 76 praeter
969 582 165 76 quatuor
1089 582 135 76 dies,
1178 582 105 76 qui
1238 582 120 76 sunt
1313 582 225 76 regulariter
1493 582 195 76 temproeus
1643 582 195 76 periodale
1793 582 150 76 partus
1883 582 120 76 mulie-

198 644 105 73 ris
258 644 136 73 inter
349 644 196 73 conceptum
499 644 166 73 seminis
620 644 136 73 nudi,
710 644 75 73 &
740 644 151 73 pertum
845 644 166 73 prolis.
966 644 105 73 Sed
1026 644 90 73 si
1071 644 196 73 celebrant
1222 644 136 73 illud
1312 644 166 73 ratione
1433 644 256 73 conceptionis,
1644 644 151 73 debent
1749 644 196 73 intendere
1900 644 120 73 quod

194 699 158 57 ratione
309 699 173 57 alicuius
438 699 173 57 alterius
568 699 245 57 conceptionis,
770 699 86 57 vt
813 699 101 57 iam
871 699 202 57 videbitur.
1029 699 101 57 Sed
1087 699 158 57 ratione
1202 699 130 57 talis
1288 699 230 57 conceptionis
1475 699 173 57 secundum
1605 699 173 57 vtrumque
1735 699 130 57 modum
1807 699 187 57 quaestionis

206 751 228 67 competenter
388 751 213 67 celebratur
555 751 152 67 festum
661 751 243 67 conceptionis
859 751 182 67 Christi,
996 751 122 67 quid
1072 751 167 67 vocatur
1193 751 152 67 festum
1299 751 289 67 annunciationis,
1542 751 76 67 &
1573 751 228 67 celebratur.
1755 751 122 67 xxv.
1831 751 106 67 die
1876 751 122 67 Martii

209 810 206 58 videlicet.
371 810 132 58 viii.
459 810 176 58 calendas
591 810 176 58 Aprilis:
724 810 73 58 a
753 810 103 58 quo
812 810 132 58 vsque
900 810 88 58 ad
944 810 103 58 die
1003 810 220 58 natiuitatis
1179 810 162 58 domini,
1296 810 118 58 quae
1370 810 118 58 est.
1443 810 118 58 xxv.
1517 810 103 58 die
1576 810 206 58 Decembris,
1737 810 206 58 videlicet.
1884 810 103 58 viii.

207 859 183 57 calendas
344 859 198 57 lanuarii,
496 859 213 57 fluxerunt.
663 859 152 57 xxxix.
770 859 213 57 septimanae
937 859 122 57 &duo
1013 859 137 57 dies:
1105 859 122 57 quae
1181 859 137 57 sunt.
1272 859 91 57 x,
1318 859 152 57 menses
1424 859 183 57 vsuales,
1561 859 167 57 praeter
1683 859 183 57 quaetuor
1820 859 137 57 dies,
1896 859 91 57 com-

200 915 194 69 putando.
345 915 177 69 xxviii.
474 915 129 69 dies
555 915 113 69 pro
619 915 161 69 mense.
732 915 226 69 Computando
909 915 145 69 autem
1006 915 161 69 menses
1119 915 194 69 lunares,
1264 915 97 69 in
1313 915 113 69 vno
1377 915 161 69 mense.
1490 915 145 69 xxix:
1587 915 145 69 dies,
1684 915 97 69 in
1732 915 129 69 alio
1813 915 145 69 vero.
1893 915 97 69 xxx.

202 971 134 57 sunt
286 971 150 57 nouem
386 971 184 57 menses,
520 971 84 57 &
553 971 150 57 decem
654 971 150 57 dies.
754 971 234 57 Computando
938 971 134 57 vero
1021 971 167 57 menses
1138 971 251 57 calendarii,
1339 971 134 57 sunt
1423 971 150 57 nouem
1523 971 184 57 menses,
1657 971 117 57 nec
1724 971 134 57 plus
1807 971 117 57 nec
1857 971 134 57 minus.

206 1027 215 52 Augustinus
375 1027 139 52 autem
467 1027 200 52 computans
621 1027 154 52 menses
729 1027 200 52 breuiores
883 1027 154 52 nescio
991 1027 154 52 qualem
1098 1027 185 52 computum
1237 1027 154 52 dierum
1345 1027 92 52 in
1391 1027 139 52 mense
1483 1027 169 52 secutus
1606 1027 185 52 computat
1745 1027 169 52 tantum.
1868 1027 108 52 ix.
1914 1027 77 52 men

206 1074 98 77 ses
262 1074 70 77 &
290 1074 98 77 sex
346 1074 126 77 dies,
431 1074 84 77 vt
473 1074 112 77 dies
543 1074 126 77 illos
627 1074 155 77 adaptet
740 1074 183 77 mysterio.
880 1074 126 77 iiii.
965 1074 84 77 de
1007 1074 183 77 trinitate
1147 1074 169 77 capitulo
1274 1074 98 77 vi.
1330 1074 98 77 sic
1386 1074 183 77 inquiens.
1526 1074 84 77 In
1569 1074 239 77 aedificatione
1765 1074 169 77 corporis
1878 1074 112 77 domini

200 1131 117 56 ci,
267 1131 101 56 in
318 1131 151 56 cuius
418 1131 168 56 figura
535 1131 184 56 templum
669 1131 84 56 a
703 1131 184 56 ludaeis
837 1131 235 56 destructum
1021 1131 168 56 triduo
1139 1131 302 56 resuscitaturum
1390 1131 134 56 esse
1474 1131 201 56 dicebat,
1624 1131 184 56 numerus
1758 1131 134 56 ipse
1825 1131 168 56 senarius

203 1187 103 60 pro
262 1187 118 60 anno
336 1187 162 60 positus
453 1187 250 60 intelligitur.
659 1187 177 60 Dixerunt
792 1187 132 60 enim.
880 1187 132 60 xlvi.
969 1187 132 60 annis
1057 1187 221 60 aedificatum
1233 1187 177 60 templum,
1366 1187 74 60 &
1395 1187 206 60 quadragies
1557 1187 147 60 sexies
1660 1187 118 60 seni
1734 1187 132 60 fiunt
1822 1187 162 60 ducenti
1925 1187 59 60 se

198 1245 201 65 ptuaginta
352 1245 108 65 sex
414 1245 139 65 dies,
506 1245 108 65 qui
568 1245 170 65 numerus
691 1245 154 65 dierum
800 1245 185 65 complet.
938 1245 108 65 ix.
1000 1245 170 65 menses,
1124 1245 77 65 &
1155 1245 108 65 sex
1216 1245 139 65 dies,
1309 1245 108 65 qui
1371 1245 170 65 tanquam
1494 1245 108 65 sex
1556 1245 154 65 menses
1664 1245 232 65 parientibus
1834 1245 154 65 foeminis

199 1288 218 82 imputantur,
374 1288 102 82 non
432 1288 116 82 quia
504 1288 131 82 omnes
591 1288 87 82 ad
635 1288 145 82 sextum
736 1288 116 82 dien
809 1288 116 82 post
881 1288 131 82 nonum
968 1288 145 82 mensem
1070 1288 218 82 perueniunt:
1244 1288 102 82 sed
1302 1288 116 82 quia
1375 1288 116 82 ipsa
1447 1288 189 82 perfectio
1592 1288 174 82 corporis
1723 1288 145 82 domini
1824 1288 102 82 tot
1868 1288 116 82 diebus

192 1339 94 73 ad
239 1339 157 73 partum
350 1339 189 73 perducta
491 1339 236 73 comperitur,
680 1339 142 73 sicut
775 1339 79 73 a
806 1339 205 73 maioribus
964 1339 189 73 traditum
1105 1339 220 73 suscipiens
1279 1339 205 73 ecclesiae
1436 1339 189 73 custodit
1578 1339 236 73 auctoritas.
1767 1339 142 73 viii.
1861 1339 126 73 enim
1924 1339 63 73 ca

194 1397 155 80 lendas
303 1397 171 80 Aprilis
427 1397 202 80 conceptus
583 1397 186 80 creditur
723 1397 109 80 quo
785 1397 78 80 &
816 1397 171 80 passus,
940 1397 140 80 natus
1033 1397 140 80 autem
1127 1397 202 80 traditur.
1282 1397 140 80 viii.
1375 1397 186 80 calendas
1515 1397 202 80 lanuarii.
1670 1397 93 80 Ab
1717 1397 124 80 illo
1795 1397 124 80 ergo
1872 1397 109 80 die
1919 1397 62 80 vs

197 1457 112 72 que
261 1457 96 72 ad
309 1457 144 72 istum
404 1457 207 72 computati
564 1457 175 72 ducenti
691 1457 239 72 septuaginta
883 1457 112 72 sex
947 1457 239 72 reperiuntur
1138 1457 144 72 dies,
1234 1457 112 72 qui
1297 1457 191 72 senarium
1441 1457 175 72 numerum
1568 1457 223 72 quadragies
1744 1457 159 72 sexies
1839 1457 144 72 habent,

202 1511 108 64 quo
263 1511 155 64 numero
372 1511 170 64 annorum
495 1511 170 64 templum
619 1511 232 64 aedificatum
805 1511 124 64 est.
882 1511 124 64 quia
959 1511 93 64 eo
1006 1511 155 64 numero
1114 1511 217 64 senariorum
1284 1511 155 64 dierum
1392 1511 155 64 corpus
1501 1511 155 64 domini
1609 1511 201 64 perfectum
1763 1511 124 64 est.
1841 1511 93 64 Et
1887 1511 124 64 quod

202 1565 176 54 ratione
330 1565 144 54 talis
426 1565 255 54 conceptionis
633 1565 96 54 in
681 1565 160 54 semine
793 1565 239 54 congruenter
984 1565 223 54 celebratur
1160 1565 160 54 festum
1272 1565 255 54 conceptionis
1479 1565 192 54 Christi,
1623 1565 112 54 quo
1687 1565 96 54 ad
1735 1565 192 54 vtrumque
1878 1565 144 54 modum

197 1613 246 78 intelligendi
397 1613 246 78 quaestionem,
597 1613 231 78 praedictum,
781 1613 139 78 ratio
874 1613 108 78 est
935 1613 123 78 quod
1012 1613 92 78 in
1059 1613 123 78 hora
1135 1613 108 78 seu
1197 1613 169 78 momento
1320 1613 246 78 conceptionis
1520 1613 169 78 seminis
1643 1613 92 78 in
1690 1613 139 78 vtero
1782 1613 185 78 virginis
1905 1613 77 78 com

197 1673 145 73 ceptus
299 1673 102 73 est
357 1673 175 73 Christus
488 1673 189 73 perfectus
634 1673 116 73 homo
707 1673 87 73 ex
750 1673 131 73 anima
838 1673 189 73 rationali
983 1673 73 73 &
1012 1673 145 73 carne,
1114 1673 73 73 &
1143 1673 189 73 perfectus
1289 1673 116 73 deus
1361 1673 218 73 incarnatus,
1536 1673 73 73 &
1565 1673 102 73 per
1623 1673 102 73 hoc
1681 1673 175 73 secundum
1812 1673 160 73 hominem
1914 1673 73 73 san

192 1720 226 61 ctificatus
370 1720 81 61 &
402 1720 194 61 sanctus.
548 1720 178 61 Propter
677 1720 129 61 quod
758 1720 81 61 &
790 1720 210 61 conceptio
952 1720 162 61 illius
1065 1720 162 61 sancta
1178 1720 146 61 fuit.
1275 1720 146 61 Secus
1372 1720 146 61 autem
1469 1720 113 61 est
1534 1720 97 61 de
1583 1720 243 61 conceptione
1777 1720 162 61 beatae
1874 1720 113 61 virgi

198 1771 111 62 nis
262 1771 95 62 in
309 1771 175 62 semine:
437 1771 127 62 quia
516 1771 127 62 ipsa
596 1771 191 62 concepta
739 1771 111 62 est
803 1771 95 62 in
850 1771 175 62 semine,
978 1771 80 62 &
1009 1771 191 62 generata
1153 1771 127 62 more
1232 1771 191 62 aliorum,
1375 1771 80 62 &
1407 1771 111 62 non
1471 1771 159 62 statim
1582 1771 95 62 in
1630 1771 127 62 hora
1710 1771 255 62 conceptionis
1900 1771 80 62 se-

199 1835 134 58 minis
289 1835 119 58 fuit
363 1835 119 58 homo
438 1835 179 58 perfecta
572 1835 89 58 ex
617 1835 134 58 anima
706 1835 194 58 rationali
855 1835 75 58 &
885 1835 149 58 carne,
990 1835 134 58 sicut
1079 1835 104 58 nec
1139 1835 134 58 alii:
1228 1835 104 58 sed
1288 1835 104 58 per
1348 1835 179 58 temporum
1482 1835 209 58 interualla
1646 1835 164 58 actione
1765 1835 164 58 naturae
1885 1835 89 58 ad
1914 1835 60 58 il

194 1882 117 65 lam
261 1882 266 65 perfectionem
477 1882 216 65 perducta.
644 1882 100 65 Vt
694 1882 133 65 enim
777 1882 150 65 dicit
877 1882 167 65 Macro.
994 1882 100 65 in
1044 1882 250 65 expositione
1243 1882 167 65 somnii
1360 1882 216 65 Scipionis
1526 1882 100 65 de
1576 1882 150 65 repu.
1676 1882 233 65 Ciceronis.
1843 1882 133 65 Semine

202 1938 145 69 semel
299 1938 145 69 intra
396 1938 194 69 formandi
541 1938 178 69 hominis
670 1938 178 69 monetam
800 1938 162 69 locato
913 1938 113 69 hoc
977 1938 162 69 primum
1090 1938 178 69 artifex
1220 1938 162 69 natura
1333 1938 194 69 molitur:
1478 1938 97 69 vt
1527 1938 129 69 die.
1607 1938 129 69 vii.
1688 1938 226 69 folliculum
1850 1938 129 69 circun

197 1991 119 72 det
265 1991 221 72 genitiuum
435 1991 170 72 humori
554 1991 102 72 ex
605 1991 204 72 membrana
758 1991 119 72 tam
826 1991 170 72 tenui,
945 1991 170 72 qualis
1064 1991 102 72 in
1115 1991 119 72 ouo
1183 1991 102 72 ab
1234 1991 221 72 exteriore
1404 1991 153 72 testa
1506 1991 238 72 clauditur:
1693 1991 85 72 &
1727 1991 153 72 intra
1829 1991 102 72 se
1863 1991 119 72 clau-

194 2044 112 71 dit
258 2044 208 71 liquorem.
418 2044 112 71 Hoc
482 2044 112 71 cum
546 2044 80 71 a
578 2044 192 71 physicis
722 2044 224 71 deprhensum
898 2044 128 71 sit,
978 2044 240 71 Hippocrates
1170 2044 160 71 quoque
1282 2044 128 71 ipse
1362 2044 112 71 qui
1426 2044 112 71 tam
1490 2044 192 71 fallere,
1634 2044 128 71 quam
1714 2044 144 71 falli
1810 2044 176 71 nescit,
1922 2044 64 71 ex

189 2098 211 78 perimenti
351 2098 162 78 certus
465 2098 97 78 in
514 2098 146 78 libro
611 2098 114 78 qui
676 2098 97 78 de
725 2098 162 78 natura
838 2098 146 78 pueri
936 2098 260 78 inscribitur,
1147 2098 211 78 asseruit.
1309 2098 179 78 Straton
1439 2098 130 78 vero
1520 2098 292 78 peripateticus,
1764 2098 81 78 &
1796 2098 179 78 Diocles
1910 2098 65 78 Ca

193 2159 192 51 rystius
332 2159 209 51 concepti
489 2159 209 51 corporis
645 2159 209 51 fabricam
802 2159 122 51 hac
872 2159 279 51 obseruatione
1098 2159 261 51 dispensant,
1307 2159 104 51 vt
1359 2159 226 51 hebdomade
1533 2159 192 51 secunda
1673 2159 296 51 credantguttas
1899 2159 87 51 san

188 2209 166 65 guinis
304 2209 99 65 in
354 2209 232 65 superficie
536 2209 215 65 folliculi
702 2209 215 65 apparere.
867 2209 182 65 tertia,
1000 2209 182 65 demergi
1132 2209 116 65 eas
1199 2209 215 65 introrsum
1364 2209 99 65 ad
1414 2209 149 65 ipsum
1513 2209 265 65 conceptionis
1729 2209 199 65 humorem,
1878 2209 132 65 quar

194 2262 116 61 ta,
261 2262 183 61 humorem
394 2262 150 61 ipsum
493 2262 233 61 coagulari,
676 2262 100 61 vt
726 2262 183 61 quiddam
859 2262 150 61 velut
959 2262 150 61 inter
1058 2262 216 61 sanguinem
1224 2262 83 61 &
1258 2262 166 61 carnem
1374 2262 183 61 liquida
1507 2262 150 61 adhuc
1607 2262 233 61 soliditate
1773 2262 199 61 conueniat,

192 2316 179 65 quinta
317 2316 143 65 vero
406 2316 214 65 interdum
567 2316 161 65 fingi
674 2316 107 65 in
728 2316 143 65 ipsa
817 2316 250 65 substantia
1014 2316 196 65 humoris
1157 2316 196 65 humanam
1299 2316 196 65 figuram
1442 2316 268 65 magnitudine
1657 2316 179 65 quidem
1782 2316 161 65 apis,
1889 2316 125 65 sed

206 2369 97 61 vt
254 2369 97 61 in
302 2369 129 61 illa
383 2369 209 61 breuitate
544 2369 161 61 membra
656 2369 161 61 omnia,
769 2369 80 61 &
801 2369 209 61 designata
962 2369 161 61 totius
1075 2369 193 61 corporis
1220 2369 225 61 lineamenta
1397 2369 241 61 consistant.
1590 2369 129 61 ldeo
1670 2369 209 61 adiecimus
1815 2369 161 61 interdum

192 2428 130 73 quia
273 2428 179 73 constat
403 2428 195 73 quotiens
549 2428 163 73 quinta
663 2428 211 73 hebdomade
826 2428 195 73 fingitur
972 2428 228 73 designatio
1151 2428 130 73 ista
1232 2428 228 73 membrorum,
1411 2428 146 73 mense
1509 2428 179 73 septimo
1639 2428 195 73 maturari
1785 2428 179 73 partum.
1899 2428 81 73 Cum

192 2480 144 64 autem
288 2480 128 64 nono
368 2480 144 64 mense
464 2480 208 64 absolutio
624 2480 160 64 futura
735 2480 128 64 est,
815 2480 96 64 si
863 2480 160 64 quidem
975 2480 160 64 foemia
1087 2480 240 64 fabricatur,
1279 2480 144 64 sexta
1375 2480 208 64 hebdomade
1535 2480 112 64 iam
1598 2480 160 64 membra
1710 2480 176 64 diuidi:
1838 2480 96 64 si
1870 2480 112 64 mascu

197 2530 103 63 lus
256 2530 176 63 septima.
388 2530 118 63 Haec
462 2530 132 63 ille.
550 2530 118 63 Ista
623 2530 132 63 autem
712 2530 191 63 membrorum
858 2530 191 63 diuisione
1005 2530 176 63 completa
1138 2530 88 63 in
1182 2530 147 63 vltimo
1284 2530 176 63 instanti
1417 2530 147 63 illius
1520 2530 206 63 perficitur
1681 2530 147 63 totius
1784 2530 176 63 corporis
1902 2530 73 63 or-

191 2595 205 62 ganizatio,
353 2595 73 62 &
382 2595 191 62 generatur
529 2595 132 62 forma
617 2595 250 62 corporeitatis
822 2595 176 62 humanae,
955 2595 132 62 atque
1043 2595 132 62 anima
1131 2595 205 62 rationalis
1292 2595 161 62 creando
1410 2595 73 62 a
1439 2595 103 62 deo
1498 2595 220 62 infunditur,
1674 2595 88 62 vt
1718 2595 132 62 actus
1806 2595 73 62 &
1821 2595 161 62 perfectio

196 2644 144 54 illius
297 2644 188 54 lextrema:
441 2644 72 54 a
470 2644 101 54 quo
528 2644 87 54 in
571 2644 144 54 vnione
672 2644 101 54 cum
730 2644 115 54 illo
802 2644 159 54 propter
917 2644 173 54 morbidam
1047 2644 188 54 disponnem
1192 2644 159 54 fomitis
1307 2644 202 54 contractam
1466 2644 130 54 anima
1552 2644 202 54 rationalis
1711 2644 87 54 in
1754 2644 130 54 eodem
1827 2644 144 54 instanti

196 2697 199 67 contrahit
348 2697 168 67 maculam
471 2697 168 67 peccati
593 2697 199 67 original,
746 2697 76 67 &
776 2697 214 67 concipitur
944 2697 92 67 in
990 2697 168 67 peccato
1112 2697 122 67 homo
1189 2697 199 67 perfectus
1341 2697 92 67 in
1387 2697 137 67 forma
1479 2697 153 67 humana
1586 2697 183 67 formatus
1723 2697 92 67 ex
1769 2697 168 67 semine:
1891 2697 76 67 &
1907 2697 76 67 hoc

196 2749 148 65 xxxv.
294 2749 115 65 die
360 2749 82 65 a
393 2749 197 65 conceptu
541 2749 148 65 semis
640 2749 132 65 nudi
722 2749 99 65 si
772 2749 115 65 sit
837 2749 197 65 foemina.
986 2749 148 65 xlii.
1084 2749 99 65 si
1134 2749 115 65 sit
1199 2749 214 65 masculus.
1364 2749 99 65 Et
1413 2749 115 65 hoc
1479 2749 132 65 quia
1562 2749 197 65 fortiori
1710 2749 82 65 &
1743 2749 197 65 ampliori
1891 2749 115 65 di-

199 2808 184 65 gestione
337 2808 200 65 maturatur
491 2808 123 65 mas,
567 2808 123 65 quam
644 2808 184 65 foemina.
783 2808 92 65 Si
829 2808 123 65 ergo
906 2808 184 65 loquamur
1044 2808 92 65 de
1090 2808 123 65 ista
1167 2808 231 65 conceptione
1351 2808 169 65 virgis,
1474 2808 123 65 quam
1551 2808 184 65 concepta
1689 2808 108 65 est
1751 2808 123 65 homo
1812 2808 154 65 perfecta

191 2857 96 67 xi.
246 2857 96 67 die
301 2857 165 67 lanuaris
426 2857 165 67 scilicet
550 2857 110 67 iii.
618 2857 110 67 idus
687 2857 179 67 lanuarii,
825 2857 110 67 quae
894 2857 179 67 conceptio
1032 2857 110 67 fuit
1101 2857 110 67 eius
1170 2857 179 67 natiuitas
1308 2857 83 67 in
1349 2857 138 67 vtero:
1445 2857 165 67 vlterius
1570 2857 193 67 distinguo.
1721 2857 110 67 quia
1790 2857 124 67 virgo
1873 2857 96 67 aut
1928 2857 83 67 in

197 2909 121 58 illo
272 2909 136 58 eodem
363 2909 196 58 instanti,
514 2909 106 58 quo
574 2909 106 58 sic
635 2909 181 58 concepta
770 2909 106 58 est
831 2909 136 58 mundo
921 2909 75 58 &
952 2909 196 58 originali
1103 2909 166 58 peccato
1223 2909 166 58 infecta
1344 2909 136 58 simul
1435 2909 121 58 fuit
1510 2909 181 58 concepta
1646 2909 106 58 deo
1706 2909 136 58 etiam
1797 2909 106 58 per
1842 2909 136 58 generam

198 2962 307 55 sctinficationis,
459 2962 108 55 aut
520 2962 123 55 non.
597 2962 92 55 Si
643 2962 108 55 non
705 2962 92 55 in
751 2962 138 55 eodem
843 2962 184 55 instanti
982 2962 108 55 quo
1043 2962 184 55 concepta
1182 2962 123 55 fuit
1258 2962 138 55 mundo
1351 2962 92 55 in
1397 2962 169 55 macula.
1520 2962 215 55 originali.
1689 2962 184 55 concepta
1827 2962 108 55 est
1873 2962 108 55 etiam

199 3016 100 58 deo
256 3016 86 58 in
299 3016 128 58 genra
384 3016 271 58 sctificationis:
613 3016 100 58 hoc
670 3016 200 58 contingere
827 3016 143 58 potuit
927 3016 214 58 dupliciter,
1098 3016 100 58 aut
1155 3016 114 58 quia
1227 3016 143 58 statim
1327 3016 86 58 in
1369 3016 157 58 tempore
1484 3016 200 58 continuato
1641 3016 186 58 instanti,
1783 3016 100 58 quo
1841 3016 86 58 in
1869 3016 100 58 origi

190 3071 120 52 nali
265 3071 180 52 concepta
400 3071 105 52 est
460 3071 150 52 mundo,
565 3071 225 52 sctinficata
745 3071 105 52 est
805 3071 75 52 &
835 3071 180 52 concepta
970 3071 120 52 deo,
1045 3071 105 52 aut
1106 3071 120 52 quia
1181 3071 90 52 in
1226 3071 120 52 alio
1301 3071 180 52 instanti
1436 3071 210 52 posteriori
1601 3071 120 52 quam
1676 3071 120 52 fuit
1751 3071 180 52 concepta
1871 3071 105 52 mundo

197 3127 182 67 concepta
333 3127 106 67 est
394 3127 121 67 deo,
470 3127 76 67 &
500 3127 152 67 fluxit
607 3127 197 67 temproens
759 3127 152 67 medium
865 3127 137 67 inter
956 3127 121 67 illa
1032 3127 106 67 duo
1093 3127 213 67 instantia:
1259 3127 106 67 nec
1320 3127 137 67 curo,
1411 3127 91 67 an
1457 3127 152 67 longum
1563 3127 152 67 fuerit
1669 3127 91 67 an
1715 3127 152 67 breue:
1821 3127 106 67 dum
1867 3127 106 67 tamen

196 3177 241 69 sanctificata
392 3177 121 69 fuit
467 3177 90 69 in
512 3177 136 69 vtero
603 3177 121 69 ando
678 3177 121 69 eius
753 3177 226 69 natiuitatem
934 3177 90 69 ex
979 3177 151 69 vtero.
1085 3177 90 69 Si
1130 3177 121 69 enim
1206 3177 226 69 sctinficata
1386 3177 166 69 fuisset
1507 3177 90 69 in
1552 3177 181 69 nascendo
1688 3177 90 69 ex
1733 3177 151 69 vtero,
1838 3177 90 69 vt
1869 3177 105 69 simil

190 3232 106 60 in
243 3232 212 60 nascendo
403 3232 106 60 ex
456 3232 159 60 vtero
562 3232 159 60 mundo
668 3232 195 60 fuisset
810 3232 266 60 sctificata,
1022 3232 89 60 &
1058 3232 142 60 nata
1146 3232 142 60 deo,
1235 3232 142 60 tunc
1323 3232 177 60 omnino
1447 3232 159 60 nulla
1553 3232 230 60 conceptio
1730 3232 142 60 eius
1819 3232 195 60 ratione

195 3285 269 64 conceptionis,
417 3285 111 64 qua
480 3285 95 64 in
528 3285 143 64 vtero
623 3285 190 64 concepta
765 3285 111 64 est
829 3285 158 64 mundo,
940 3285 174 64 deberet
1066 3285 222 64 celebrari,
1241 3285 143 64 sicut
1336 3285 143 64 etiam
1431 3285 206 64 natiuitas
1589 3285 127 64 eius
1668 3285 95 64 ex
1716 3285 143 64 vtero
1811 3285 174 64 ratione
1922 3285 63 64 ta

185 3339 108 80 lis
246 3339 231 80 natiuitatis
431 3339 200 80 nequaquam
584 3339 200 80 celebrari
738 3339 215 80 debuisset,
907 3339 108 80 si.
969 3339 92 80 in
1015 3339 169 80 peccato
1138 3339 200 80 originali
1291 3339 123 80 nata
1368 3339 169 80 fuisset
1491 3339 154 80 sicut,
1599 3339 123 80 fuit
1676 3339 200 80 concepta,
1829 3339 77 80 &
1860 3339 123 80 post
1922 3339 61 80 na
