2466 3743
455 284 210 99 tiuitatem
616 284 129 99 eius
697 284 97 99 ex
745 284 145 99 vtero
842 284 177 99 fuisset
971 284 274 99 sanctificata.
1197 284 129 99 Quia
1277 284 145 99 autem
1374 284 145 99 virgo
1471 284 145 99 simul
1568 284 97 99 in
1616 284 145 99 eodem
1713 284 194 99 instanti
1858 284 113 99 quo
1922 284 194 99 concepta
2067 284 113 99 est
2132 284 161 99 mundo,
2229 284 48 99 n

462 352 78 65 &
494 352 202 65 originali
649 352 171 65 peccato
773 352 202 65 infecta:,
928 352 186 65 concepta
1067 352 109 65 sit
1129 352 124 65 deo,
1207 352 78 65 &
1238 352 93 65 in
1284 352 124 65 gera
1362 352 264 65 sanctificata,
1579 352 109 65 hoc
1641 352 155 65 omnino
1750 352 109 65 est
1812 352 248 65 impossibile:
2013 352 124 65 quia
2075 352 171 65 contraria

466 403 109 65 sunt
535 403 177 65 originaul
671 403 123 65 clpa,
753 403 68 65 &
780 403 245 65 sctificationis
985 403 150 65 genera,
1094 403 68 65 &
1121 403 123 65 simil
1203 403 164 65 fuissent
1326 403 82 65 in
1367 403 123 65 eodem
1448 403 123 65 subo.
1530 403 177 65 contraria
1667 403 123 65 autem
1748 403 82 65 in
1789 403 123 65 eodem
1871 403 164 65 instanti
1994 403 164 65 simplici
2117 403 164 65 secundum

465 462 108 61 rem
526 462 108 61 non
588 462 169 61 possunt
711 462 154 61 inesse
819 462 139 61 eidem
911 462 200 61 subiecto.
1065 462 123 61 Quam
1142 462 139 61 tamen
1234 462 215 61 originalis
1403 462 154 61 culpa,
1511 462 77 61 &
1542 462 308 61 sanctificationis
1804 462 123 61 gera
1881 462 139 61 simul
1973 462 139 61 sint,
2065 462 108 61 seu
2127 462 123 61 esse
2188 462 62 61 ha

467 514 136 74 beant
558 514 182 74 quodammo
694 514 91 74 in
740 514 136 74 eodem
831 514 197 74 instanti,
982 514 121 74 etsi
1058 514 106 74 non
1119 514 91 74 in
1164 514 136 74 eodem
1255 514 182 74 subiecto
1392 514 106 74 pro
1452 514 121 74 illo
1528 514 136 74 eodem
1619 514 197 74 instanti,
1771 514 106 74 hoc
1831 514 106 74 non
1892 514 106 74 est
1953 514 152 74 omnino
2044 514 212 74 impossibile.

465 567 93 76 De
511 567 123 76 esse
588 567 123 76 enim
665 567 185 76 formarum
804 567 247 76 contrariarum
1004 567 247 76 distinguitur
1205 567 185 76 secundum
1344 567 185 76 duplicem
1483 567 293 76 considerationem
1730 567 123 76 quam
1807 567 139 76 habet
1899 567 201 76 quaelibet
2053 567 154 76 talium
2146 567 108 76 forma

454 630 125 63 rum.
533 630 110 63 Vno
595 630 125 63 enim
673 630 125 63 modo
752 630 250 63 consideratur
955 630 94 63 in
1002 630 172 63 ordine,
1127 630 125 63 siue
1206 630 94 63 in
1252 630 250 63 comparatione
1456 630 94 63 ad
1503 630 188 63 agentem,
1644 630 78 63 a
1675 630 110 63 quo
1738 630 219 63 producitur
1910 630 94 63 in
1957 630 141 63 esse,
2051 630 78 63 &
2082 630 78 63 a
2113 630 110 63 quo
2176 630 110 63 ha-

459 684 106 60 bet
519 684 121 60 suum
595 684 136 60 esse.
685 684 121 60 Alio
761 684 136 60 autem
851 684 121 60 modo
927 684 241 60 consideratur
1123 684 91 60 in
1168 684 166 60 ordine:
1289 684 106 60 seu
1349 684 241 60 comparatione
1546 684 91 60 ad
1591 684 196 60 subiectum
1742 684 196 60 recipiens
1893 684 91 60 in
1938 684 91 60 se
1983 684 121 60 eam,
2059 684 75 60 &
2089 684 91 60 in
2134 684 106 60 quo
2195 684 91 60 ha

465 734 103 69 bet
524 734 118 69 suum
598 734 133 69 esse.
687 734 236 69 Considerando
878 734 133 69 autem
967 734 133 69 primo
1055 734 118 69 modo
1129 734 162 69 formam,
1247 734 74 69 &
1277 734 118 69 esse
1350 734 118 69 eius
1424 734 177 69 secundum
1557 734 148 69 primam
1660 734 251 69 comparationem
1867 734 177 69 scilicet
1999 734 89 69 in
2044 734 133 69 ordie
2132 734 89 69 ad
2162 734 89 69 agen

464 797 104 71 tem
524 797 223 71 producentem
702 797 149 71 illam,
807 797 149 71 semper
911 797 89 71 in
956 797 149 71 formis
1060 797 209 71 contrariis
1224 797 119 71 sibi
1298 797 253 71 succedentibus
1507 797 134 71 forma
1596 797 194 71 posterior
1745 797 134 71 habet
1835 797 119 71 esse
1909 797 134 71 prius
1999 797 164 71 natura,
2118 797 119 71 quam
2178 797 74 71 cor

459 843 183 73 rumpatur
596 843 152 73 prior.
703 843 122 73 quia
779 843 137 73 prior
870 843 107 73 non
931 843 244 73 corrumpitur,
1129 843 107 73 nec
1190 843 76 73 a
1221 843 183 73 subiecto
1358 843 107 73 suo
1419 843 229 73 expellitur,
1602 843 122 73 nisi
1678 843 107 73 per
1739 843 183 73 actionem
1876 843 152 73 formae
1983 843 183 73 alterius
2120 843 168 73 introdu

460 905 123 61 ctae
536 905 215 61 posterius.
705 905 92 61 in
751 905 123 61 idem
828 905 215 61 subiectum.
996 905 77 61 &
1027 905 107 61 hoc
1088 905 169 61 ratione
1211 905 261 61 contrarietat,
1426 905 123 61 quam
1503 905 138 61 habet
1595 905 92 61 ad
1641 905 153 61 illam,
1748 905 107 61 qua
1809 905 92 61 se
1855 905 107 61 non
1917 905 245 61 compatiuntur
2116 905 92 61 in
2147 905 107 61 eodem

462 956 210 65 subiecto,
624 956 81 65 &
656 956 146 65 etiam
753 956 178 65 ratione
882 956 178 65 maioris
1012 956 194 65 virtutis
1157 956 81 65 &
1190 956 226 65 efficaciae
1368 956 129 65 quam
1448 956 129 65 illa
1529 956 146 65 forma
1626 956 146 65 habet
1723 956 97 65 in
1772 956 162 65 agendo
1885 956 146 65 super
1982 956 178 65 minorem
2095 956 162 65 virtutem

460 1013 74 72 &
490 1013 222 72 efficaciam,
667 1013 118 72 quam
741 1013 133 72 forma
830 1013 118 72 alia
904 1013 133 72 habet
993 1013 89 72 in
1037 1013 192 72 patiendo,
1185 1013 74 72 &
1215 1013 222 72 resistendo.
1393 1013 163 72 dicente
1511 1013 207 72 philosopho
1674 1013 89 72 in
1718 1013 133 72 libro
1807 1013 89 72 de
1851 1013 163 72 motibus
1970 1013 207 72 animalium.
2133 1013 104 72 Est
2177 1013 74 72 ali

460 1067 133 65 quae
544 1067 216 65 multitudo
710 1067 183 65 vigoris
843 1067 83 65 &
876 1067 183 65 virtutl
1009 1067 200 65 secundum
1159 1067 133 65 quam
1242 1067 150 65 manet
1342 1067 133 65 quod
1425 1067 166 65 manet:
1541 1067 249 65 quemadmodum
1741 1067 83 65 &
1774 1067 200 65 secundum
1923 1067 133 65 quam
2007 1067 150 65 mouet
2106 1067 183 65 mouens:

464 1130 76 69 &
494 1130 106 69 est
555 1130 166 69 quaedam
675 1130 196 69 proportio
827 1130 91 69 ex
872 1130 242 69 necessitate,
1068 1130 227 69 quemadmodum
1250 1130 76 69 &
1280 1130 242 69 contrariorum
1476 1130 166 69 motuum,
1597 1130 106 69 sic
1658 1130 76 69 &
1688 1130 181 69 quietum.
1824 1130 76 69 &
1854 1130 181 69 aequales
1990 1130 151 69 quidem
2081 1130 166 69 impassibi

455 1176 100 79 les
512 1176 200 79 abinuicem.
669 1176 186 79 obtinetur
812 1176 129 79 autem
897 1176 171 79 secundum
1026 1176 186 79 excessum.
1169 1176 129 79 sicut
1254 1176 114 79 enim
1326 1176 157 79 pellens
1440 1176 157 79 pelliti
1554 1176 100 79 sic
1611 1176 143 79 pulsum
1711 1176 171 79 pellitur
1840 1176 186 79 similiter
1983 1176 171 79 secundum
2097 1176 157 79 virtutem.

460 1234 135 73 Nihil
550 1234 135 73 autem
640 1234 120 73 agit
715 1234 120 73 nisi
790 1234 150 73 habens
895 1234 135 73 esse.
986 1234 120 73 quia
1061 1234 135 73 actus
1151 1234 195 73 secundus,
1301 1234 195 73 cuiusmodi
1451 1234 105 73 est
1511 1234 150 73 agere,
1616 1234 210 73 necessario
1781 1234 240 73 praesupponit
1977 1234 135 73 actum
2067 1234 150 73 primum
2172 1234 105 73 qui

460 1295 108 70 est
521 1295 139 70 esse.
614 1295 155 70 Semper
723 1295 124 70 ergo
800 1295 139 70 forma
893 1295 217 70 corrumpens
1064 1295 139 70 prius
1156 1295 139 70 habet
1249 1295 124 70 esse
1327 1295 170 70 natura,
1451 1295 124 70 quam
1528 1295 108 70 per
1590 1295 139 70 illam
1683 1295 139 70 forma
1776 1295 93 70 ei
1822 1295 201 70 contraria
1977 1295 248 70 corrumpatur.
2163 1295 93 70 lpsa

451 1352 137 63 autem
542 1352 137 63 forma
633 1352 244 63 corrumpenda,
831 1352 152 63 anquam
938 1352 244 63 corrumpatur,
1136 1352 137 63 habet
1227 1352 122 63 esse
1303 1352 91 63 in
1349 1352 198 63 duratione
1501 1352 228 63 praecedente
1684 1352 122 63 suam
1760 1352 259 63 corruptionem.
1973 1352 91 63 In
2019 1352 122 63 illa
2095 1352 122 63 ergo
2171 1352 122 63 dura
2232 1352 46 63 a

463 1404 137 72 tione
554 1404 213 72 necessario
721 1404 137 72 simul
813 1404 152 72 habent
919 1404 122 72 esse
995 1404 152 72 formae
1101 1404 137 72 illae
1193 1404 228 72 contrariae,
1375 1404 137 72 licet
1466 1404 243 72 diuersimode:
1664 1404 122 72 puta
1740 1404 137 72 forma
1831 1404 213 72 corrumpens
1999 1404 91 72 in
2044 1404 137 72 ordie
2135 1404 91 72 ad
2166 1404 91 72 agen

461 1462 115 58 tem,
533 1462 72 58 &
561 1462 216 58 producentem
734 1462 144 58 illam,
834 1462 72 58 &
863 1462 129 58 forma
950 1462 216 58 corrumpenda
1122 1462 86 58 in
1165 1462 129 58 ordie
1251 1462 86 58 ad
1295 1462 201 58 subiectum:
1453 1462 144 58 licet,
1553 1462 86 58 vt
1597 1462 144 58 dictum
1697 1462 115 58 est,
1769 1462 129 58 nullo
1855 1462 115 58 modo
1927 1462 158 58 habeant
2042 1462 115 58 esse
2114 1462 129 58 simul
2200 1462 86 58 in

461 1515 147 65 subo,
559 1515 131 65 siue
640 1515 98 65 in
689 1515 261 65 considerando
901 1515 147 65 ambas
999 1515 98 65 in
1048 1515 147 65 ordie
1146 1515 98 65 ad
1195 1515 147 65 subm.
1293 1515 131 65 immo
1375 1515 180 65 oportet
1505 1515 131 65 vnam
1587 1515 147 65 prius
1685 1515 163 65 natura
1799 1515 180 65 expelli
1930 1515 82 65 a
1962 1515 131 65 subo
2044 1515 114 65 per
2109 1515 131 65 suam
2174 1515 82 65 cor

460 1570 194 60 ruptionem,
612 1570 111 60 quam
681 1570 152 60 altere.
792 1570 166 60 scilicet
916 1570 207 60 corrumpens,
1082 1570 69 60 &
1110 1570 180 60 expellens
1248 1570 124 60 ipsam
1331 1570 69 60 a
1359 1570 180 60 subiecto,
1497 1570 97 60 per
1552 1570 111 60 suam
1621 1570 221 60 generationem
1801 1570 83 60 in
1842 1570 124 60 eodem
1925 1570 111 60 subo
1994 1570 207 60 recipiatur.
2146 1570 111 60 Semper

468 1630 120 65 enim
543 1630 165 65 prioris
663 1630 150 65 exitus
769 1630 75 65 a
799 1630 180 65 subiecto
934 1630 226 65 dispositiue
1114 1630 226 65 posterioris
1295 1630 180 65 operatur
1430 1630 210 65 ingressum:
1596 1630 135 65 sicut
1686 1630 75 65 &
1716 1630 180 65 expulsio
1851 1630 135 65 vitii
1941 1630 165 65 virtutl
2062 1630 180 65 operatur
2197 1630 90 65 in

470 1690 183 60 gressum.
607 1690 183 60 secundum
744 1690 153 60 beatum
851 1690 137 60 Greg.
943 1690 92 60 Et
989 1690 107 60 sic
1050 1690 183 60 secundum
1187 1690 168 60 diuersa
1309 1690 153 60 genera
1416 1690 153 60 causae
1523 1690 107 60 vno
1584 1690 122 60 modo
1660 1690 198 60 corruptio
1813 1690 76 60 &
1843 1690 107 60 non
1904 1690 122 60 esse
1980 1690 92 60 in
2026 1690 122 60 subo
2102 1690 137 60 vnius
2179 1690 76 60 for

464 1737 94 68 mae
517 1737 174 68 praecedit
651 1737 107 68 esse
718 1737 174 68 alterius.
852 1737 107 68 Alio
919 1737 107 68 modo
986 1737 161 68 sequitur
1107 1737 134 68 illud.
1201 1737 174 68 Praecedit
1335 1737 107 68 enim
1401 1737 107 68 esse
1468 1737 134 68 illius
1562 1737 174 68 inquantum
1696 1737 121 68 habet
1777 1737 107 68 esse
1844 1737 80 68 in
1884 1737 174 68 subiecto,
2018 1737 67 68 &
2045 1737 147 68 sequtur
2152 1737 107 68 esse
2205 1737 54 68 il

466 1790 127 66 lius
545 1790 206 66 inquantum
704 1790 111 66 est
767 1790 95 66 ab
814 1790 237 66 efficiente,
1004 1790 79 66 &
1036 1790 111 66 hoc
1099 1790 237 66 quemadmodum
1289 1790 95 66 vt
1336 1790 142 66 alias
1431 1790 237 66 determinaui
1621 1790 190 66 creatio,
1764 1790 127 66 quae
1843 1790 111 66 est
1906 1790 142 66 vera,
2001 1790 79 66 &
2032 1790 190 66 realitur
2159 1790 95 66 muta

460 1841 103 76 tio
519 1841 162 76 quaedam
637 1841 89 76 in
682 1841 133 76 ordie
770 1841 89 76 ad
814 1841 177 76 creantem
947 1841 74 76 &
977 1841 221 76 efficientem
1154 1841 148 76 cauam,
1257 1841 148 76 natura
1360 1841 133 76 prior
1449 1841 103 76 est
1508 1841 162 76 creato.
1626 1841 89 76 In
1670 1841 148 76 ordine
1773 1841 118 76 vero
1847 1841 89 76 ad
1891 1841 192 76 subiectum
2039 1841 133 76 suum,
2127 1841 74 76 &
2142 1841 118 76 causam

467 1899 222 68 materialem,
644 1899 192 68 posterior
792 1899 103 68 est
851 1899 133 68 illo.
940 1899 118 68 quia
1014 1899 89 68 vt
1058 1899 89 68 in
1102 1899 177 68 subiecto
1235 1899 103 68 non
1294 1899 133 68 habet
1383 1899 118 68 esse
1457 1899 118 68 nisi
1530 1899 89 68 in
1575 1899 162 68 creato.
1693 1899 118 68 Quia
1767 1899 148 68 igitur
1870 1899 89 68 vt
1914 1899 192 68 expositum
2062 1899 103 68 est
2121 1899 118 68 iam,
2180 1899 74 68 cul

474 1966 88 56 pa
518 1966 191 56 original,
666 1966 74 56 &
695 1966 147 56 genera
798 1966 265 56 sctificationis
1019 1966 133 56 sicut
1107 1966 103 56 nec
1166 1966 118 56 alia
1240 1966 206 56 contraria,
1402 1966 133 56 nullo
1490 1966 118 56 modo
1564 1966 88 56 in
1608 1966 103 56 vno
1667 1966 74 56 &
1696 1966 133 56 eodem
1785 1966 177 56 instanti
1917 1966 162 56 possunt
2035 1966 118 56 esse
2109 1966 133 56 simil
2197 1966 88 56 in

471 2010 143 69 eodem
567 2010 207 69 subiecto,
726 2010 143 69 neque
821 2010 175 69 fuerunt
949 2010 96 69 in
997 2010 159 69 virgie
1108 2010 159 69 Maria:
1220 2010 223 69 necessario
1395 2010 127 69 ergo
1475 2010 175 69 generam
1602 2010 287 69 sctificationis
1841 2010 96 69 in
1889 2010 96 69 se
1936 2010 175 69 recepit
2064 2010 96 69 vt
2112 2010 96 69 in
2144 2010 111 69 subie

460 2070 151 65 cto,
554 2070 132 65 aut
630 2070 188 65 statim
761 2070 113 65 in
818 2070 207 65 tempore
969 2070 264 65 continuato
1176 2070 151 65 illi
1270 2070 226 65 instanti
1439 2070 301 65 indiuisibili
1684 2070 132 65 quo
1759 2070 113 65 in
1816 2070 169 65 culpa
1929 2070 245 65 originali
2098 2070 151 65 conce-

472 2111 116 78 pta
539 2111 116 78 est
605 2111 165 78 mundo,
721 2111 116 78 aut
787 2111 99 78 in
836 2111 132 78 alio
919 2111 199 78 instanti
1068 2111 132 78 post
1151 2111 165 78 fluxum
1266 2111 199 78 temporis
1415 2111 132 78 siue
1498 2111 215 78 longioris
1663 2111 132 78 siue
1746 2111 215 78 breuioris
1912 2111 149 78 inter
2011 2111 199 78 virginis
2143 2111 116 78 conce

481 2164 121 61 ptum
556 2164 91 61 in
602 2164 136 61 culpa
692 2164 211 61 originali,
858 2164 76 61 &
889 2164 121 61 eius
964 2164 317 61 sanctificationem.
1236 2164 91 61 Et
1281 2164 121 61 dico
1357 2164 91 61 ad
1402 2164 242 61 quaestionem:
1598 2164 121 61 quod
1674 2164 196 61 conceptio
1825 2164 181 61 virginis
1961 2164 166 61 ratione
2067 2164 211 61 conceptionis

468 2222 233 75 intelligendo
658 2222 131 75 istum
746 2222 233 75 conceptionis
935 2222 146 75 actum:
1037 2222 190 75 nequaquam
1183 2222 204 75 celebranda
1344 2222 117 75 est:
1417 2222 117 75 quia
1489 2222 131 75 actus
1577 2222 117 75 ille
1650 2222 233 75 conceptionis
1840 2222 160 75 sanctus
1956 2222 102 75 non
2015 2222 117 75 fuit
2088 2222 88 75 eo
2131 2222 117 75 quod
2190 2222 58 75 in

465 2273 184 78 instanti
603 2273 245 78 conceptionis
802 2273 123 78 ipsa
879 2273 107 78 non
940 2273 153 78 potuit
1047 2273 245 78 sanctificari
1247 2273 138 78 neque
1339 2273 123 78 esse
1416 2273 169 78 sancta.
1538 2273 123 78 Immo
1615 2273 123 78 fuit
1692 2273 199 78 vitiosus,
1845 2273 107 78 per
1906 2273 153 78 quanto
2014 2273 123 78 ipsa
2090 2273 123 78 fuit
2152 2273 107 78 conce

474 2345 101 61 pta
531 2345 87 61 in
575 2345 145 61 vitio.
676 2345 231 61 Intelligendo
864 2345 130 61 autem
951 2345 174 61 rationem
1081 2345 231 61 conceptionis
1269 2345 101 61 quo
1327 2345 87 61 ad
1370 2345 159 61 instans
1486 2345 246 61 conceptionis,
1688 2345 72 61 &
1717 2345 188 61 similiter
1862 2345 231 61 intelligendo
2050 2345 130 61 actum
2122 2345 145 61 sctifica

466 2390 152 68 tionis
572 2390 76 68 &
603 2390 137 68 etiam
694 2390 137 68 ipsam
786 2390 152 68 geram,
892 2390 122 68 quam
969 2390 107 68 sit
1030 2390 274 68 sanctificatio,
1258 2390 91 68 vt
1304 2390 152 68 habent
1411 2390 122 68 esse
1487 2390 91 68 in
1533 2390 244 68 sanctificato
1731 2390 137 68 sicut
1822 2390 91 68 in
1868 2390 198 68 subiecto:
2020 2390 122 68 dico
2096 2390 122 68 quod
2157 2390 107 68 adhuc

472 2450 202 58 virginis
624 2450 219 58 conceptio
792 2450 219 58 nequaquam
961 2450 118 58 est
1028 2450 236 58 celebranda
1213 2450 185 58 ratione
1348 2450 286 58 conceptionis.
1584 2450 84 58 &
1617 2450 118 58 hoc
1685 2450 135 58 quia
1769 2450 101 58 in
1819 2450 202 58 instanti
1971 2450 269 58 conceptionis
2190 2450 118 58 non

472 2489 147 78 fuit
563 2489 294 78 sanctificata
802 2489 147 78 siue
894 2489 202 78 sancta:
1041 2489 92 78 &
1078 2489 202 78 ratione
1224 2489 294 78 conceptionis
1463 2489 129 78 quo
1537 2489 110 78 ad
1592 2489 202 78 instans
1739 2489 294 78 conceptionis
1977 2489 257 78 celebranda
2179 2489 129 78 non

466 2568 157 54 esset
570 2568 140 54 nisi
658 2568 157 54 illud
763 2568 192 54 instans
903 2568 157 54 esset
1007 2568 87 54 &
1042 2568 297 54 conceptionis,
1287 2568 87 54 &
1322 2568 350 54 sanctificationis
1619 2568 175 54 simul:
1742 2568 140 54 quia
1829 2568 105 54 vt
1881 2568 122 54 iam
1951 2568 175 54 dictum
2074 2568 122 54 est
2126 2568 140 54 supra,

470 2600 113 59 cam
534 2600 194 59 primaria
680 2600 274 59 celebrationis
906 2600 274 59 conceptionis,
1131 2600 258 59 natiuitatis,
1341 2600 113 59 aut
1406 2600 194 59 alicuius
1551 2600 178 59 talium,
1680 2600 113 59 non
1745 2600 113 59 est
1809 2600 129 59 nisi
1890 2600 226 59 sanctitas,
2067 2600 113 59 aut
2116 2600 145 59 sancti-

471 2648 171 81 ficatio
596 2648 186 81 personae
735 2648 217 81 conceptae,
906 2648 109 81 aut
968 2648 217 81 nascentis:
1139 2648 78 81 a
1170 2648 140 81 cuius
1263 2648 217 81 sanctitate
1433 2648 109 81 aut
1495 2648 295 81 sanctificatione
1744 2648 124 81 ipse
1821 2648 202 81 conceptus
1976 2648 171 81 sanctus
2085 2648 186 81 diceretur,

475 2721 112 63 aut
539 2721 224 63 natiuitas,
715 2721 112 63 aut
779 2721 176 63 instans
907 2721 224 63 conceptus,
1083 2721 112 63 vel
1147 2721 256 63 natiuitatis.
1355 2721 256 63 Intelligendo
1563 2721 128 63 vero
1643 2721 192 63 rationem
1787 2721 256 63 conceptionis
1995 2721 112 63 quo
2059 2721 96 63 ad
2091 2721 176 63 conceptio

473 2772 111 62 nis
536 2772 174 62 instans
663 2772 79 62 &
694 2772 142 62 actum
789 2772 142 62 atque
884 2772 142 62 geram
979 2772 332 62 sanctificationis,
1263 2772 95 62 vt
1310 2772 158 62 habent
1421 2772 126 62 esse
1500 2772 79 62 a
1532 2772 284 62 sanctificante:
1769 2772 126 62 dico
1847 2772 126 62 quod
1926 2772 95 62 si
1974 2772 142 62 virgo
2069 2772 142 62 Maria
2148 2772 126 62 statim

482 2825 90 60 in
527 2825 180 60 continuo
662 2825 165 60 tempore
782 2825 120 60 post
857 2825 165 60 instans
977 2825 120 60 suae
1052 2825 240 60 conceptionis
1247 2825 90 60 in
1292 2825 135 60 culpa
1382 2825 195 60 originali
1532 2825 120 60 fuit
1607 2825 255 60 sanctificata,
1817 2825 120 60 bene
1892 2825 210 60 celebranda
2057 2825 105 60 est
2102 2825 165 60 conceptio

481 2881 193 62 virginis
626 2881 177 62 ratione
755 2881 161 62 ipsius
868 2881 274 62 conceptionis,
1093 2881 81 62 &
1126 2881 113 62 hoc
1190 2881 129 62 quia
1271 2881 97 62 vt
1319 2881 161 62 dictum
1432 2881 113 62 est
1496 2881 97 62 in
1545 2881 193 62 instanti
1690 2881 258 62 conceptionis
1899 2881 97 62 in
1948 2881 145 62 culpa
2044 2881 226 62 originali,
2206 2881 64 62 vt

474 2929 97 70 ab
522 2929 178 70 agente,
652 2929 81 70 &
684 2929 97 70 in
733 2929 162 70 ordine
846 2929 97 70 ad
894 2929 146 70 ipsum
991 2929 194 70 habebant
1137 2929 129 70 esse
1218 2929 146 70 genra
1315 2929 81 70 &
1347 2929 146 70 actus
1444 2929 323 70 sanctificationis
1719 2929 226 70 recipiendi
1897 2929 97 70 in
1946 2929 178 70 virgine
2075 2929 97 70 vt
2123 2929 97 70 in
2156 2929 113 70 subie

481 2979 109 68 cto
544 2979 155 68 statim
652 2979 124 68 post
730 2979 140 68 illud
823 2979 187 68 instans.
963 2979 124 68 Vnde
1041 2979 140 68 etiam
1134 2979 218 68 celebranda
1305 2979 109 68 est
1367 2979 93 68 in
1414 2979 109 68 die
1476 2979 93 68 in
1523 2979 109 68 quo
1585 2979 124 68 fuit
1663 2979 171 68 instans
1787 2979 140 68 illud
1880 2979 155 68 ipsius
1989 2979 264 68 conceptionis,
2191 2979 78 68 aut

481 3035 111 65 alio
550 3035 97 65 die
606 3035 97 65 pro
661 3035 111 65 illo
731 3035 166 65 instanti
855 3035 97 65 aut
911 3035 97 65 die
966 3035 111 65 illo
1036 3035 83 65 in
1077 3035 97 65 quo
1133 3035 125 65 facta
1216 3035 125 65 fuit.
1299 3035 97 65 Sed
1354 3035 97 65 hoc
1410 3035 97 65 non
1465 3035 97 65 per
1521 3035 83 65 se
1562 3035 152 65 ratione
1673 3035 111 65 quam
1742 3035 111 65 erat
1812 3035 152 65 instans
1923 3035 236 65 conceptionis:
2117 3035 111 65 quia
2172 3035 97 65 conce

473 3083 136 78 ptio
558 3083 170 78 virgis
677 3083 119 78 non
745 3083 136 78 erat
830 3083 255 78 miraculosa,
1034 3083 119 78 sed
1102 3083 136 78 pure
1187 3083 187 78 natural
1323 3083 187 78 virtute
1459 3083 187 78 seminum
1595 3083 153 78 maris
1697 3083 85 78 &
1731 3083 221 78 foeminae.
1901 3083 136 78 Immo
1986 3083 187 78 ratione
2122 3083 187 78 quaerat

475 3149 175 61 instans
602 3149 318 61 sanctificationis
873 3149 96 61 vt
921 3149 143 61 facta
1016 3149 111 61 est
1080 3149 96 61 in
1128 3149 127 61 illo
1207 3149 96 61 in
1255 3149 143 61 ordie
1351 3149 96 61 ad
1398 3149 191 61 agentem:
1542 3149 143 61 licet
1637 3149 111 61 non
1701 3149 96 61 in
1749 3149 159 61 ordine
1860 3149 96 61 ad
1908 3149 207 61 subiectum
2067 3149 143 61 sicut
2147 3149 127 61 dictum

471 3197 147 60 est.
563 3197 147 60 Vnde
655 3197 240 60 conceptio
839 3197 203 60 Christi
987 3197 147 60 bene
1079 3197 258 60 celebranda
1282 3197 129 60 est
1355 3197 203 60 ratione
1503 3197 313 60 conceptionis,
1761 3197 129 60 quo
1835 3197 111 60 ad
1890 3197 203 60 instans
2019 3197 258 60 conceptionis

468 3239 180 76 ratione
599 3239 115 76 qua
664 3239 131 76 erat
746 3239 180 76 instans
878 3239 279 76 conceptionis:
1107 3239 115 76 non
1173 3239 148 76 solum
1271 3239 131 76 quia
1353 3239 131 76 idem
1435 3239 131 76 erat
1517 3239 148 76 etiam
1616 3239 180 76 instans
1747 3239 131 76 suae
1829 3239 328 76 sanctificationis
2108 3239 197 76 secundum

466 3303 230 78 hominem,
638 3303 134 78 sed
715 3303 173 78 etiam
830 3303 153 78 quia
926 3303 134 78 sua
1003 3303 249 78 conceptio
1194 3303 153 78 fuit
1290 3303 268 78 miraculosa
1501 3303 211 78 virtute
1654 3303 230 78 spititus
1827 3303 211 78 sancti:
1980 3303 115 78 Si
2038 3303 153 78 vero
2115 3303 153 78 tempus
