2466 3732
443 285 112 89 quo
507 285 96 89 ad
555 285 176 89 instans
684 285 193 89 temporis
828 285 160 89 illius
940 285 257 89 natiuitatis,
1149 285 128 89 quia
1229 285 96 89 in
1277 285 128 89 illo
1358 285 160 89 sancta
1470 285 128 89 nata
1550 285 128 89 est,
1630 285 112 89 non
1694 285 144 89 autem
1791 285 209 89 conceptio
1951 285 128 89 eius
2031 285 96 89 ex
2080 285 160 89 semine
2176 285 64 89 ra

443 361 154 68 tione
545 361 290 68 conceptionis,
784 361 154 68 neque
887 361 120 68 quo
955 361 102 68 ad
1006 361 154 68 actum
1109 361 290 68 conceptionis,
1348 361 154 68 neque
1450 361 120 68 quo
1519 361 102 68 ad
1570 361 188 68 instans
1707 361 290 68 conceptionis:
1946 361 188 68 ratione
2065 361 171 68 alicuius

439 415 123 68 grae
515 415 107 68 vel
577 415 230 68 sanctitatis
760 415 123 68 tunc
837 415 184 68 habitae,
975 415 107 68 vel
1036 415 184 68 receptae
1174 415 322 68 sanctificationis,
1450 415 123 68 quia
1526 415 107 68 nec
1587 415 168 68 sancta,
1710 415 107 68 nec
1771 415 92 68 in
1817 415 123 68 gera
1894 415 184 68 concepta
2032 415 138 68 fuit,
2123 415 107 68 nec
2185 415 92 68 in

442 478 201 64 instanti
593 478 269 64 conceptionis
811 478 269 64 sanctificata
1030 478 201 64 secundum
1181 478 235 64 praedicta:
1365 478 218 64 conceptio
1533 478 151 64 tamen
1634 478 134 64 eius
1718 478 101 64 ex
1768 478 168 64 semine
1886 478 185 64 ratione
2003 478 235 64 conceptionis

439 524 150 73 huius
539 524 117 73 quo
606 524 100 73 ad
656 524 217 73 tempropus
822 524 283 73 conceptionis,
1056 524 167 73 potius
1172 524 83 73 &
1205 524 150 73 magis
1305 524 150 73 digne
1405 524 233 73 celebranda
1588 524 133 73 est,
1672 524 133 73 quam
1755 524 217 73 natiuitas
1922 524 150 73 eius.
2021 524 183 73 ratione
2138 524 100 73 nati

444 580 184 64 uitatis,
581 580 122 64 siue
658 580 107 64 quo
719 580 92 64 ad
765 580 184 64 instans,
903 580 122 64 siue
979 580 107 64 quo
1040 580 92 64 ad
1086 580 153 64 tempus
1193 580 245 64 natiuitatis.
1392 580 92 64 Et
1438 580 107 64 hoc
1499 580 122 64 quia
1576 580 92 64 in
1622 580 122 64 illo
1698 580 168 64 tempore
1821 580 107 64 non
1882 580 138 64 solum
1974 580 153 64 sancta
2081 580 138 64 fuit,
2173 580 107 64 sed

445 639 129 67 primo
531 639 129 67 sctam
617 639 72 67 &
646 639 244 67 sanctificata:
846 639 100 67 sed
904 639 86 67 in
947 639 158 67 tempore
1062 639 201 67 natiuitati
1219 639 143 67 sancta
1320 639 230 67 simpliciter,
1506 639 100 67 non
1564 639 129 67 tamen
1650 639 129 67 primo
1736 639 143 67 sctam,
1836 639 100 67 aut
1894 639 215 67 sctificata:
2066 639 100 67 nec
2123 639 143 67 aliqua

453 694 169 61 speciali
580 694 240 61 sctificatione
778 694 169 61 creditur
905 694 155 61 amplius
1018 694 141 61 fuisse
1116 694 212 61 sctificata.
1286 694 85 61 Si
1328 694 127 61 tamen
1413 694 99 61 ita
1469 694 113 61 sit,
1540 694 127 61 super
1625 694 99 61 quo
1681 694 127 61 nihil
1766 694 169 61 asserere
1893 694 169 61 intendo:
2020 694 113 61 quia
2091 694 85 61 in
2133 694 113 61 solo
2190 694 56 61 fa

452 749 105 74 cto
512 749 210 74 consistit:
677 749 105 74 nec
737 749 195 74 scriptura
887 749 135 74 super
978 749 105 74 hoc
1038 749 165 74 aliquid
1158 749 135 74 certi
1248 749 195 74 expremit:
1398 749 105 74 nec
1458 749 135 74 ratio
1548 749 120 74 quam
1623 749 150 74 videri
1728 749 225 74 sufficienti
1909 749 255 74 probabilitate
2119 749 105 74 hoc
2164 749 75 74 com

452 801 165 73 uicit.
567 801 132 73 Modo
649 801 132 73 ergo
731 801 197 73 exposito
879 801 181 73 concedo
1011 801 165 73 festum
1126 801 263 73 conceptionis
1340 801 132 73 esse
1422 801 247 73 celebrandum
1620 801 181 73 ratione
1751 801 280 73 conceptionis:
1982 801 82 73 &
2015 801 132 73 alio
2097 801 132 73 modo
2163 801 82 73 non

448 858 201 64 secundum
599 858 134 64 quod
683 858 201 64 procedit
834 858 151 64 prima
934 858 168 64 ratio,
1052 858 84 64 &
1085 858 151 64 bene.
1186 858 184 64 ratione
1320 858 134 64 enim
1404 858 268 64 conceptionis
1622 858 117 64 quo
1689 858 101 64 ad
1739 858 151 64 actum
1840 858 285 64 conceptionis,
2074 858 84 64 &
2108 858 117 64 quo
2175 858 101 64 ad

455 911 168 74 instans
577 911 168 74 aliquid
699 911 245 74 conceptionis
898 911 168 74 illius,
1021 911 107 74 non
1082 911 107 74 est
1143 911 199 74 conceptio
1296 911 153 74 virgis
1403 911 168 74 penitus
1525 911 229 74 celebranda.
1709 911 122 74 Quia
1785 911 138 74 neque
1877 911 184 74 secundum
2015 911 168 74 corpus,
2137 911 138 74 neque

443 961 192 71 secundum
587 961 160 71 animam
699 961 128 71 fuit
779 961 160 71 sancta
891 961 96 71 in
939 961 192 71 instanti
1083 961 128 71 suae
1163 961 272 71 conceptionis,
1388 961 144 71 neque
1484 961 96 71 in
1532 961 128 71 illo
1612 961 128 71 fuit
1692 961 112 71 aut
1756 961 288 71 sanctificatio,
1996 961 112 71 aut
2060 961 112 71 gra
2124 961 96 71 in
2156 961 80 71 vir

453 1025 125 68 gine
531 1025 93 68 vt
578 1025 93 68 in
625 1025 203 68 subiecto,
781 1025 187 68 secundum
921 1025 125 68 quod
999 1025 156 68 probax
1108 1025 234 68 argumentum,
1295 1025 78 68 &
1326 1025 140 68 bene.
1419 1025 109 68 Est
1482 1025 140 68 tamen
1575 1025 125 68 bene
1653 1025 218 68 celebranda
1824 1025 171 68 ratione
1949 1025 265 68 conceptionis:
2167 1025 109 68 quo

453 1078 99 71 ad
502 1078 181 71 instans
634 1078 264 71 conceptionis
848 1078 99 71 ex
898 1078 181 71 semine,
1030 1078 132 71 quia
1112 1078 165 71 natura
1228 1078 132 71 etsi
1310 1078 115 71 non
1376 1078 148 71 reali
1475 1078 231 71 existentia
1657 1078 99 71 in
1706 1078 132 71 illo
1789 1078 148 71 simul
1888 1078 115 71 cum
1954 1078 165 71 macula
2053 1078 181 71 originali

447 1136 148 67 erant
545 1136 148 67 actus
643 1136 328 67 sanctificationis
922 1136 82 67 &
955 1136 115 67 gra
1021 1136 98 67 in
1070 1136 164 67 ordine
1185 1136 98 67 ad
1234 1136 312 67 sanctificantem:
1497 1136 82 67 &
1529 1136 98 67 vt
1579 1136 213 67 habuerunt
1743 1136 131 67 esse
1825 1136 98 67 ab
1874 1136 148 67 illo.
1972 1136 115 67 Est
2038 1136 148 67 etiam
2120 1136 115 67 cele-

453 1188 167 66 branda
570 1188 150 66 digne
671 1188 184 66 ratione
804 1188 267 66 conceptionis
1022 1188 100 66 ex
1072 1188 167 66 semine
1189 1188 117 66 quo
1256 1188 100 66 ad
1306 1188 167 66 tempus
1423 1188 167 66 illius
1540 1188 284 66 conceptionis:
1774 1188 84 66 &
1807 1188 117 66 hoc
1874 1188 134 66 quia
1958 1188 100 66 in
2008 1188 134 66 illo
2092 1188 134 66 fuit
2158 1188 84 66 san

452 1258 140 62 cta,
539 1258 87 62 &
574 1258 297 62 sanctificata,
819 1258 87 62 &
854 1258 210 62 concepta
1011 1258 140 62 deo,
1099 1258 87 62 &
1134 1258 157 62 primo
1239 1258 210 62 secundum
1396 1258 192 62 animam,
1536 1258 87 62 &
1571 1258 210 62 mediante
1729 1258 157 62 anima
1834 1258 210 62 secundum
1991 1258 192 62 corpus:
2114 1258 122 62 licet

460 1300 113 75 non
525 1300 227 75 immediate:
703 1300 130 75 quod
784 1300 130 75 bene
865 1300 162 75 probax
978 1300 243 75 argumentum.
1172 1300 227 75 ARgumentum
1350 1300 97 75 in
1399 1300 227 75 contrarium
1577 1300 178 75 nititur
1707 1300 194 75 probare,
1852 1300 130 75 quod
1933 1300 211 75 conceptio
2079 1300 162 75 virginis

463 1355 160 58 debeat
575 1355 208 58 celebrari
735 1355 96 58 ea
783 1355 192 58 ratione,
926 1355 112 58 qua
990 1355 112 58 eam
1054 1355 112 58 iam
1118 1355 208 58 negauimus
1278 1355 128 58 fore
1358 1355 256 58 celebrandim.
1566 1355 192 58 scilicet
1710 1355 176 58 ratione
1837 1355 256 58 conceptionis
2045 1355 112 58 quo
2109 1355 96 58 ad
2157 1355 112 58 in-

460 1409 143 71 stans
556 1409 255 71 conceptionis
763 1409 127 71 eius
842 1409 96 71 ex
890 1409 175 71 semine,
1018 1409 127 71 quia
1097 1409 255 71 sanctificata
1304 1409 127 71 fuit
1384 1409 127 71 ante
1464 1409 159 71 animae
1575 1409 223 71 rationalis
1750 1409 239 71 infusionem,
1941 1409 111 71 aut
2005 1409 96 71 in
2053 1409 175 71 semine,
2164 1409 80 71 aut

457 1469 106 62 in
510 1469 194 62 corpore
651 1469 176 62 humano
774 1469 211 62 generato
933 1469 106 62 ex
986 1469 176 62 semine
1109 1469 106 62 in
1162 1469 141 62 hora
1250 1469 123 62 seu
1320 1469 211 62 instanti
1479 1469 299 62 conceptionis,
1725 1469 141 62 acsi
1813 1469 211 62 secundum
1972 1469 176 62 animam
2078 1469 158 62 nunquam

461 1520 170 73 fuisset
584 1520 93 73 in
631 1520 93 73 ea
677 1520 186 73 peccatum
817 1520 217 73 originale.
987 1520 93 73 Ad
1033 1520 124 73 quid
1111 1520 124 73 dico
1188 1520 186 73 secundum
1328 1520 217 73 praedicta,
1498 1520 124 73 quod
1575 1520 139 73 totum
1668 1520 108 73 hoc
1730 1520 155 73 falsum
1838 1520 124 73 est.
1916 1520 93 73 Et
1962 1520 124 73 quod
2040 1520 186 73 arguitur
2164 1520 77 73 con

453 1585 119 58 tra
521 1585 136 58 hoc:
606 1585 136 58 quod
691 1585 136 58 fuit
776 1585 221 58 concessum
947 1585 170 58 loanni
1066 1585 238 58 Baptistae,
1253 1585 153 58 quare
1355 1585 153 58 multo
1457 1585 187 58 fortius
1593 1585 85 58 &
1627 1585 204 58 virgini:
1780 1585 136 58 dico
1866 1585 136 58 quod
1951 1585 119 58 hoc
2019 1585 153 58 etiam
2104 1585 136 58 falsum

461 1640 109 62 est.
530 1640 82 62 Et
571 1640 109 62 quod
639 1640 164 62 arguitur
762 1640 109 62 quod
831 1640 109 62 immo
899 1640 96 62 per
954 1640 123 62 illam
1036 1640 123 62 glos.
1118 1640 123 62 Lucae
1200 1640 137 62 primo.
1296 1640 137 62 Nondum
1392 1640 82 62 ei
1433 1640 137 62 inerat
1529 1640 164 62 spiritus
1652 1640 137 62 vitae,
1747 1640 68 62 &
1775 1640 137 62 inerat
1871 1640 164 62 spiritus
1994 1640 137 62 gerae,
2089 1640 109 62 dico
2158 1640 109 62 quod

464 1682 107 71 tam
525 1682 183 71 spiritus
662 1682 153 71 vitae,
769 1682 122 71 quam
845 1682 183 71 spiritus
983 1682 168 71 gratiae
1105 1682 214 71 dupliciter
1272 1682 168 71 dicitur
1395 1682 153 71 inesse
1501 1682 168 71 alicui.
1623 1682 198 71 videlicet
1776 1682 76 71 &
1807 1682 183 71 secundum
1944 1682 229 71 substantiam
2127 1682 76 71 &
2142 1682 107 71 secun

459 1741 109 61 dum
522 1741 187 61 duplicem
662 1741 156 61 actum,
771 1741 94 61 ad
818 1741 125 61 quem
896 1741 125 61 sunt
974 1741 187 61 spiritus
1114 1741 140 61 vitae
1207 1741 78 61 &
1239 1741 156 61 gerae,
1348 1741 203 61 videlicet
1504 1741 94 61 ad
1550 1741 140 61 actum
1644 1741 171 61 primum,
1768 1741 109 61 qui
1831 1741 109 61 est
1893 1741 125 61 esse
1971 1741 171 61 naturae
2096 1741 109 61 vel
2142 1741 94 61 grae

459 1797 79 66 &
491 1797 95 66 ad
538 1797 142 66 actum
633 1797 205 66 secundum,
791 1797 111 66 qui
854 1797 111 66 est
918 1797 174 66 operari
1044 1797 126 66 opus
1123 1797 174 66 naturae
1249 1797 111 66 vel
1313 1797 190 66 gratiae.
1455 1797 95 66 Et
1502 1797 111 66 hoc
1565 1797 221 66 dupliciter
1739 1797 111 66 quo
1802 1797 95 66 ad
1850 1797 190 66 spiritum
1992 1797 158 66 vitae:
2087 1797 158 66 secundum

460 1850 122 70 quod
536 1850 76 70 a
566 1850 167 70 spiritu
688 1850 137 70 vitae
779 1850 182 70 procedit
915 1850 152 70 quidam
1022 1850 137 70 actus
1113 1850 106 70 qui
1174 1850 106 70 est
1234 1850 167 70 operari
1356 1850 182 70 organice
1493 1850 137 70 opera
1584 1850 213 70 sensitiuae
1751 1850 76 70 &
1781 1850 228 70 vegetatiuae
1963 1850 213 70 particulae
2130 1850 152 70 animae

460 1909 78 67 &
492 1909 140 67 alius
585 1909 109 67 qui
647 1909 109 67 est
709 1909 171 67 operari
833 1909 109 67 non
895 1909 186 67 organice
1035 1909 78 67 &
1066 1909 140 67 opera
1159 1909 264 67 intellectiuae
1377 1909 233 67 particulae.
1563 1909 124 67 Quod
1640 1909 124 67 ergo
1718 1909 93 67 de
1765 1909 93 67 de
1811 1909 155 67 loanne
1920 1909 186 67 baptista
2044 1909 202 67 sctinficato

459 1958 92 62 in
505 1958 138 62 vtero
596 1958 153 62 matris
703 1958 122 62 suae
780 1958 199 62 priusquam
933 1958 214 62 nasceretur
1101 1958 92 62 ex
1147 1958 138 62 ilia.
1239 1958 275 62 scilicetempore
1468 1958 107 62 quo
1529 1958 153 62 Mariam
1636 1958 199 62 salutauit
1789 1958 214 62 Elizabeth:
1957 1958 153 62 nondum
2064 1958 122 62 illi
2126 1958 122 62 inerat

469 2017 184 71 spiritus
607 2017 153 71 vitae:
714 2017 77 71 &
745 2017 153 71 inerat
852 2017 123 71 illi
929 2017 184 71 spiritus
1067 2017 184 71 gratiae:
1205 2017 199 71 intellige
1358 2017 107 71 hoc
1419 2017 92 71 de
1465 2017 153 71 spirit
1573 2017 138 71 vitae
1665 2017 107 71 non
1726 2017 107 71 quo
1787 2017 92 71 ad
1833 2017 230 71 substantiam
2017 2017 153 71 ipsius
2125 2017 92 71 in
2155 2017 77 71 se,

469 2071 142 59 neque
564 2071 111 59 quo
627 2071 95 59 ad
675 2071 142 59 ipsam
770 2071 95 59 in
817 2071 158 59 ordine
928 2071 111 59 seu
991 2071 190 59 respectu
1134 2071 95 59 ad
1181 2071 142 59 actum
1276 2071 127 59 eius
1355 2071 174 59 primum,
1482 2071 111 59 qui
1545 2071 111 59 est
1608 2071 142 59 esse,
1703 2071 142 59 neque
1798 2071 111 59 quo
1861 2071 95 59 ad
1909 2071 142 59 actum
2004 2071 127 59 eius
2083 2071 190 59 secundum

469 2124 101 70 qui
526 2124 101 70 est
584 2124 158 70 operari
698 2124 129 70 opera
785 2124 215 70 vegetatiuae
957 2124 72 70 &
986 2124 215 70 sensitiuae.
1158 2124 115 70 immo
1230 2124 101 70 his
1287 2124 129 70 modis
1373 2124 144 70 inerat
1474 2124 86 70 ei
1517 2124 144 70 natura
1617 2124 129 70 prius
1704 2124 172 70 spiritus
1833 2124 144 70 vitae,
1933 2124 115 70 quam
2005 2124 172 70 spiritus
2120 2124 115 70 gerae.

463 2182 166 58 Aliter
579 2182 133 58 enim
662 2182 116 58 non
729 2182 182 58 fuisset
861 2182 166 58 verum,
977 2182 133 58 quod
1060 2182 215 58 Elizabeth
1226 2182 215 58 respondit
1392 2182 166 58 Mariae
1508 2182 182 58 dicens.
1640 2182 99 58 Vt
1690 2182 166 58 audita
1806 2182 116 58 est
1872 2182 116 58 vox
1939 2182 265 58 salutationis
2138 2182 99 58 tuae

468 2233 105 69 in
520 2233 192 69 auribus
660 2233 140 69 meis
747 2233 227 69 exultauit
922 2233 175 69 infans
1044 2233 105 69 in
1097 2233 175 69 gaudio
1219 2233 105 69 in
1271 2233 157 69 vtero
1376 2233 140 69 meo.
1464 2233 122 69 Non
1534 2233 140 69 enim
1621 2233 245 69 exultasset
1813 2233 175 69 gaudio
1935 2233 157 69 etiam
2040 2233 192 69 spiritu
2163 2233 87 69 gra

464 2282 148 69 tiae,
562 2282 131 69 nisi
644 2282 197 69 vixisset
792 2282 180 69 spiritu
923 2282 164 69 vitae.
1038 2282 115 69 Sed
1103 2282 213 69 intellige
1268 2282 164 69 dictum
1382 2282 148 69 illud
1481 2282 98 69 de
1530 2282 164 69 spirin
1645 2282 164 69 vitae,
1760 2282 115 69 quo
1825 2282 98 69 ad
1875 2282 213 69 actumeius
2039 2282 115 69 qui
2104 2282 115 69 est
2154 2282 98 69 ope-

467 2335 132 76 rari
549 2335 148 76 opera
648 2335 247 76 intellectus
845 2335 99 76 in
894 2335 263 76 intelligendo
1108 2335 82 76 &
1141 2335 247 76 discernendo
1339 2335 165 76 aliqua
1454 2335 280 76 intellectuali
1684 2335 197 76 notitia:
1833 2335 115 76 aut
1898 2335 181 76 aliquid
2030 2335 197 76 volendo,
2162 2335 82 76 vel

465 2390 144 67 circa
561 2390 175 67 aliquid
688 2390 223 67 afficiendo
864 2390 191 67 secundum
1007 2390 207 67 appetitum
1167 2390 287 67 intellectualem
1406 2390 175 67 praeuia
1533 2390 271 67 intellectuali
1757 2390 191 67 notitia.
1900 2390 112 67 quo
1964 2390 96 67 ad
2012 2390 207 67 huiusmodi
2155 2390 96 67 enim

468 2442 142 73 actus
563 2442 158 73 nondum
674 2442 158 73 inerat
784 2442 95 73 ei
832 2442 190 73 spiritus
974 2442 158 73 vitae:
1085 2442 79 73 &
1116 2442 142 73 tamen
1211 2442 158 73 inerat
1322 2442 95 73 ei
1369 2442 190 73 spiritus
1511 2442 158 73 gerae,
1622 2442 142 73 cuius
1717 2442 205 73 instinctu
1875 2442 158 73 absque
1985 2442 174 73 notitia
2096 2442 158 73 naturali

469 2507 184 70 praeuia
603 2507 217 70 mouebatur
770 2507 167 70 gaudio
887 2507 167 70 cordis
1004 2507 84 70 &
1037 2507 251 70 exultatione
1238 2507 200 70 corporis
1388 2507 100 70 ad
1438 2507 184 70 Christi
1572 2507 251 70 praesentiam
1772 2507 100 70 in
1822 2507 167 70 vtero,
1939 2507 150 70 quasi
2040 2507 184 70 sperans
2156 2507 84 70 per

473 2559 130 74 eius
554 2559 244 74 praesentiam
749 2559 146 74 solui
847 2559 81 74 a
879 2559 179 74 vinculo
1010 2559 228 74 originalis
1189 2559 195 74 peccati:
1335 2559 98 74 vt
1384 2559 114 74 iam
1449 2559 163 74 tactum
1563 2559 114 74 est
1628 2559 163 74 supra.
1742 2559 98 74 Ad
1790 2559 211 74 secundum,
1953 2559 130 74 quod
2035 2559 130 74 erat
2116 2559 98 74 ad
2148 2559 98 74 idem

485 2608 104 79 per
544 2608 208 79 Augustinus
708 2608 89 79 in
752 2608 163 79 sermone
871 2608 104 79 qui
930 2608 119 79 erat
1004 2608 148 79 contra
1108 2608 163 79 quinque
1227 2608 193 79 haereses.
1375 2608 104 79 vbi
1434 2608 178 79 opponens
1568 2608 193 79 allegabat
1716 2608 208 79 Augustinus
1879 2608 178 79 dicentem
2013 2608 89 79 in
2057 2608 163 79 persona
2161 2608 89 79 chri

477 2662 116 68 sti
544 2662 99 68 de
593 2662 165 68 virgie
709 2662 149 68 matre
808 2662 149 68 eius.
907 2662 99 68 Si
956 2662 165 68 potuit
1072 2662 248 68 coinquinari
1270 2662 116 68 cum
1336 2662 149 68 ipsam
1435 2662 198 68 facerem:
1584 2662 83 68 &
1617 2662 116 68 ego
1683 2662 149 68 potui
1782 2662 248 68 coinquinari
1980 2662 116 68 cum
2046 2662 99 68 ex
2096 2662 99 68 ea
2129 2662 132 68 fieren

478 2715 108 74 &c.
539 2715 123 74 Dico
616 2715 123 74 quod
693 2715 92 74 si
739 2715 138 74 talis
831 2715 138 74 esset
923 2715 169 74 litera,
1046 2715 154 74 vtique
1154 2715 184 74 opponens
1292 2715 123 74 suum
1369 2715 215 74 propositum
1538 2715 184 74 haberet:
1677 2715 200 74 videlicet
1831 2715 123 74 quod
1907 2715 92 74 si
1954 2715 184 74 christus
2092 2715 108 74 non
2138 2715 123 74 potuit

481 2780 270 58 coinquinari,
701 2780 118 58 cum
768 2780 101 58 in
819 2780 118 58 sua
887 2780 254 58 conceptione
1090 2780 101 58 ex
1140 2780 186 58 virgine
1276 2780 186 58 fieret,
1411 2780 118 58 nec
1478 2780 152 58 virgo
1580 2780 254 58 coinquinari
1783 2780 169 58 potuit
1901 2780 118 58 cum
1969 2780 135 58 ipse
2053 2780 118 58 eam
2104 2780 152 58 faceret

474 2833 93 58 ex
520 2833 154 58 semine
628 2833 185 58 secundum
767 2833 216 58 corporalem
937 2833 170 58 formam,
1060 2833 77 58 &
1091 2833 154 58 animae
1199 2833 232 58 infusionem,
1385 2833 93 58 vt
1431 2833 170 58 numquam
1555 2833 247 58 contraxisset
1755 2833 185 58 secundum
1894 2833 154 58 animam
2002 2833 154 58 crimen
2111 2833 185 58 origina-

478 2876 104 69 le,
537 2876 133 69 sicut
626 2876 104 69 nec
686 2876 193 69 christus.
834 2876 104 69 Sed
893 2876 104 69 lra
952 2876 133 69 Augus
1041 2876 104 69 non
1100 2876 104 69 est
1160 2876 133 69 talis
1249 2876 163 69 quaelem
1367 2876 178 69 opponens
1500 2876 207 69 allegauit.
1663 2876 133 69 Augus
1752 2876 119 69 enim
1826 2876 89 69 vt
1871 2876 89 69 in
1915 2876 133 69 dicta
2004 2876 163 69 haeresi
2108 2876 148 69 loquitur

472 2940 92 60 in
518 2940 168 60 persona
640 2940 138 60 filii
732 2940 107 60 dei
793 2940 153 60 contra
900 2940 214 60 Manicheum:
1069 2940 107 60 qui
1130 2940 153 60 filium
1237 2940 107 60 dei
1298 2940 168 60 negabat
1421 2940 153 60 fuisse
1528 2940 138 60 verum
1620 2940 153 60 filium
1727 2940 184 60 hominis,
1865 2940 77 60 &
1896 2940 138 60 veram
1987 2940 153 60 carnem
2095 2940 168 60 humanam
2202 2940 61 60 ex

474 2985 143 70 virgie
574 2985 229 70 assumpsisse:
760 2985 114 70 quia
831 2985 100 70 per
888 2985 129 70 illam
974 2985 171 70 maculata
1102 2985 157 70 fuisset
1217 2985 171 70 assumens
1345 2985 200 70 diuinitas:
1503 2985 100 70 sed
1560 2985 114 70 quod
1631 2985 86 70 in
1674 2985 143 70 caelis
1774 2985 143 70 corpus
1874 2985 171 70 caeleste
2003 2985 200 70 assumpsit:
2160 2985 71 70 &
2189 2985 100 70 per

469 3035 187 69 virginem
610 3035 187 69 traduxit
751 3035 156 69 illud,
860 3035 109 69 sic
922 3035 203 69 inquiens.
1079 3035 125 69 Dico
1157 3035 125 69 tibi
1235 3035 172 69 creator
1360 3035 172 69 hominis
1485 3035 156 69 filius
1594 3035 187 69 hominis,
1735 3035 125 69 quid
1813 3035 109 69 est
1875 3035 125 69 quod
1954 3035 94 69 te
2000 3035 141 69 mouet
2094 3035 94 69 in
2125 3035 141 69 meanati

465 3090 191 72 uitate:
603 3090 121 72 non
673 3090 121 72 sum
742 3090 225 72 libidinis
915 3090 225 72 conceptus
1089 3090 260 72 cupiditate.
1297 3090 121 72 Ego
1366 3090 191 72 matrem,
1505 3090 104 72 de
1557 3090 121 72 qua
1626 3090 225 72 nascerer,
1800 3090 156 72 feci,
1904 3090 121 72 ego
1973 3090 139 72 viam
2060 3090 121 72 meo
2112 3090 156 72 itineri

471 3146 264 71 praeparaui,
683 3146 158 71 atque
788 3146 211 71 mundaui.
946 3146 141 71 Hanc
1034 3146 141 71 quam
1122 3146 211 71 despicis
1281 3146 229 71 Manichee,
1457 3146 158 71 mater
1562 3146 123 71 mea
1633 3146 141 71 est:
1721 3146 123 71 sed
1791 3146 141 71 manu
1879 3146 229 71 fabricata
2055 3146 123 71 est
2125 3146 141 71 mea.
2196 3146 70 71 si

479 3195 146 89 potui
576 3195 211 89 inquinari
739 3195 114 89 cum
804 3195 114 89 eam
869 3195 195 89 facerem,
1015 3195 146 89 potui
1113 3195 98 89 in
1162 3195 130 89 illa
1243 3195 211 89 inquinari
1405 3195 114 89 cum
1470 3195 98 89 ex
1519 3195 98 89 ea
1568 3195 211 89 nascerer.
1731 3195 146 89 Sicut
1828 3195 98 89 in
1877 3195 195 89 transitu
2023 3195 114 89 meo
2088 3195 163 89 illius
2186 3195 81 89 non
