2455 3737
431 191 99 121 in
480 191 247 121 absolutione
678 191 280 121 sacramentali.
909 191 82 121 &
942 191 115 121 hoc
1008 191 99 121 ad
1057 191 132 121 diam
1139 191 165 121 poenae
1255 191 181 121 debitae
1387 191 231 121 temporalis
1568 191 198 121 remissae
1716 191 148 121 illis
1815 191 99 121 in
1865 191 247 121 absolutione
2046 191 165 121 sacramen

443 268 125 86 tali
522 268 109 86 per
584 268 234 86 sacerdotem,
772 268 94 86 in
818 268 109 86 qua
881 268 203 86 aboletur,
1037 268 125 86 siue
1115 268 219 86 remittitur
1287 268 172 86 peccati
1412 268 172 86 macula,
1537 268 78 86 &
1568 268 219 86 commutatur
1740 268 141 86 poena
1834 268 172 86 aeterna
1959 268 188 86 peccatis
2084 268 125 86 debita

439 326 88 78 in
483 326 219 78 temporalem:
659 326 73 78 &
688 326 146 78 illius
790 326 205 78 temporalis
951 326 146 78 poenae
1053 326 117 78 pars
1126 326 102 78 per
1185 326 234 78 absolutionem
1375 326 248 78 sacramentalem
1579 326 146 78 factam
1682 326 73 78 a
1711 326 190 78 sacerdote
1857 326 219 78 remittitur,
2033 326 73 78 &
2062 326 102 78 hoc
2106 326 102 78 virtu

444 366 86 98 te
487 366 144 98 clauis
587 366 245 98 sacramentalis
789 366 216 98 potestatis.
961 366 129 98 Cuius
1048 366 129 98 etiam
1134 366 144 98 poenae
1235 366 201 98 temporalis
1393 366 115 98 pars
1465 366 201 98 remittitur
1623 366 101 98 per
1681 366 158 98 meritum
1796 366 230 98 contritionis
1983 366 144 98 ipsius
2069 366 144 98 poenitem

442 427 116 93 tis,
515 427 73 93 &
544 427 131 93 forte
631 427 131 93 tota.
718 427 131 93 tanta
805 427 145 93 posset
907 427 116 93 esse
980 427 203 93 contritio.
1139 427 116 93 Quia
1212 427 87 93 si
1256 427 102 93 non
1314 427 131 93 tota,
1401 427 102 93 per
1459 427 247 93 sacramentalem
1662 427 247 93 absolutionem,
1866 427 73 93 &
1895 427 102 93 per
1953 427 247 93 sacramentalem
2141 427 73 93 con

445 477 205 97 tritionem
603 477 236 97 remittatur,
792 477 126 97 ipse
870 477 205 97 absolutus
1028 477 157 97 deleta
1138 477 157 97 macula
1248 477 157 97 culpae
1359 477 173 97 debitor
1485 477 142 97 manet
1579 477 157 97 poenae
1689 477 189 97 residuae
1831 477 220 97 soluendae.
2004 477 142 97 cuius
2083 477 126 97 quanti

450 540 116 80 tas
517 540 83 80 &
550 540 116 80 quo
617 540 100 80 ad
667 540 250 80 acerbitatem
866 540 83 80 &
900 540 116 80 quo
966 540 100 80 ad
1016 540 233 80 durationem
1199 540 100 80 in
1249 540 183 80 tempore
1382 540 100 80 in
1432 540 216 80 vnoquoque
1598 540 150 80 iusto
1698 540 233 80 poenitente
1881 540 133 80 apud
1964 540 183 80 diuinam
2081 540 133 80 iusti-

448 586 121 99 tiam
523 586 181 99 definita
659 586 76 99 &
690 586 212 99 determiata
856 586 121 99 est:
931 586 76 99 &
962 586 106 99 deo
1022 586 106 99 eam
1083 586 166 99 soluere
1203 586 166 99 tenetur
1324 586 196 99 poenitens
1476 586 106 99 vno
1536 586 136 99 trium
1627 586 151 99 modorm
1732 586 181 99 scilicet
1868 586 242 99 redemptione,
2050 586 166 99 luitione,

453 641 110 90 aut
516 641 252 90 indulgentiae
721 641 236 90 remissione.
910 641 236 90 Redemptione
1100 641 189 90 scilicet
1242 641 268 90 eleemosynarum
1462 641 252 90 elargitione.
1667 641 189 90 secundum
1809 641 142 90 illud
1904 641 126 90 Dan.
1983 641 95 90 x.
2030 641 173 90 Peccata
2140 641 79 90 tua

447 694 212 100 eleemosynis
617 694 156 100 redime.
730 694 170 100 Luitione
857 694 170 100 scilicet
984 694 141 100 poenas
1083 694 127 100 illas
1168 694 85 100 in
1210 694 156 100 propria
1323 694 156 100 persona
1436 694 212 100 sustinendo.
1606 694 170 100 secundum
1733 694 127 100 illud
1818 694 113 100 lob.
1889 694 99 100 xx.
1945 694 113 100 Luet
2016 694 198 100 quaecumque
2157 694 57 100 se

449 749 140 90 cerit.
547 749 112 90 lsta
617 749 126 90 autem
702 749 154 90 solutio
814 749 112 90 quae
884 749 98 90 sit
940 749 183 90 luitione,
1081 749 197 90 dupliciter
1235 749 126 90 habet
1319 749 140 90 fieri.
1418 749 168 90 secundum
1544 749 140 90 duplex
1642 749 140 90 forum,
1741 749 140 90 quorum
1839 749 112 90 vnum
1909 749 98 90 est
1965 749 154 90 hominis
2064 749 154 90 poeniten-

445 819 116 71 tis,
518 819 131 71 aliud
605 819 116 71 vero
678 819 116 71 dei.
751 819 102 71 Est
809 819 131 71 autem
896 819 131 71 forum
983 819 160 71 hominis
1100 819 218 71 poenitentis
1274 819 87 71 in
1318 819 189 71 praesenti
1463 819 131 71 vita,
1550 819 87 71 in
1594 819 102 71 quo
1652 819 145 71 soluit
1754 819 247 71 satisfaciendo
1957 819 102 71 per
2015 819 145 71 poenam
2103 819 116 71 volum-

454 856 131 96 tarie
542 856 205 96 assumptam,
703 856 146 96 absque
805 856 88 96 eo
849 856 117 96 quod
922 856 73 96 a
951 856 190 96 sacerdote
1097 856 278 96 sacramentaliter
1331 856 219 96 iniungatur,
1506 856 102 96 aut
1565 856 88 96 in
1608 856 219 96 contritione
1784 856 234 96 sacramentali
1974 856 190 96 soluatur.
2120 856 102 96 Est
2164 856 58 96 ve

453 925 92 84 ro
499 925 138 84 forum
591 925 108 84 dei
652 925 92 84 in
699 925 231 84 purgatorio,
883 925 92 84 in
929 925 108 84 quo
991 925 154 84 soluit
1098 925 261 84 satiffaciendo
1313 925 108 84 per
1375 925 154 84 poenam
1482 925 77 84 a
1513 925 108 84 deo
1575 925 215 84 inflictam.
1744 925 92 84 Et
1790 925 92 84 se
1836 925 154 84 habent
1943 925 154 84 poenae
2051 925 200 84 soluendae

450 982 90 88 in
495 982 120 88 isto
570 982 165 88 duplici
690 982 135 88 foro,
780 982 75 88 &
810 982 195 88 soluendae
960 982 105 88 seu
1020 982 165 88 solutae
1140 982 105 88 per
1200 982 255 88 sacramentalem
1409 982 255 88 contritionem,
1619 982 105 88 aut
1679 982 105 88 per
1739 982 255 88 sacramentalem
1949 982 210 88 sacerdotis
2114 982 135 88 iniun

460 1019 165 92 ctionem,
584 1019 110 92 quae
653 1019 138 92 potest
750 1019 110 92 dici
819 1019 152 92 solutio
929 1019 138 92 poenae
1025 1019 83 92 in
1067 1019 110 92 foro
1136 1019 152 92 christi
1246 1019 165 92 hominis,
1370 1019 97 92 per
1425 1019 152 92 ordinem
1536 1019 83 92 in
1577 1019 165 92 praetio.
1701 1019 110 92 quia
1770 1019 124 92 poena
1853 1019 83 92 in
1894 1019 110 92 foro
1963 1019 152 92 christi
2073 1019 138 92 soluta
2170 1019 83 92 di

455 1093 115 71 uina
526 1093 215 71 reputatione
699 1093 129 71 chara
785 1093 101 71 est
842 1093 72 71 &
871 1093 172 71 pretiosa
1000 1093 144 71 valde,
1101 1093 115 71 quia
1173 1093 258 71 sacramentalis,
1388 1093 129 71 minus
1474 1093 129 71 autem
1560 1093 101 71 est
1618 1093 129 71 chara
1704 1093 72 71 &
1733 1093 187 71 praetiosa
1876 1093 129 71 illa,
1963 1093 115 71 quae
2034 1093 172 71 soluitur
2164 1093 86 71 in

453 1132 117 90 foro
526 1132 234 90 poenitentis.
716 1132 131 90 vilis
804 1132 131 90 autem
892 1132 73 90 &
921 1132 117 90 mime
994 1132 146 90 chara,
1096 1132 102 90 seu
1155 1132 175 90 pretiosa
1286 1132 102 90 est
1345 1132 131 90 illa,
1432 1132 117 90 quae
1505 1132 175 90 soluitur
1637 1132 88 90 in
1680 1132 117 90 foro
1754 1132 117 90 dei.
1827 1132 117 90 quia
1900 1132 88 90 in
1943 1132 131 90 istis
2031 1132 146 90 tribus
2119 1132 102 90 foris

460 1185 130 98 poenis
551 1185 208 98 inaequalibus
720 1185 91 98 non
772 1185 156 98 soluitur
889 1185 104 98 nisi
955 1185 143 98 aequale
1059 1185 156 98 debitum.
1176 1185 104 98 Vnde
1241 1185 130 98 siquis
1332 1185 91 98 non
1384 1185 156 98 soluerit
1501 1185 117 98 totam
1579 1185 130 98 poenam
1670 1185 195 98 temporalem,
1827 1185 117 98 cuius
1905 1185 143 98 debitor
2009 1185 91 98 est
2061 1185 91 98 pro
2100 1185 130 98 peccatis

460 1241 126 106 suis,
544 1241 84 106 in
586 1241 210 106 sacramenali
753 1241 223 106 contritione,
935 1241 98 106 aut
991 1241 210 106 sacramenali
1158 1241 210 106 iniunctione
1326 1241 70 106 a
1354 1241 196 106 sacerdote,
1508 1241 84 106 si
1550 1241 112 106 vult
1619 1241 98 106 pro
1675 1241 126 106 poena
1759 1241 237 106 satisfactoria
1955 1241 126 106 vnius
2038 1241 112 106 diei
2108 1241 84 106 in
2136 1241 84 106 foro

463 1288 161 98 christi
580 1288 219 98 satisfacere
756 1288 132 98 poena
843 1288 132 98 vnius
931 1288 117 98 diei
1004 1288 88 98 in
1048 1288 117 98 foro
1121 1288 219 98 poenitenti,
1297 1288 190 98 acerbitas
1443 1288 146 98 poenae
1545 1288 117 98 diei
1618 1288 146 98 illius
1720 1288 117 98 erit
1794 1288 146 98 maior.
1896 1288 88 98 Si
1940 1288 102 98 est
1998 1288 161 98 aliquis
2115 1288 102 98 non
2159 1288 73 98 sol

464 1354 95 86 uit
519 1354 122 86 totam
600 1354 136 86 poenam
695 1354 190 86 praedictam
845 1354 204 86 temporalem,
1008 1354 122 86 cuius
1090 1354 95 86 est
1144 1354 163 86 debitor,
1266 1354 95 86 nec
1321 1354 82 86 in
1361 1354 109 86 foro
1429 1354 163 86 christi,
1552 1354 95 86 nec
1606 1354 82 86 in
1647 1354 109 86 foro
1715 1354 204 86 poenitenti,
1878 1354 82 86 si
1918 1354 163 86 oporteat
2041 1354 122 86 illum
2122 1354 95 86 pro
2163 1354 68 86 poe

464 1403 90 95 na
509 1403 255 95 satisfactoria
719 1403 135 95 vnius
808 1403 120 95 diei
883 1403 90 95 in
928 1403 120 95 foro
1003 1403 180 95 christi,
1138 1403 105 95 aut
1198 1403 90 95 in
1243 1403 120 95 foro
1318 1403 240 95 poenitentis,
1512 1403 225 95 satisfacere
1692 1403 210 95 poenavnius
1857 1403 120 95 diei
1932 1403 90 95 in
1976 1403 120 95 foro
2051 1403 120 95 dei,
2111 1403 120 95 acerbi

465 1456 105 92 tas
525 1456 150 92 poenae
630 1456 135 92 vnius
720 1456 120 92 diei
795 1456 270 92 satisfactoriae
1021 1456 90 92 in
1066 1456 120 92 foro
1141 1456 105 92 dei
1201 1456 120 92 erit
1276 1456 135 92 multo
1366 1456 150 92 maior.
1471 1456 90 92 De
1516 1456 195 92 solutione
1666 1456 135 92 autem
1756 1456 150 92 poenae
1862 1456 165 92 debitae
1982 1456 105 92 per
2027 1456 210 92 indulgentiae

462 1526 208 84 remissionem
628 1526 97 84 est
684 1526 166 84 quaestio
808 1526 194 84 proposita,
960 1526 111 84 quae
1029 1526 166 84 remissio
1154 1526 97 84 non
1209 1526 97 84 sit
1265 1526 83 84 ab
1306 1526 138 84 homine
1403 1526 111 84 nisi
1472 1526 97 84 per
1527 1526 194 84 potestatem
1680 1526 125 84 super
1763 1526 97 84 hoc
1818 1526 111 84 illi
1887 1526 69 84 a
1915 1526 97 84 deo
1970 1526 194 84 commissam,
2108 1526 125 84 propter

468 1566 118 111 quid
542 1566 162 111 additur
660 1566 88 111 in
704 1566 236 111 descriptione
895 1566 250 111 indulgentiae,
1101 1566 206 111 Apraelatis
1263 1566 191 111 ecclesiae
1411 1566 147 111 facta.
1514 1566 133 111 illis
1602 1566 118 111 enim
1676 1566 133 111 solis
1764 1566 133 111 super
1852 1566 103 111 hoc
1911 1566 177 111 commissa
2044 1566 103 111 est
2088 1566 147 111 auctori-

471 1631 120 83 tas,
546 1631 120 83 siue
621 1631 196 83 potestas.
772 1631 75 83 &
802 1631 105 83 hoc
862 1631 150 83 quando
967 1631 181 83 christus
1103 1631 150 83 Matth.
1208 1631 150 83 xviii.
1313 1631 105 83 vni
1374 1631 135 83 dixit
1464 1631 105 83 pro
1524 1631 181 83 omnibus,
1659 1631 75 83 &
1689 1631 165 83 omnibus
1810 1631 90 83 in
1855 1631 120 83 vno:
1930 1631 211 83 Quodcumque
2081 1631 150 83 solueris

464 1674 137 98 super
555 1674 152 98 terram
661 1674 121 98 erit
737 1674 167 98 solutum
859 1674 76 98 &
889 1674 91 98 in
934 1674 167 98 caelis.
1056 1674 91 98 Et
1101 1674 137 98 super
1193 1674 121 98 isto
1268 1674 182 98 articulo
1405 1674 152 98 posito
1511 1674 91 98 in
1557 1674 243 98 descriptione
1754 1674 243 98 indulgentiae
1952 1674 197 98 praedicta
2103 1674 121 98 mota
2164 1674 76 98 est

475 1730 172 96 quaestio
603 1730 200 96 proposita:
761 1730 86 96 an
804 1730 229 96 indulgentiae
990 1730 215 96 praelatorum
1162 1730 143 96 tantum
1262 1730 172 96 valeant,
1391 1730 157 96 quantum
1505 1730 157 96 sonant.
1620 1730 72 96 &
1648 1730 143 96 tangit
1748 1730 200 96 potestatem
1906 1730 157 96 ipsorum
2020 1730 86 96 in
2049 1730 186 96 conferendis

471 1779 226 102 indulgentiis
655 1779 85 102 an
697 1779 156 102 possint
810 1779 127 102 ipsas
895 1779 99 102 pro
952 1779 141 102 libito
1050 1779 198 102 voluntatis
1206 1779 184 102 conferre,
1347 1779 141 102 quando
1446 1779 156 102 volunt,
1559 1779 141 102 quibus
1658 1779 156 102 volunt,
1771 1779 71 102 &
1800 1779 156 102 quantum
1913 1779 156 102 volunt,
2026 1779 127 102 prout
2097 1779 141 102 tangitur

479 1839 86 109 in
522 1839 129 109 primo
608 1839 201 109 argumento.
766 1839 86 109 AD
809 1839 129 109 cuius
895 1839 230 109 intellectum,
1082 1839 158 109 quantum
1196 1839 172 109 pertinet
1326 1839 86 109 ad
1369 1839 215 109 propositum,
1541 1839 100 109 est
1598 1839 230 109 aduertendum,
1785 1839 115 109 quod
1857 1839 115 109 ista
1929 1839 158 109 tri.asi
2043 1839 100 109 ice
2086 1839 144 109 donatio,

479 1892 186 95 redditio,
622 1892 72 95 &
650 1892 229 95 dispensatio,
836 1892 186 95 differunt
980 1892 129 95 inter
1065 1892 100 95 se.
1123 1892 114 95 quia
1194 1892 157 95 donatio
1309 1892 172 95 respicit
1438 1892 129 95 solum
1523 1892 215 95 voluntarium
1695 1892 86 95 in
1738 1892 172 95 donante,
1867 1892 243 95 quaeliscumque
2067 1892 143 95 fuerit
2153 1892 86 95 acci

482 1946 163 105 piens.
596 1946 196 105 Redditio
743 1946 147 105 autem
841 1946 196 105 respicit
988 1946 180 105 debitum
1119 1946 98 105 in
1168 1946 163 105 dante,
1282 1946 82 105 &
1315 1946 180 105 meritum
1446 1946 98 105 in
1495 1946 245 105 recipiente.
1691 1946 245 105 Dispensatio
1887 1946 131 105 vero
1968 1946 196 105 respicit
2099 1946 147 105 volunta

490 2000 116 95 rium
562 2000 87 95 in
605 2000 232 95 dispensante,
794 2000 72 95 &
822 2000 145 95 dignum
924 2000 87 95 in
967 2000 87 95 eo
1011 2000 101 95 cui
1069 2000 232 95 dispensatur.
1257 2000 116 95 Quia
1329 2000 130 95 autem
1416 2000 159 95 donatio
1532 2000 174 95 respicit
1662 2000 159 95 solummo
1778 2000 217 95 voluntarium
1952 2000 87 95 in
1995 2000 174 95 donante,
2111 2000 130 95 propter

489 2064 80 93 ea
529 2064 121 93 solum
609 2064 121 93 ille,
689 2064 94 93 qui
743 2064 147 93 plenam,
850 2064 67 93 &
877 2064 147 93 liberam
984 2064 134 93 habent
1078 2064 187 93 potestatem
1225 2064 121 93 super
1306 2064 94 93 rem
1359 2064 214 93 conferendam,
1533 2064 134 93 potest
1627 2064 94 93 eam
1681 2064 147 93 donare,
1788 2064 94 93 hoc
1841 2064 94 93 est
1895 2064 121 93 dare,
1975 2064 134 93 absque
2069 2064 121 93 culpa
2149 2064 107 93 sua,
2203 2064 40 93 &

489 2106 120 96 omni
564 2106 165 96 iniuria
683 2106 179 96 alterius
818 2106 239 96 quibuscumque
1013 2106 254 96 indifferenter
1222 2106 150 96 dignis
1327 2106 75 96 &
1357 2106 194 96 indignis,
1506 2106 120 96 bene
1581 2106 165 96 meritis
1701 2106 75 96 &
1730 2106 120 96 male
1805 2106 179 96 meritis:
1940 2106 120 96 modo
2015 2106 105 96 quo
2074 2106 120 96 deus
2134 2106 105 96 solem

489 2159 121 109 suum
564 2159 136 109 facit
655 2159 136 109 oriri
746 2159 196 109 supebonos
897 2159 76 109 &
927 2159 151 109 malos:
1033 2159 76 109 &
1063 2159 136 109 pluit
1153 2159 136 109 super
1244 2159 166 109 iustos,
1365 2159 76 109 &
1395 2159 196 109 iniustos,
1546 2159 91 109 vt
1592 2159 91 109 de
1637 2159 151 109 Matth.
1743 2159 91 109 v.
1788 2159 91 109 Si
1833 2159 151 109 igitur
1939 2159 181 109 praelati
2075 2159 136 109 talem
2150 2159 91 109 habe

485 2212 105 101 rent
551 2212 184 101 potestatem
695 2212 118 101 super
774 2212 210 101 indulgentiis
944 2212 210 101 conferendis,
1115 2212 105 101 tunc
1181 2212 131 101 certum
1273 2212 118 101 esset
1351 2212 158 101 penitus,
1469 2212 105 101 quod
1535 2212 131 101 tantum
1627 2212 158 101 valerent
1745 2212 144 101 quantum
1850 2212 171 101 sonarent:
1981 2212 105 101 quia
2047 2212 131 101 tantas
2126 2212 118 101 confer-

491 2259 111 108 rent
560 2259 153 108 cuique,
671 2259 153 108 quantas
782 2259 153 108 valent,
893 2259 69 108 &
921 2259 97 108 sic
977 2259 139 108 tantum
1074 2259 139 108 cuique
1171 2259 180 108 valerent,
1310 2259 153 108 quantum
1421 2259 166 108 vellent,
1545 2259 97 108 est
1601 2259 83 108 si
1643 2259 97 108 non
1698 2259 166 108 subesset
1823 2259 222 108 rationabilis
2003 2259 125 108 cauam
2073 2259 166 108 conferendi

491 2322 222 100 indulgentias
672 2322 139 100 tales.
769 2322 97 100 Sed
824 2322 111 100 quod
894 2322 125 100 talem
977 2322 194 100 potestatem
1130 2322 167 100 christus
1255 2322 208 100 concesserit
1422 2322 181 100 praelatis
1561 2322 167 100 ecclsiae
1686 2322 125 100 super
1769 2322 208 100 collationem
1936 2322 153 100 bonorum
2047 2322 181 100 ecclesiae
2172 2322 83 100 siue

492 2381 210 106 temporalium,
662 2381 105 106 siue
728 2381 210 106 spiritalium,
898 2381 79 106 vt
937 2381 157 106 scilicet
1055 2381 131 106 absque
1147 2381 197 106 rationabili
1304 2381 131 106 cauam,
1396 2381 131 106 absque
1488 2381 118 106 culpa
1567 2381 118 106 eorum
1645 2381 157 106 conferre
1763 2381 144 106 possint
1868 2381 105 106 illa
1933 2381 92 106 pro
1986 2381 170 106 voluntate
2117 2381 118 106 eorum
2182 2381 66 106 ma-

487 2427 130 113 xime
568 2427 130 113 male
649 2427 194 113 meritis,
795 2427 81 113 &
827 2427 211 113 indignis,
989 2427 113 113 non
1054 2427 113 113 est
1119 2427 243 113 verisimile,
1313 2427 130 113 quia
1394 2427 113 113 hoc
1459 2427 194 113 vergeret
1605 2427 113 113 non
1670 2427 97 113 in
1718 2427 211 113 ecclesiae
1880 2427 308 113 aedificationem:
2140 2427 113 113 sed
2188 2427 65 113 po

500 2486 121 91 tius
575 2486 91 91 in
621 2486 121 91 eius
696 2486 272 91 destructionem,
923 2486 76 91 &
953 2486 136 91 esset
1044 2486 211 91 contrarium
1210 2486 136 91 illi,
1300 2486 121 91 quid
1376 2486 196 91 apostolus
1527 2486 211 91 instruendo
1693 2486 211 91 Corinthios
1859 2486 136 91 super
1950 2486 196 91 potestate
2086 2486 166 91 praelato-

496 2545 110 89 rum
559 2545 204 89 ecclesiae
716 2545 141 89 sibi,
810 2545 78 89 &
841 2545 141 89 aliis
935 2545 78 89 a
967 2545 110 89 deo
1030 2545 220 89 concessae:
1202 2545 157 89 dicit.
1312 2545 110 89 ii.
1375 2545 188 89 Corinth.
1516 2545 94 89 x.
1563 2545 125 89 Quam
1641 2545 141 89 dedit
1735 2545 173 89 dominus
1861 2545 94 89 in
1908 2545 282 89 aedificationem
2143 2545 78 89 &
2175 2545 110 89 non

495 2591 96 108 in
543 2591 272 108 destructionem
767 2591 192 108 vestram.
910 2591 112 108 vbi
974 2591 144 108 dicit
1070 2591 144 108 glos.
1166 2591 96 108 id
1214 2591 112 108 est
1278 2591 96 108 vt
1326 2591 112 108 vos
1389 2591 240 108 aedificemus
1581 2591 96 108 in
1629 2591 240 108 virtutibus,
1821 2591 112 108 non
1885 2591 96 108 vt
1933 2591 144 108 praua
2028 2591 208 108 doctrina,
2172 2591 80 108 vel

495 2646 165 103 exemplo
615 2646 240 103 corrumpamus.
809 2646 120 103 Vnde
884 2646 135 103 sicut
974 2646 180 103 praelati
1109 2646 105 103 non
1169 2646 150 103 habent
1274 2646 210 103 potestatem
1438 2646 225 103 corrumpendi
1618 2646 150 103 impune
1723 2646 75 103 &
1753 2646 150 103 absque
1858 2646 165 103 peccato
1977 2646 105 103 suo
2037 2646 180 103 subditos
2157 2646 105 103 praua

495 2703 179 94 doctrina
630 2703 179 94 secundum
764 2703 149 94 illud.
869 2703 105 94 ii.
928 2703 179 94 Corinth.
1063 2703 134 94 xiii.
1152 2703 105 94 Non
1212 2703 179 94 possumus
1347 2703 164 94 aliquid
1466 2703 179 94 aduersus
1601 2703 209 94 veritatem:
1765 2703 105 94 sed
1825 2703 105 94 pro
1884 2703 194 94 veritate:
2034 2703 105 94 sic
2094 2703 105 94 non
2138 2703 120 94 habent

490 2763 169 93 ptantem
613 2763 231 93 corrumpendi
798 2763 139 93 illos
890 2763 169 93 impune,
1013 2763 77 93 &
1044 2763 154 93 absque
1152 2763 185 93 peccato,
1291 2763 139 93 prauo
1383 2763 169 93 exemplo
1506 2763 169 93 operis,
1629 2763 154 93 quaele
1737 2763 139 93 esset
1830 2763 139 93 praua
1922 2763 262 93 administratio
2122 2763 139 93 bonorum

502 2807 207 92 spiritalium,
671 2807 65 92 &
696 2807 194 92 temporalium
852 2807 181 92 ecclesiae.
995 2807 104 92 Vnde
1059 2807 117 92 super
1137 2807 130 92 illud.
1228 2807 78 92 i.
1267 2807 143 92 Corith.
1371 2807 104 92 iii.
1435 2807 117 92 Omnia
1513 2807 78 92 ei
1552 2807 91 92 vra
1604 2807 117 92 sunt,
1682 2807 91 92 vos
1734 2807 117 92 autem
1811 2807 156 92 Christi,
1928 2807 156 92 Christus
2045 2807 117 92 autem
2122 2807 104 92 dei.
2174 2807 91 92 glos.

494 2855 107 99 Nam
555 2855 76 99 &
585 2855 122 99 vita
662 2855 76 99 &
692 2855 122 99 mors
768 2855 183 99 doctorum
906 2855 92 99 ad
952 2855 275 99 aedificationem
1180 2855 214 99 subditorum
1348 2855 122 99 esse
1425 2855 168 99 debent.
1547 2855 107 99 hoc
1608 2855 122 99 ideo
1684 2855 137 99 dicit
1776 2855 214 99 apostolus:
1944 2855 92 99 vt
1989 2855 137 99 sicut
2081 2855 122 99 haec
2157 2855 107 99 vro
2203 2855 61 99 iu

498 2909 143 98 dicio
594 2909 191 98 concessa
737 2909 143 98 sunt,
832 2909 80 98 &
864 2909 207 98 subiecta,
1023 2909 111 98 ita
1087 2909 80 98 &
1119 2909 111 98 nos
1182 2909 175 98 Christo
1309 2909 255 98 subiiciamur.
1516 2909 191 98 Christus
1659 2909 143 98 autem
1755 2909 111 98 dei
1819 2909 175 98 piaris,
1946 2909 191 98 proprius
2089 2909 111 98 est
2137 2909 127 98 filius

499 2964 187 90 faciens
635 2964 136 90 eius
720 2964 255 90 voluntatem,
923 2964 102 90 vt
974 2964 85 90 &
1008 2964 119 90 nos
1076 2964 204 90 faciamus
1229 2964 187 90 ipsius.
1365 2964 136 90 Nunc
1449 2964 153 90 autem
1551 2964 204 90 voluntas
1704 2964 187 90 christi
1840 2964 119 90 non
1908 2964 119 90 est
1975 2964 136 90 nisi
2060 2964 136 90 bona
2128 2964 136 90 admini

502 3022 180 87 stratio
632 3022 180 87 bonorum
763 3022 229 87 ecclesiae,
943 3022 131 87 quam
1025 3022 164 87 facere
1139 3022 147 87 habet
1238 3022 98 87 in
1287 3022 180 87 persona
1418 3022 180 87 christi
1548 3022 213 87 praelatus
1712 3022 229 87 ecclesiae,
1892 3022 82 87 &
1925 3022 164 87 facere
2039 3022 114 87 eam
2104 3022 147 87 debet
2186 3022 82 87 pro

506 3066 148 109 posse
604 3066 132 109 suo,
686 3066 148 109 sicut
785 3066 197 109 christus
933 3066 115 109 eam
999 3066 181 109 faceret
1130 3066 99 109 si
1180 3066 197 109 praesens
1328 3066 164 109 esset,
1443 3066 99 109 vt
1492 3066 115 109 iam
1558 3066 197 109 inferius
1706 3066 197 109 dicetur.
1854 3066 132 109 Quia
1936 3066 132 109 vero
2018 3066 197 109 redditio
2150 3066 115 109 respi
