2474 3825
109 354 102 93 Et
160 354 289 93 dispensatores
398 354 289 93 ministeriorum
636 354 136 93 dei.
721 354 153 93 dicit
823 354 153 93 Glos.
925 354 136 93 Quia
1009 354 204 93 secundum
1162 354 153 93 modum
1264 354 204 93 cuiusque
1417 354 238 93 ministeria
1604 354 238 93 diuidimus.
1774 354 102 93 Ali-

112 431 101 67 ter
169 431 130 67 autem
256 431 101 67 non
313 431 130 67 esset
399 431 130 67 bonus
486 431 230 67 dispensator.
673 431 158 67 Proptur
788 431 115 67 quid
860 431 187 67 apostolus
1004 431 216 67 distinguens
1177 431 130 67 inter
1263 431 259 67 dispensatores,
1479 431 101 67 ibi
1537 431 173 67 continue
1666 431 144 67 subdit
1752 431 130 67 dicens.

113 480 123 75 Hic
184 480 158 75 autem
289 480 228 75 quaeritur
464 480 158 75 inter
570 480 298 75 dispensatores
815 480 105 75 vt
868 480 193 75 fidelis
1009 480 140 75 quis
1096 480 263 75 inueniatur.
1307 480 193 75 Glossa.
1447 480 123 75 Cui
1517 480 176 75 possit
1640 480 158 75 credi
1746 480 105 75 si
1781 480 105 75 bene

116 535 243 78 dispenset.
306 535 121 78 vbi
376 535 243 78 praemittit
567 535 173 78 Glossa
688 535 191 78 dicens.
827 535 208 78 Sciendum
983 535 139 78 quod
1070 535 121 78 non
1139 535 156 78 solum
1243 535 156 78 boni,
1347 535 121 78 sed
1417 535 87 78 &
1451 535 139 78 mali
1538 535 295 78 dispensatores
1764 535 121 78 sunt.

148 588 108 66 Vt
202 588 163 66 autem
311 588 163 66 recta
419 588 199 66 ratione
564 588 289 66 dispensentur
799 588 289 66 indulgentiae
1034 588 90 66 a
1070 588 235 66 praelato,
1250 588 127 66 nec
1323 588 217 66 maiores,
1485 588 127 66 nec
1558 588 199 66 minores
1702 588 145 66 quam
1775 588 108 66 con-

116 637 163 80 gruat,
230 637 260 80 conferantur,
441 637 195 80 sciendum
587 637 130 80 quod
668 637 211 80 praelatus
831 637 98 80 in
880 637 228 80 conferendo
1058 637 163 80 illas,
1172 637 98 80 vt
1221 637 81 80 &
1253 637 179 80 valere,
1383 637 81 80 &
1416 637 163 80 tantum
1530 637 163 80 valere
1643 637 195 80 possint,
1773 637 98 80 quan

108 706 113 68 tum
172 706 178 68 sonant,
302 706 97 68 ad
350 706 113 68 duo
415 706 145 68 debet
512 706 210 68 aspicere,
673 706 81 68 &
706 706 194 68 secundum
851 706 129 68 illa
932 706 242 68 quantitatem
1126 706 178 68 illarum
1255 706 226 68 mensurare,
1433 706 81 68 &
1465 706 226 68 voluntatem
1643 706 129 68 suam
1707 706 178 68 informare

110 748 155 67 Quorum
219 748 155 67 primum
328 748 124 67 est,
405 748 93 67 vt
452 748 109 67 sit
514 748 155 67 vrgens
622 748 217 67 necessitas
793 748 217 67 conferendi
963 748 155 67 illas,
1072 748 78 67 &
1103 748 109 67 hoc
1165 748 93 67 ex
1211 748 140 67 parte
1304 748 155 67 causae
1413 748 171 67 propter
1537 748 124 67 quam
1614 748 124 67 sunt
1676 748 202 67 conferendae

109 805 170 70 Secundum
236 805 113 70 vero
307 805 113 70 est,
378 805 85 70 vt
420 805 99 70 sit
477 805 156 70 euidens
590 805 184 70 vtilitas,
731 805 85 70 si
774 805 226 70 conferantur,
958 805 71 70 &
986 805 99 70 hoc
1042 805 85 70 ex
1085 805 127 70 parte
1170 805 156 70 illorum
1283 805 141 70 quibus
1382 805 113 70 sunt
1453 805 226 70 conferendae.
1637 805 85 70 In
1679 805 141 70 quibus
1764 805 113 70 duobus

106 858 179 62 saluatur
240 858 179 62 intentio
375 858 179 62 illorum,
509 858 104 62 qui
569 858 194 62 thesaurum
718 858 194 62 ecclesiae
867 858 224 62 spiritalem,
1046 858 90 62 de
1091 858 104 62 quo
1151 858 254 62 distribuuntur
1360 858 254 62 indulgentiae,
1569 858 284 62 accumulauerunt,
1792 858 90 62 puta

112 913 152 65 sctorum
223 913 221 65 perfectorum,
403 913 97 65 qui
458 913 83 65 ad
500 913 152 65 honorem
610 913 111 65 dei,
679 913 69 65 &
707 913 180 65 ecclesiae
845 913 194 65 vtilitatem
998 913 125 65 opera
1081 913 235 65 satisfactoria
1274 913 97 65 pro
1330 913 166 65 peccatis
1454 913 83 65 in
1496 913 194 65 angustiis,
1634 913 235 65 tribulationibus

107 964 200 75 ieiuniis,
261 964 246 75 eleemosynis,
461 964 77 75 &
491 964 185 75 caeteris
630 964 185 75 operibus
769 964 154 75 mimae,
876 964 139 75 atque
969 964 200 75 martyriis
1123 964 139 75 super
1215 964 216 75 quantitate
1384 964 185 75 poenarum
1523 964 108 75 eis
1585 964 200 75 debitarum
1738 964 108 75 pro
1785 964 92 75 suis

111 1017 180 76 peccatis
246 1017 210 76 erogauert.
411 1017 105 76 qui
471 1017 90 76 vt
516 1017 165 76 legitur
636 1017 120 76 Heb.
711 1017 105 76 xi.
771 1017 105 76 per
831 1017 135 76 fidem
921 1017 180 76 vicerunt
1056 1017 150 76 regna,
1161 1017 165 76 operati
1281 1017 120 76 sunt
1356 1017 210 76 iustitiam,
1521 1017 150 76 adepti
1626 1017 120 76 sunt
1686 1017 195 76 repromissio

106 1079 119 64 nes:
181 1079 119 64 alii
255 1079 134 64 autem
344 1079 179 64 distenti
478 1079 134 64 sunt:
568 1079 119 64 alii
642 1079 119 64 vero
717 1079 179 64 ludibria
851 1079 74 64 &
880 1079 164 64 verbera
1000 1079 164 64 exparti
1119 1079 134 64 sunt,
1208 1079 164 64 insuper
1327 1079 74 64 &
1357 1079 164 64 vicula,
1476 1079 74 64 &
1506 1079 194 64 carceres,
1655 1079 179 64 lapidati
1774 1079 104 64 sunt,

107 1129 141 60 secti
201 1129 141 60 sunt,
295 1129 172 60 tentati
420 1129 141 60 sunt,
514 1129 94 60 in
561 1129 203 60 occisione
717 1129 156 60 mortui
826 1129 141 60 sunt,
920 1129 234 60 circuierunt
1107 1129 94 60 in
1154 1129 188 60 melotis,
1295 1129 94 60 in
1342 1129 188 60 pellibus
1482 1129 203 60 caprinis,
1639 1129 188 60 egentes,
1764 1129 109 60 angu-

105 1175 170 75 stiati,
228 1175 201 75 afflicti,
383 1175 155 75 quibus
491 1175 155 75 dignus
600 1175 108 75 non
661 1175 124 75 erat
739 1175 170 75 mundus,
863 1175 93 75 in
909 1175 263 75 solitudinibus
1125 1175 201 75 errantes,
1280 1175 93 75 in
1327 1175 201 75 modotibus
1481 1175 77 75 &
1512 1175 93 75 in
1559 1175 217 75 speluncis,
1729 1175 77 75 &
1760 1175 93 75 in
1791 1175 77 75 ca-

110 1235 149 66 uernis
215 1235 164 66 terrae.
334 1235 90 66 De
379 1235 254 66 suprerogatiua
588 1235 119 66 enim
662 1235 224 66 perpessione
841 1235 179 66 poenarum
976 1235 224 66 indebitarum
1155 1235 90 66 ad
1200 1235 164 66 honorem
1319 1235 119 66 dei,
1394 1235 75 66 &
1423 1235 179 66 prfectum
1558 1235 224 66 vniversalis
1722 1235 164 66 ecclesiae

105 1277 179 73 istorum,
240 1277 90 73 vt
285 1277 194 73 membrorum
434 1277 150 73 ipsius
539 1277 209 73 ecclesiae,
703 1277 75 73 &
733 1277 194 73 praecipue
883 1277 179 73 Christi,
1017 1277 90 73 vt
1062 1277 165 73 capitis
1182 1277 179 73 eiusdem,
1317 1277 105 73 qui
1376 1277 165 73 nullius
1496 1277 165 73 peccati
1616 1277 120 73 reus
1691 1277 105 73 aut
1750 1277 165 73 debitor

104 1343 178 71 existens
238 1343 134 71 omnia
327 1343 178 71 prospera
460 1343 134 71 mundi
549 1343 223 71 contempsit:
727 1343 74 71 &
757 1343 163 71 aduersa
876 1343 208 71 sustinuit,
1039 1343 119 71 quae
1113 1343 193 71 contrario
1262 1343 119 71 modo
1336 1343 193 71 appetendo
1484 1343 104 71 aut
1544 1343 178 71 fugiendo
1677 1343 134 71 omnia
1751 1343 134 71 peccata

111 1394 233 77 committuntur
300 1394 174 77 (dicente
431 1394 204 77 Augustinus
591 1394 87 77 de
635 1394 116 77 vera
707 1394 204 77 religione.
867 1394 145 77 Nullum
969 1394 174 77 peccatum
1100 1394 174 77 conmitti
1231 1394 160 77 potest,
1347 1394 116 77 nisi
1420 1394 102 77 dum
1478 1394 204 77 appetantur
1638 1394 87 77 ea
1681 1394 116 77 quae
1754 1394 116 77 ille
1812 1394 73 77 con

96 1446 185 75 tempsit,
234 1446 108 75 aut
296 1446 200 75 fugiantur
450 1446 123 75 quae
526 1446 123 75 ille
603 1446 215 75 sustinuit)
773 1446 200 75 thesaurus
927 1446 215 75 ecclesiae,
1096 1446 92 75 de
1142 1446 138 75 cuius
1234 1446 262 75 distributione
1450 1446 246 75 indulgentiae
1650 1446 138 75 fieri
1727 1446 169 75 praesent.

99 1496 211 66 collectus
261 1496 130 66 est.
342 1496 162 66 Primum
456 1496 130 66 ergo
537 1496 97 66 ad
585 1496 130 66 quod
666 1496 211 66 praelatus
829 1496 146 66 debet
926 1496 195 66 aspicere
1072 1496 97 66 in
1121 1496 227 66 conferendo
1299 1496 276 66 indulgentias,
1526 1496 114 66 est
1591 1496 162 66 vrgens
1688 1496 195 66 necessitas

101 1557 226 67 conferendi
279 1557 129 67 eas:
359 1557 129 67 quae
440 1557 194 67 pertinet
586 1557 97 67 ad
634 1557 162 67 causam
747 1557 178 67 finalem
876 1557 178 67 propter
1006 1557 129 67 quam
1086 1557 242 67 conferendae
1280 1557 129 67 sunt
1361 1557 275 67 indulgentiae,
1587 1557 129 67 quae
1668 1557 145 67 debet
1749 1557 129 67 mouere

101 1603 179 70 praelatum
239 1603 83 70 ad
280 1603 221 70 indulgentias
460 1603 221 70 conferendas,
639 1603 110 70 quae
708 1603 138 70 quidem
804 1603 124 70 cauam
887 1603 152 70 finalis
998 1603 97 70 est
1053 1603 124 70 honor
1135 1603 110 70 dei,
1204 1603 69 70 &
1232 1603 179 70 profectus
1370 1603 193 70 ecclesiae,
1521 1603 97 70 qui
1577 1603 179 70 sperantur
1715 1603 165 70 consequi
1825 1603 55 70 ex

106 1668 144 55 opere,
207 1668 101 55 pro
264 1668 101 55 quo
322 1668 173 55 faciendo
452 1668 216 55 conferuntur
625 1668 245 55 indulgentiae.
826 1668 159 55 propter
942 1668 115 55 quod
1014 1668 173 55 penultia
1144 1668 173 55 conditio
1273 1668 87 55 in
1317 1668 231 55 descriptione
1504 1668 231 55 indulgentiae
1692 1668 173 55 apposita
1807 1668 72 55 est

104 1718 110 72 quod
173 1718 166 72 remissio
297 1718 83 72 in
339 1718 207 72 indulgentia
504 1718 124 72 debet
587 1718 124 72 fieri
670 1718 235 72 exrationabili
863 1718 152 72 causam.
973 1718 166 72 Secundum
1098 1718 124 72 autem
1180 1718 83 72 ad
1222 1718 110 72 quod
1291 1718 179 72 praelatus
1429 1718 124 72 debet
1511 1718 166 72 aspicere
1636 1718 83 72 in
1677 1718 193 72 conferendo
1829 1718 83 72 in

94 1772 234 64 dulgentias,
282 1772 109 64 est
344 1772 172 64 euidens
469 1772 188 64 vtilitas
610 1772 94 64 in
657 1772 219 64 conferendo
829 1772 125 64 eas,
907 1772 125 64 quae
985 1772 188 64 pertinet
1126 1772 94 64 ad
1173 1772 156 64 causam
1282 1772 234 64 materialem,
1470 1772 109 64 cui
1532 1772 250 64 dispensandae
1735 1772 125 64 sunt
1813 1772 94 64 in

108 1832 211 63 dulgentiae,
277 1832 113 63 quae
347 1832 113 63 sunt
418 1832 169 63 personae
544 1832 141 63 illae,
643 1832 141 63 quibus
741 1832 211 63 conferendae
910 1832 113 63 sunt
980 1832 239 63 indulgentiae.
1177 1832 84 63 In
1220 1832 141 63 quibus
1318 1832 183 63 praelatus
1459 1832 211 63 considerare
1628 1832 127 63 debet
1712 1832 127 63 prius
1797 1832 113 63 quam

106 1874 184 70 conferat
243 1874 107 70 eis
305 1874 260 70 indulgentias,
519 1874 92 70 vt
565 1874 122 70 sint
641 1874 184 70 congruae
779 1874 76 70 &
809 1874 168 70 idoneae
932 1874 92 70 ad
978 1874 214 70 exequendum
1146 1874 122 70 opus
1222 1874 107 70 pro
1283 1874 107 70 quo
1345 1874 245 70 indulgentiae
1543 1874 245 70 conferuntur:
1742 1874 76 70 &
1773 1874 107 70 est
1819 1874 61 70 vt

108 1925 133 76 ipsum
197 1925 118 76 opus
270 1925 103 76 sit
329 1925 118 76 tale
403 1925 103 76 per
462 1925 118 76 quod
535 1925 133 76 honor
624 1925 118 76 dei,
697 1925 74 76 &
727 1925 191 76 profectus
874 1925 191 76 ecclesiae
1021 1925 221 76 proueniant.
1198 1925 88 76 ad
1242 1925 118 76 quod
1316 1925 221 76 exequendum,
1492 1925 103 76 non
1551 1925 118 76 nisi
1625 1925 162 76 idoneis
1728 1925 147 76 indulgen

106 1982 129 70 tiae
187 1982 129 70 sunt
268 1982 259 70 conferendae,
478 1982 178 70 dicente
607 1982 162 70 domino
720 1982 178 70 Nicolao
850 1982 129 70 papa
930 1982 97 70 in
979 1982 113 70 lra
1044 1982 226 70 executoria
1221 1982 226 70 praedicta.
1399 1982 210 70 Huiusmoni
1561 1982 243 70 ministerium
1739 1982 129 70 soller

101 2037 111 69 ter
164 2037 79 69 &
196 2037 237 69 efficacitur
386 2037 158 69 exequi
497 2037 206 69 studeatis
655 2037 142 69 omnes
750 2037 142 69 fidei
845 2037 222 69 orthodoxae
1019 2037 190 69 cultores
1162 2037 95 69 ad
1209 2037 111 69 tam
1273 2037 111 69 pii
1336 2037 174 69 negotii
1462 2037 269 69 prosecutionem
1684 2037 111 69 per
1732 2037 142 69 idoneos

105 2096 294 59 praedicationibus
356 2096 162 59 crebris
473 2096 88 59 ac
518 2096 147 59 seduel
621 2096 221 59 exhortando.
797 2096 118 59 Vnde
871 2096 88 59 si
915 2096 162 59 aliquae
1033 2096 236 59 indulgentiae
1224 2096 147 59 essent
1327 2096 177 59 spaliter
1460 2096 236 59 dispensandae
1651 2096 103 59 pro
1710 2096 133 59 opere
1784 2096 88 59 manu

108 2149 124 67 alis
185 2149 232 67 conflictus,
370 2149 170 67 solummo
494 2149 170 67 idoneis
617 2149 93 67 ad
663 2149 201 67 bellandum
818 2149 185 67 deberent
957 2149 232 67 dispensari,
1142 2149 139 67 sicut
1235 2149 77 67 &
1266 2149 124 67 soli
1343 2149 154 67 idonei
1451 2149 93 67 ad
1497 2149 201 67 bellandum
1652 2149 185 67 deberent
1775 2149 93 67 eli-

100 2201 111 62 gi,
164 2201 79 62 &
195 2201 159 62 caetis
307 2201 207 62 denegari,
466 2201 143 62 sicut
561 2201 79 62 a
593 2201 175 62 manuali
720 2201 207 62 conflictu
879 2201 191 62 deberent
1022 2201 191 62 repelli.
1165 2201 175 62 dicente
1292 2201 191 62 Vegetio.
1435 2201 111 62 li.
1499 2201 95 62 de
1546 2201 127 62 arte
1626 2201 191 62 militari
1753 2201 111 62 primo

101 2252 99 55 ca.
157 2252 127 55 viii.
242 2252 99 55 Hoc
298 2252 99 55 est
355 2252 85 55 in
397 2252 99 55 quo
454 2252 141 55 totius
553 2252 212 55 reipublicae
722 2252 127 55 salus
807 2252 183 55 versatur,
948 2252 85 55 vt
990 2252 155 55 tyrones
1103 2252 99 55 non
1159 2252 141 55 tantum
1258 2252 212 55 corporibus,
1428 2252 99 55 sed
1484 2252 71 55 &
1512 2252 127 55 anims
1597 2252 268 55 praestantissimi
1809 2252 56 55 de

91 2299 204 64 ligantur.
248 2299 188 64 luuentus
389 2299 125 64 enim
468 2299 110 64 cui
530 2299 188 64 defensio
671 2299 267 64 prouinciarum,
891 2299 110 64 cui
954 2299 188 64 bellorum
1095 2299 235 64 committenda
1283 2299 110 64 est
1346 2299 188 64 fortuna,
1487 2299 78 64 &
1518 2299 188 64 generesi
1659 2299 141 64 copia
1738 2299 125 64 suppe-

94 2354 128 67 tat,
174 2354 80 67 &
206 2354 176 67 moribus
334 2354 144 67 debet
430 2354 224 67 excellere.
606 2354 192 67 Honestas
750 2354 128 67 enim
830 2354 176 67 idoneum
958 2354 176 67 militem
1087 2354 176 67 reddit,
1215 2354 80 67 &
1247 2354 224 67 verecundia
1423 2354 112 67 dum
1487 2354 192 67 prohibet
1631 2354 192 67 fugetur,
1759 2354 112 67 facit

102 2405 112 63 esse
172 2405 182 63 victorem.
312 2405 112 63 Quid
383 2405 112 63 enim
453 2405 154 63 prodest
565 2405 84 63 si
607 2405 196 63 exerceatur
761 2405 168 63 ignauus:
888 2405 84 63 si
930 2405 168 63 pluribus
1056 2405 196 63 stipendiis
1210 2405 154 63 moretur
1323 2405 84 63 in
1365 2405 168 63 castris:
1491 2405 154 63 numquam
1603 2405 182 63 exercitus
1730 2405 140 63 proficit

101 2456 190 77 tempore
239 2456 156 77 cuius
343 2456 104 77 in
395 2456 225 77 probandis
568 2456 225 77 tyronibus
741 2456 260 77 claudicauit
949 2456 208 77 electio.
1104 2456 190 77 Amagnis
1243 2456 138 77 ergo
1329 2456 156 77 viris
1433 2456 156 77 magna
1537 2456 242 77 diligentia
1710 2456 156 77 idoneos

99 2513 123 71 eligi
181 2513 178 71 conuenit.
318 2513 96 71 Sed
373 2513 123 71 tamen
455 2513 232 71 quaelescumque
646 2513 109 71 sint
714 2513 123 71 illi,
796 2513 137 71 quibus
892 2513 219 71 indulgentiae
1070 2513 109 71 sunt
1138 2513 219 71 conferendae,
1316 2513 68 71 &
1343 2513 123 71 etiam
1425 2513 219 71 quamlecumque
1603 2513 68 71 &
1630 2513 232 71 quantuncumque
1808 2513 68 71 sit

97 2570 163 73 magnum
211 2570 131 73 opus
293 2570 114 73 pro
358 2570 114 73 quo
423 2570 131 73 sunt
505 2570 261 73 conferendae,
717 2570 114 73 non
783 2570 131 73 sunt
864 2570 180 73 congrui
995 2570 114 73 seu
1061 2570 163 73 idonei
1175 2570 98 73 ad
1224 2570 147 73 illud
1322 2570 131 73 opus
1404 2570 245 73 exequendum,
1600 2570 98 73 vt
1649 2570 114 73 pro
1714 2570 131 73 illo
1796 2570 98 73 in

100 2619 213 69 dulgentias
267 2619 197 69 mereantur
419 2619 213 69 percipere,
586 2619 122 69 nisi
662 2619 122 69 sint
738 2619 137 69 fidei
829 2619 76 69 &
859 2619 213 69 charitatis
1026 2619 197 69 deuotione
1178 2619 228 69 inflammati,
1361 2619 122 69 quae
1437 2619 137 69 illis
1528 2619 76 69 a
1558 2619 152 69 quibus
1665 2619 197 69 thesaurus
1801 2619 61 69 ec

100 2669 187 81 clesiae,
241 2669 125 81 vnde
319 2669 250 81 indulgentiae
522 2669 250 81 conferuntur,
725 2669 203 81 collectus
881 2669 125 81 est,
959 2669 125 81 sunt
1037 2669 203 81 coniuncti
1193 2669 94 81 vt
1240 2669 156 81 membra
1349 2669 172 81 membris
1474 2669 94 81 in
1521 2669 172 81 corpore
1646 2669 203 81 ecclesiae
1786 2669 78 81 sub

93 2730 154 62 capite
201 2730 185 62 Christo.
339 2730 77 62 &
370 2730 201 62 quicumque
525 2730 139 62 tales
617 2730 139 62 sunt,
710 2730 93 62 ad
756 2730 139 62 illud
849 2730 216 62 exequendum
1018 2730 154 62 quoquo
1126 2730 123 62 modo
1204 2730 154 62 vtiles
1312 2730 139 62 sunt,
1404 2730 108 62 vel
1466 2730 262 62 corporaliter,
1682 2730 108 62 vel
1728 2730 139 62 spirita

97 2782 147 56 liter:
200 2782 88 56 et
244 2782 118 56 ideo
318 2782 132 56 ipsis
406 2782 118 56 sunt
480 2782 235 56 indulgentiae
671 2782 235 56 conferendae.
862 2782 118 56 Vnde
936 2782 176 56 continue
1068 2782 118 56 post
1141 2782 103 56 iam
1200 2782 132 56 dicta
1288 2782 147 56 subdit
1391 2782 162 56 dominus
1509 2782 118 56 papa
1583 2782 162 56 dicens.
1700 2782 118 56 Quid
1774 2782 118 56 qui-

100 2837 102 73 dem
159 2837 205 73 venerabile
320 2837 146 73 signum
422 2837 161 73 volumus
540 2837 88 73 vt
584 2837 161 73 cunctis
701 2837 146 73 deuote
803 2837 205 73 petentibus
964 2837 220 73 concedatis,
1140 2837 220 73 generaliter
1316 2837 161 73 omnibus
1433 2837 249 73 praedicentes,
1638 2837 117 73 quod
1711 2837 102 73 qui
1755 2837 117 73 eandem

98 2890 148 70 crucem
202 2890 236 70 susceperint,
394 2890 89 70 in
438 2890 207 70 praedictae
601 2890 148 70 terrae
704 2890 207 70 subsidium,
867 2890 103 70 &c.
926 2890 89 70 vt
970 2890 103 70 iam
1029 2890 133 70 supra
1118 2890 163 70 habitum
1236 2890 118 70 est.
1310 2890 118 70 Quid
1384 2890 163 70 dominus
1502 2890 118 70 papa
1576 2890 118 70 vult
1650 2890 133 70 valde
1724 2890 133 70 rationa

97 2936 181 69 biliter,
233 2936 121 69 quia
309 2936 197 69 plerumque
460 2936 151 69 multum
566 2936 212 69 proficiunt
732 2936 166 69 reipub.
853 2936 166 69 occulti
974 2936 106 69 non
1034 2936 212 69 apparentes
1201 2936 91 69 in
1246 2936 181 69 publico,
1382 2936 121 69 suis
1458 2936 181 69 oronibus
1594 2936 91 69 ac
1624 2936 227 69 deuotionibus.

101 2998 150 61 dicente
211 2998 191 61 Augustinus
361 2998 82 61 in
402 2998 123 61 libro
484 2998 82 61 de
525 2998 150 61 moribus
634 2998 137 61 eccle.
730 2998 219 61 Secretissimi
907 2998 150 61 penitus
1016 2998 82 61 ab
1057 2998 137 61 omnium
1153 2998 164 61 hominium
1276 2998 150 61 aspectu
1385 2998 109 61 pane
1453 2998 123 61 solo,
1535 2998 96 61 qui
1590 2998 96 61 eis
1645 2998 96 61 per
1699 2998 123 61 certa
1767 2998 96 61 inter

99 3046 140 66 ualla
193 3046 187 66 temporum
333 3046 203 66 affertur,
489 3046 78 66 &
520 3046 125 66 aqua
598 3046 187 66 contenti
739 3046 265 66 desertissimas
957 3046 156 66 terras
1066 3046 203 66 incolunt,
1222 3046 234 66 perfruentes
1409 3046 203 66 colloquio
1565 3046 125 66 dei,
1643 3046 109 66 cui
1705 3046 140 66 puris
1783 3046 78 66 men

94 3106 140 74 tibus
188 3106 248 74 inhaeserunt,
390 3106 78 74 &
421 3106 124 74 eius
498 3106 280 74 pulchritudinis
731 3106 280 74 contemplatione
964 3106 233 74 beatissimi,
1151 3106 124 74 quae
1228 3106 109 74 non
1290 3106 124 74 nisi
1368 3106 202 74 sanctorum
1523 3106 264 74 intellectibus
1725 3106 140 74 percipi

94 3155 142 70 pont,
189 3155 189 70 videntur
330 3155 204 70 nonnullis
487 3155 110 70 res
550 3155 173 70 humanas
676 3155 126 70 plus
755 3155 126 70 quam
833 3155 204 70 oporteret
991 3155 236 70 deseruisse,
1179 3155 110 70 non
1242 3155 299 70 intelligentibus
1494 3155 173 70 quantum
1619 3155 142 70 nobis
1714 3155 142 70 eorum
1792 3155 79 70 ani

88 3212 104 97 mus
147 3212 89 97 in
192 3212 222 97 orationibus
370 3212 163 97 prosit.
489 3212 89 97 Et
533 3212 119 97 ideo
607 3212 104 97 pro
667 3212 133 97 solis
756 3212 178 97 oronibus
889 3212 148 97 talium
993 3212 148 97 quibus
1097 3212 237 97 interpellant
1289 3212 119 97 deum
1364 3212 104 97 pro
1423 3212 163 97 negotii
1542 3212 267 97 prosparatione,
1764 3212 74 97 &
1794 3212 89 97 pr
