3128 3795
1223 259 132 125 illis
1311 259 117 125 quam
1384 259 132 125 illud
1472 259 220 125 exequuntur,
1648 259 439 125 rationabiliterindulgentiae
2043 259 161 125 possunt
2160 259 176 125 concedi.
2292 259 117 125 Quae
2365 259 146 125 quidem
2468 259 117 125 duo,
2541 259 88 125 ad
2585 259 117 125 quae
2658 259 132 125 debet
2746 259 190 125 praelatus
2878 259 117 125 aspice

1221 348 99 84 re,
1278 348 113 84 ambo
1348 348 156 84 illorum
1462 348 128 84 simul
1547 348 184 84 referendo
1689 348 85 84 ad
1731 348 113 84 opus
1802 348 184 84 intentum,
1944 348 85 84 vt
1987 348 170 84 scilicet
2115 348 99 84 sit
2171 348 85 84 ex
2214 348 128 84 parte
2299 348 128 84 finis
2384 348 99 84 qui
2441 348 199 84 intenditur
2597 348 156 84 pietas,
2710 348 113 84 puta
2781 348 85 84 in
2824 348 156 84 honorem
2923 348 71 84 dei

1214 403 76 82 &
1244 403 199 82 profectum
1397 403 214 82 ecclesiae:
1565 403 76 82 &
1596 403 168 82 exparte
1718 403 199 82 materiae,
1871 403 122 82 puta
1947 403 199 82 operantis
2100 403 76 82 &
2131 403 153 82 operis
2238 403 183 82 vtilitas
2376 403 92 82 ad
2421 403 138 82 talem
2513 403 138 82 finem
2605 403 245 82 assequendum,
2788 403 199 82 sufficiens.

1216 463 127 72 sunt
1296 463 127 72 cam,
1375 463 127 72 siue
1454 463 143 72 ratio
1550 463 254 72 distribuendi
1756 463 254 72 indulgentias
1963 463 127 72 siue
2042 463 175 72 maiores
2169 463 127 72 siue
2249 463 175 72 minores
2376 463 111 72 pro
2439 463 206 72 voluntate
2598 463 191 72 praelati
2741 463 254 72 dispensantis
2931 463 64 72 il

1221 511 113 79 las.
1291 511 71 79 &
1320 511 99 79 hoc
1376 511 198 79 aequaliter
1532 511 198 79 disperibus
1687 511 169 79 personis
1814 511 71 79 &
1842 511 226 79 inaequaliter
2026 511 155 79 idoneis
2139 511 85 79 ad
2181 511 141 79 operis
2280 511 155 79 intenti
2393 511 226 79 executionem.
2576 511 113 79 Vnde
2647 511 85 79 in
2689 511 198 79 praedictis
2845 511 99 79 sex
2887 511 99 79 casi-

1225 560 112 82 bus
1289 560 96 82 in
1337 560 161 82 quibus
1450 560 177 82 dominus
1578 560 128 82 papa
1658 560 193 82 concedit
1803 560 257 82 indulgentias
2012 560 305 82 particulariter,
2269 560 128 82 quae
2349 560 96 82 in
2397 560 144 82 aliis
2493 560 161 82 tribus
2606 560 177 82 casibus
2734 560 193 82 concedit
2863 560 128 82 velite

1225 614 189 92 potuisset
1371 614 131 92 etiam
1458 614 218 92 concessisse
1633 614 131 92 illas
1720 614 131 92 velit
1807 614 87 92 si
1851 614 204 92 voluisset,
2011 614 73 92 &
2040 614 218 92 aequaeliter
2214 614 189 92 perceptae
2360 614 175 92 fuissent
2491 614 87 92 in
2534 614 160 92 omnibus
2651 614 131 92 illis
2738 614 175 92 casibus.
2869 614 102 92 Sed
2912 614 73 92 cum

1222 668 199 93 praedictis
1378 668 142 93 duobus
1478 668 213 93 supponendum
1648 668 114 93 est,
1720 668 114 93 quod
1791 668 85 93 in
1833 668 199 93 conferente
1990 668 228 93 indulgentias
2175 668 100 93 sit
2231 668 213 93 auctoritas:
2402 668 85 93 ex
2445 668 100 93 hoc
2502 668 114 93 quod
2573 668 171 93 legitime
2701 668 199 93 praefectus
2857 668 100 93 est
2900 668 71 93 mul

1215 728 177 75 titudini
1348 728 206 75 populorum.
1510 728 88 75 Ex
1554 728 103 75 hoc
1613 728 118 75 enim
1686 728 118 75 illa
1760 728 118 75 quae
1833 728 177 75 communia
1966 728 118 75 sunt
2039 728 235 75 multitudini,
2231 728 132 75 habet
2319 728 132 75 eidem
2407 728 221 75 dispensare.
2584 728 88 75 Et
2628 728 103 75 sic
2687 728 103 75 est
2746 728 88 75 in
2775 728 221 75 dispensatione

1225 776 277 80 indulgentiarum
1455 776 92 80 vt
1501 776 184 80 valeant,
1640 776 77 80 &
1670 776 154 80 tantum
1778 776 169 80 valeant
1901 776 169 80 quantum
2024 776 169 80 sonant,
2147 776 184 80 quaetuor
2285 776 138 80 simul
2377 776 154 80 debent
2485 776 231 80 concurrere:
2669 776 200 80 videlicet
2823 776 154 80 pietas
2931 776 92 80 in

1227 829 120 82 fine
1302 829 90 82 ad
1347 829 120 82 quem
1422 829 165 82 dantur:
1542 829 180 82 vtilitas
1677 829 90 82 in
1721 829 135 82 opere
1811 829 105 82 pro
1871 829 105 82 quo
1931 829 165 82 dantur:
2051 829 180 82 charitas
2186 829 90 82 in
2231 829 180 82 operante
2366 829 105 82 cui
2426 829 165 82 dantur:
2546 829 75 82 &
2575 829 210 82 auctoritas
2740 829 90 82 in
2785 829 240 82 dispensatore

1227 889 77 76 a
1257 889 108 76 quo
1319 889 170 76 dantur,
1443 889 155 76 quibus
1552 889 294 76 concurrentibus,
1799 889 186 76 praelati
1939 889 155 76 factum
2047 889 124 76 deus
2124 889 186 76 approbat
2264 889 77 76 &
2294 889 201 76 acceptat,
2449 889 201 76 sanctique
2604 889 155 76 omnes,
2712 889 93 76 de
2759 889 155 76 quorum
2852 889 139 76 meritis

1216 946 240 79 indulgentiae
1411 946 150 79 fiunt.
1516 946 120 79 quia
1590 946 90 79 in
1635 946 165 79 merendo
1755 946 120 79 quod
1830 946 135 79 aliis
1920 946 90 79 de
1965 946 150 79 poenis
2070 946 120 79 suis
2144 946 240 79 indulgentiae
2339 946 180 79 fierent,
2474 946 165 79 idipsum
2594 946 195 79 finaliter
2743 946 225 79 intendebant
2908 946 90 79 tunc

1226 1004 113 74 quid
1296 1004 183 74 praelatus
1437 1004 113 74 nunc
1508 1004 183 74 intendit,
1649 1004 70 74 &
1677 1004 99 74 per
1733 1004 99 74 hoc
1790 1004 183 74 praelatus
1931 1004 113 74 vice
2001 1004 155 74 illorum
2114 1004 226 74 indulgentias
2297 1004 169 74 confert,
2424 1004 70 74 &
2452 1004 169 74 personas
2579 1004 155 74 illorum
2692 1004 169 74 reputat,
2819 1004 70 74 &
2847 1004 113 74 vice
2903 1004 85 74 illo

1222 1045 95 78 rum
1277 1045 123 78 facit
1359 1045 109 78 quod
1427 1045 109 78 ipsi
1495 1045 177 78 facerent,
1631 1045 82 78 si
1672 1045 191 78 praesentes
1822 1045 150 78 essent:
1931 1045 82 78 vt
1971 1045 136 78 possit
2067 1045 177 78 praelatus
2203 1045 82 78 in
2244 1045 191 78 conferendo
2394 1045 218 78 indulgentias
2571 1045 136 78 dicere
2666 1045 95 78 cum
2721 1045 163 78 apostolo
2843 1045 136 78 illud.
2925 1045 68 78 ii.

1222 1102 191 75 Corinth.
1365 1102 111 75 ii.
1429 1102 111 75 Ego
1493 1102 127 75 quod
1572 1102 175 75 donaui,
1700 1102 159 75 siquid
1811 1102 175 75 donaui,
1939 1102 175 75 proptur
2066 1102 111 75 vos
2130 1102 96 75 in
2178 1102 175 75 persona
2305 1102 175 75 Christi
2433 1102 175 75 (supple
2560 1102 175 75 donaui.
2687 1102 96 75 i.
2735 1102 223 75 condonaui,
2894 1102 96 75 siue

1224 1151 173 79 remisi,
1350 1151 110 79 aut
1413 1151 189 79 indulsi.
1555 1151 110 79 vbi
1618 1151 142 79 dicit
1712 1151 142 79 Glos.
1806 1151 94 79 Vt
1853 1151 142 79 ratum
1948 1151 126 79 quod
2026 1151 173 79 donauit
2152 1151 220 79 ostenderet
2325 1151 126 79 apud
2404 1151 142 79 deum,
2498 1151 173 79 subdit.
2624 1151 94 79 Et
2671 1151 110 79 hoc
2734 1151 126 79 feci
2813 1151 94 79 in
2844 1151 142 79 persona

1221 1207 181 76 Christi,
1357 1207 91 76 id
1402 1207 106 76 est
1463 1207 91 76 ac
1508 1207 91 76 si
1553 1207 121 76 ipse
1629 1207 181 76 Christus
1765 1207 257 76 condonauerit:
1976 1207 121 76 quia
2052 1207 136 76 nihil
2143 1207 121 76 sine
2218 1207 166 76 spiritu
2339 1207 106 76 dei
2400 1207 151 76 agebat
2505 1207 212 76 apostolis.
2672 1207 121 76 Quia
2747 1207 91 76 si
2793 1207 106 76 sic
2838 1207 151 76 condona-

1232 1256 122 83 rent
1308 1256 183 83 praelati
1445 1256 167 83 eccliae
1567 1256 76 83 &
1597 1256 259 83 distribuerent
1810 1256 243 83 indulgentias
2008 1256 243 83 dispensando,
2206 1256 228 83 proculdubio
2388 1256 152 83 tantum
2495 1256 183 83 valerent
2632 1256 167 83 quantum
2754 1256 198 83 sonarent,
2890 1256 107 83 singu

1231 1303 111 94 lis,
1300 1303 139 94 quibus
1398 1303 222 94 conferuntur,
1578 1303 83 94 in
1620 1303 180 94 charitate
1758 1303 166 94 positis,
1883 1303 69 94 &
1911 1303 125 94 finem
1994 1303 194 94 praedictum
2147 1303 250 94 intendentibus,
2355 1303 153 94 fideque
2466 1303 166 94 operante
2591 1303 97 94 per
2646 1303 222 94 dilectionem,
2827 1303 69 94 &
2854 1303 83 94 ad
2882 1303 111 94 illius

1236 1369 133 77 finis
1325 1369 252 77 consecutionem
1533 1369 148 77 operis
1637 1369 178 77 iniuncti
1770 1369 148 77 sedula
1874 1369 208 77 executione
2037 1369 237 77 tendentibus,
2230 1369 133 77 etiam
2319 1369 104 77 non
2378 1369 208 77 aequaliter
2541 1369 237 77 operantibus,
2734 1369 104 77 aut
2793 1369 193 77 subsidium
2927 1369 74 77 con

1233 1413 199 94 ferentibus
1389 1413 85 94 in
1431 1413 128 94 opere
1517 1413 85 94 ad
1559 1413 128 94 finis
1644 1413 142 94 illius
1743 1413 255 94 consecutionem,
1956 1413 312 94 proportionabiliter
2226 1413 128 94 tamen
2311 1413 227 94 operantibus:
2495 1413 71 94 &
2524 1413 184 94 subsidium
2666 1413 241 94 conferentibus
2864 1413 170 94 secundum

1226 1472 136 80 modum
1317 1472 227 80 congruentem
1498 1472 121 80 sibi
1574 1472 106 80 pro
1635 1472 212 80 quaelitate
1801 1472 76 80 &
1832 1472 197 80 facultate
1983 1472 227 80 personarum.
2165 1472 121 80 Puta
2241 1472 91 80 si
2286 1472 136 80 detur
2377 1472 227 80 indulgentia
2559 1472 151 80 centum
2665 1472 151 80 dierum
2771 1472 197 80 offerenti
2907 1472 91 80 pias

1230 1528 212 75 eleemosynas
1399 1528 169 75 secundum
1526 1528 212 75 quaelitatem
1695 1528 71 75 &
1724 1528 197 75 facultatem
1879 1528 113 75 suam
1949 1528 141 75 alicui
2048 1528 183 75 fabricae:
2189 1528 226 75 offerentibus
2372 1528 127 75 autem
2457 1528 99 75 non
2513 1528 169 75 secundum
2640 1528 226 75 quaelitatem,
2824 1528 71 75 &
2838 1528 169 75 facultatem

1235 1580 141 78 iuxta
1329 1580 235 78 quantitatem
1517 1580 188 78 subsidii
1658 1580 78 78 &
1690 1580 219 78 deuotionis
1862 1580 204 78 affectum:
2019 1580 94 78 si
2066 1580 157 78 pauper
2176 1580 125 78 vnam
2254 1580 157 78 pictam
2364 1580 157 78 offert
2473 1580 94 78 de
2520 1580 125 78 sibi
2599 1580 94 78 ad
2646 1580 157 78 victum
2755 1580 235 78 necessario,
2928 1580 78 78 ita

1236 1633 172 78 integre
1362 1633 251 78 indulgentias
1566 1633 157 78 centum
1675 1633 157 78 dierum
1785 1633 188 78 obtinet:
1926 1633 94 78 vt
1973 1633 141 78 diues
2067 1633 110 78 qui
2130 1633 157 78 offert
2240 1633 125 78 vnam
2318 1633 172 78 marcham
2444 1633 94 78 de
2491 1633 110 78 suo
2553 1633 220 78 abundanti:
2726 1633 110 78 qui
2789 1633 94 78 si
2836 1633 125 78 vnum
2898 1633 110 78 solum

1243 1682 180 85 denarium
1378 1682 195 85 offerret,
1528 1682 105 85 non
1588 1682 135 85 totam
1678 1682 135 85 illam
1769 1682 255 85 indulgentiam:
1979 1682 105 85 sed
2039 1682 150 85 partem
2144 1682 270 85 proportionalem
2369 1682 210 85 quantitati
2534 1682 180 85 subsidii
2670 1682 75 85 &
2700 1682 210 85 deuotionis
2850 1682 150 85 affectui

1244 1737 211 90 obtineret.
1410 1737 106 90 Sed
1470 1737 90 90 si
1515 1737 121 90 vnum
1591 1737 75 90 &
1621 1737 121 90 idem
1696 1737 121 90 opus
1772 1737 136 90 esset
1862 1737 226 90 deterimatum
2043 1737 75 90 a
2073 1737 196 90 praelato,
2224 1737 121 90 tunc
2299 1737 196 90 quicumque
2450 1737 136 90 illud
2541 1737 166 90 faceret
2661 1737 90 90 in
2706 1737 196 90 charitate
2842 1737 166 90 existens,

1244 1793 210 82 aequaliter
1409 1793 195 82 acciperet
1559 1793 180 82 caeteris
1694 1793 240 82 indulgentias
1889 1793 195 82 statutas,
2039 1793 75 82 &
2069 1793 180 82 quilibet
2205 1793 165 82 illorum
2325 1793 135 82 totas
2415 1793 135 82 etiam
2505 1793 180 82 caeteris
2640 1793 165 82 omnibus
2760 1793 225 82 disperibus,
2925 1793 90 82 puta

1237 1846 95 84 in
1285 1846 268 84 transfretando
1505 1846 110 84 cum
1568 1846 142 84 signo
1663 1846 158 84 crucis
1773 1846 221 84 aequaliter
1947 1846 221 84 perciperet
2120 1846 158 84 omnium
2231 1846 221 84 peccaminum
2404 1846 252 84 indulgentiam
2609 1846 189 84 rusticus
2751 1846 158 84 pauper
2861 1846 79 84 &
2877 1846 142 84 debilis

1236 1905 99 77 si
1285 1905 165 77 faciat
1400 1905 132 77 quod
1483 1905 99 77 in
1532 1905 99 77 se
1582 1905 115 77 est
1647 1905 99 77 ad
1697 1905 231 77 liberandum
1878 1905 165 77 terram
1993 1905 181 77 sanctam
2125 1905 99 77 de
2175 1905 181 77 manibus
2307 1905 280 77 Sarracenorum,
2537 1905 148 77 sicut
2636 1905 82 77 &
2669 1905 115 77 rex
2735 1905 198 77 strenuus
2883 1905 82 77 &
2900 1905 115 77 diues

1245 1954 108 78 cum
1306 1954 138 78 forti
1398 1954 108 78 suo
1460 1954 184 78 exercitu
1598 1954 200 78 debellans
1752 1954 230 78 Sarracenos.
1936 1954 92 78 Et
1982 1954 92 78 si
2028 1954 154 78 dentur
2136 1954 246 78 indulgentiae
2335 1954 246 78 visitantibus
2535 1954 200 78 ecclesiam
2688 1954 184 78 aliquam,
2827 1954 108 78 ita
2873 1954 138 78 integre

1240 2006 165 81 obtinet
1360 2006 135 81 illas
1450 2006 165 81 veniens
1570 2006 75 81 a
1600 2006 210 81 propimquam
1765 2006 90 81 ad
1810 2006 165 81 modicum
1930 2006 75 81 &
1960 2006 210 81 visitando,
2125 2006 75 81 &
2155 2006 165 81 veniens
2275 2006 75 81 a
2305 2006 165 81 remotl,
2425 2006 90 81 ac
2470 2006 150 81 multum
2575 2006 195 81 laborans.
2725 2006 90 81 Et
2770 2006 105 81 hoc
2830 2006 120 81 quia
2905 2006 135 81 indul

1245 2060 154 92 gentiae
1357 2060 210 92 simpliciter
1525 2060 182 92 concessae
1665 2060 70 92 &
1693 2060 196 92 deteriatae
1846 2060 70 92 a
1874 2060 182 92 praelato,
2014 2060 98 92 non
2070 2060 266 92 proportionantur
2294 2060 98 92 aut
2350 2060 210 92 mensurantur
2518 2060 168 92 secundum
2643 2060 140 92 statum
2741 2060 98 92 aut
2797 2060 196 92 qualitatem
2937 2060 70 92 aut

1246 2118 161 77 meritum
1363 2118 102 77 seu
1422 2118 117 77 opus
1495 2118 249 77 recipientium:
1700 2118 102 77 sed
1758 2118 175 77 secundum
1890 2118 190 77 praedicta
2036 2118 117 77 duo:
2109 2118 88 77 ad
2153 2118 117 77 quae
2226 2118 132 77 debet
2314 2118 190 77 praelatus
2460 2118 175 77 aspicere
2592 2118 88 77 in
2635 2118 205 77 conferendo
2782 2118 219 77 indulgentias,

1243 2166 70 88 &
1271 2166 84 88 sm
1313 2166 224 88 beneplacitum
1495 2166 196 88 voluntatis
1649 2166 112 88 suae
1719 2166 126 88 illis
1803 2166 98 88 iam
1859 2166 210 88 suppositis.
2027 2166 98 88 Sed
2083 2166 98 88 est
2139 2166 98 88 hic
2195 2166 210 88 aduertendum
2363 2166 112 88 quod
2433 2166 154 88 quamuis
2545 2166 196 88 inaequales
2699 2166 168 88 secundum
2825 2166 210 88 quaelitatem

1248 2225 185 81 operandi,
1390 2225 100 81 aut
1447 2225 200 81 conferendi
1604 2225 200 81 subsidium,
1761 2225 71 81 &
1790 2225 171 81 secundum
1918 2225 214 81 quantitatem
2090 2225 157 81 operis,
2204 2225 200 81 inaequales
2361 2225 185 81 recipiant
2503 2225 243 81 indulgentias,
2703 2225 100 81 non
2760 2225 128 81 tamen
2846 2225 114 81 plus
2903 2225 114 81 operan

1253 2277 115 85 tes,
1325 2277 101 85 aut
1382 2277 158 85 amplius
1497 2277 187 85 subsidium
1641 2277 230 85 conferentes,
1828 2277 216 85 frustrantur
2000 2277 158 85 mercede
2115 2277 101 85 pro
2173 2277 115 85 illo
2245 2277 115 85 quod
2317 2277 115 85 plus
2388 2277 158 85 erogant
2503 2277 187 85 caeteris:
2647 2277 115 85 quia
2719 2277 173 85 quicquam
2848 2277 158 85 erogans
2949 2277 72 85 vl-

1253 2328 106 83 tra
1313 2328 91 83 ad
1359 2328 166 83 minimum
1479 2328 91 83 ex
1524 2328 196 83 charitate
1675 2328 211 83 procedens,
1841 2328 106 83 quo
1902 2328 166 83 quisque
2022 2328 91 83 sm
2068 2328 166 83 statum,
2188 2328 226 83 qualitatem,
2369 2328 75 83 &
2399 2328 211 83 facultatem
2565 2328 181 83 personae
2701 2328 121 83 suae
2777 2328 196 83 obtineret
2912 2328 106 83 totas

1255 2376 255 88 indulgentias
1462 2376 207 88 concessas
1622 2376 112 88 pro
1685 2376 143 88 opere
1781 2376 112 88 aut
1845 2376 191 88 subsidio
1988 2376 255 88 determinato,
2195 2376 143 88 totum
2291 2376 143 88 illud
2387 2376 127 88 quod
2466 2376 207 88 superogat
2626 2376 207 88 reputatur
2785 2376 96 88 ei
2833 2376 80 88 a
2865 2376 112 88 deo
2928 2376 96 88 ad
2960 2376 64 88 cu

1255 2431 144 93 mulum
1351 2431 160 93 meriti
1462 2431 144 93 vitae
1558 2431 207 93 aeternae.
1718 2431 112 93 Non
1782 2431 128 93 enim
1861 2431 128 93 opus
1941 2431 207 93 iniunctum
2101 2431 112 93 pro
2164 2431 255 93 indulgentiis
2372 2431 223 93 obtinendis
2547 2431 96 93 ad
2595 2431 239 93 remissionem
2787 2431 160 93 poenae
2882 2431 144 93 debitae

1269 2485 177 94 peccatis
1402 2485 148 94 factum
1506 2485 89 94 ex
1550 2485 192 94 charitate
1698 2485 133 94 solum
1787 2485 133 94 valet
1875 2485 89 94 ad
1920 2485 222 94 promerendum
2097 2485 133 94 illas
2186 2485 251 94 indulgentias:
2392 2485 103 94 sed
2452 2485 103 94 cum
2511 2485 103 94 hoc
2570 2485 103 94 est
2629 2485 133 94 valet
2718 2485 89 94 ad
2762 2485 222 94 promerendum
2925 2485 103 94 prae-

1264 2533 113 91 mium
1334 2533 197 91 essentiale
1490 2533 127 91 vitae
1574 2533 155 91 aetnae,
1687 2533 85 91 ac
1729 2533 85 91 si
1772 2533 99 91 pro
1828 2533 113 91 illa
1899 2533 113 91 sola
1969 2533 155 91 fieret:
2082 2533 71 91 &
2110 2533 99 91 non
2167 2533 99 91 pro
2223 2533 240 91 induigentiis.
2420 2533 99 91 Hic
2477 2533 155 91 dominus
2590 2533 113 91 papa
2660 2533 85 91 in
2703 2533 99 91 lra
2759 2533 183 91 executiua
2886 2533 155 91 praedicta

1268 2590 194 94 proecipit
1417 2590 284 94 praedicatoribus
1656 2590 164 94 crucis,
1775 2590 119 94 quod
1850 2590 209 94 diligenter
2014 2590 75 94 &
2044 2590 209 94 frequenter
2208 2590 179 94 exponant
2343 2590 164 94 populis
2462 2590 179 94 literam,
2596 2590 119 94 quam
2671 2590 209 94 exhortatur
2835 2590 194 94 vniuersos
2984 2590 90 94 ad

1261 2647 243 86 susceptionem
1458 2647 167 86 crucis:
1579 2647 197 86 quaetenus
1731 2647 197 86 beneficia
1883 2647 121 86 quae
1959 2647 106 86 pro
2019 2647 152 86 crucis
2126 2647 228 86 susceptione
2308 2647 182 86 efficaci
2444 2647 197 86 promittit
2596 2647 137 86 illis
2687 2647 91 86 in
2733 2647 167 86 terris,
2854 2647 121 86 puta
2915 2647 121 86 remis-

1264 2710 145 79 sionem
1366 2710 218 79 peccatorum,
1540 2710 73 79 &
1569 2710 218 79 immunitates
1743 2710 261 79 priuilegiorum,
1961 2710 73 79 &
1990 2710 174 79 copiosam
2120 2710 189 79 mercedem,
2266 2710 116 79 quae
2338 2710 131 79 etiam
2425 2710 102 79 cum
2483 2710 131 79 illis
2570 2710 218 79 praeparatur
2744 2710 87 79 in
2788 2710 160 79 caelis,
2889 2710 160 79 cognosce-

1266 2753 94 91 re
1313 2753 172 91 valeant
1438 2753 78 91 &
1469 2753 156 91 amare,
1579 2753 140 91 sicut
1672 2753 109 91 iam
1735 2753 172 91 habitum
1860 2753 109 91 est
1922 2753 156 91 supra.
2031 2753 125 91 Vnde
2109 2753 78 91 &
2141 2753 94 91 in
2187 2753 125 91 illa
2265 2753 109 91 lra
2328 2753 219 91 hortatoria
2500 2753 156 91 eisdem
2609 2753 187 91 indulget
2749 2753 156 91 plenam
2859 2753 156 91 suorum
2952 2753 94 91 pec-

1269 2802 164 95 caminum
1388 2802 164 95 veniam:
1507 2802 74 95 &
1537 2802 164 95 insuper
1656 2802 208 95 pollicetur
1820 2802 164 95 salutis
1939 2802 179 95 aeternae
2073 2802 208 95 augmentum:
2237 2802 89 95 vt
2282 2802 194 95 similiter
2431 2802 104 95 iam
2490 2802 164 95 habitum
2609 2802 104 95 est
2669 2802 149 95 supra.
2773 2802 208 95 Quaproptur
2937 2802 89 95 si
2981 2802 89 95 di

1260 2864 109 85 cto
1323 2864 124 85 modo
1400 2864 202 85 praelatus
1555 2864 248 85 indulgentias
1757 2864 248 85 dispensaret,
1959 2864 124 85 nemo
2036 2864 140 85 ipsum
2129 2864 140 85 iuste
2223 2864 202 85 obiurgare
2378 2864 171 85 posset,
2502 2864 171 85 tamquam
2626 2864 186 85 abusorem
2766 2864 217 85 potestatis
2936 2864 140 85 suae:

1265 2914 92 86 ac
1311 2914 260 86 dissipatorem,
1525 2914 107 86 non
1586 2914 260 86 dispensatorem
1800 2914 260 86 misericordiae
2014 2914 122 86 dei,
2091 2914 138 86 atque
2183 2914 230 86 derogatorem
2366 2914 199 86 iustitiae
2519 2914 122 86 dei,
2596 2914 138 86 quasi
2688 2914 122 86 ipsa
2764 2914 107 86 dei
2825 2914 184 86 iustitia
2948 2914 107 86 tole-

1268 2967 125 89 rare
1346 2967 109 89 non
1409 2967 171 89 posset,
1533 2967 218 89 acceptando
1704 2967 125 89 quod
1782 2967 156 89 tantas
1891 2967 249 89 indulgentias
2094 2967 78 89 &
2125 2967 109 89 tam
2187 2967 171 89 crebras
2312 2967 265 89 indifferenter
2530 2967 171 89 omnibus
2654 2967 140 89 etiam
2748 2967 109 89 pro
2810 2967 156 89 modico
2919 2967 140 89 opere
2997 2967 62 89 si

1275 3032 85 74 ue
1317 3032 170 74 subsidio
1445 3032 227 74 dispensaret:
1629 3032 128 74 quasi
1714 3032 170 74 peccatam
1842 3032 99 74 per
1898 3032 99 74 hoc
1955 3032 170 74 manerent
2082 3032 184 74 impunita.
2224 3032 99 74 Sed
2281 3032 99 74 non
2338 3032 99 74 est
2394 3032 113 74 ita,
2465 3032 113 74 quia
2536 3032 99 74 per
2593 3032 227 74 indulgentias
2777 3032 113 74 illi
2848 3032 99 74 qui
2904 3032 99 74 eas
2947 3032 99 74 susce

1280 3072 151 99 perit,
1386 3072 136 99 nihil
1477 3072 91 99 de
1522 3072 136 99 poena
1613 3072 182 99 peccatis
1749 3072 151 99 debita
1855 3072 106 99 sic
1916 3072 227 99 remittitur:
2097 3072 91 99 vt
2143 3072 136 99 pecca
2234 3072 182 99 alterius
2370 3072 106 99 quo
2430 3072 91 99 ad
2476 3072 167 99 minimum
2597 3072 151 99 culpae
2703 3072 197 99 cuiusquam
2854 3072 167 99 maneant
2975 3072 106 99 in-

1272 3128 156 110 punita
1382 3128 249 110 simpliciter:
1584 3128 140 110 licet
1678 3128 203 110 puniantur
1834 3128 94 110 in
1880 3128 125 110 illo
1958 3128 109 110 qui
2021 3128 203 110 peccauit:
2177 3128 125 110 quia
2254 3128 156 110 poenae
2364 3128 171 110 aliorum
2488 3128 218 110 reputantur
2660 3128 125 110 illi
2738 3128 109 110 pro
2800 3128 125 110 suis
2878 3128 78 110 &
2909 3128 125 110 sibi
2971 3128 94 110 com
