2449 3749
507 177 144 99 festum
607 177 187 99 videlicet
751 177 216 99 natiuitatis
924 177 129 99 beati
1010 177 158 99 Ioannis
1125 177 201 99 Baptistae,
1283 177 115 99 quod
1355 177 115 99 erit
1427 177 86 99 in
1470 177 115 99 anno
1542 177 158 99 domini.
1657 177 86 99 M.
1700 177 101 99 cc.
1758 177 144 99 xciii.
1859 177 115 99 nisi
1930 177 101 99 pro
1988 177 129 99 opere
2060 177 230 99 transfretandi.

510 236 75 80 &
540 236 196 80 liberandi
691 236 151 80 terram
796 236 166 80 sanctam
917 236 90 80 de
962 236 166 80 manibus
1082 236 241 80 Sarracenorum
1278 236 226 80 largissimae
1459 236 241 80 indulgentiae
1654 236 241 80 conferrentur
1850 236 166 80 talibus
1971 236 105 80 qui
2031 236 151 80 vtiles
2136 236 120 80 sunt
2197 236 90 80 adta

507 289 92 93 le
553 289 123 93 opus
629 289 230 93 exequendum:
813 289 92 93 et
859 289 123 93 nisi
936 289 184 93 secundum
1074 289 138 93 modum
1166 289 138 93 finis
1258 289 77 93 &
1289 289 169 93 laboris
1411 289 92 93 in
1457 289 138 93 opere
1549 289 276 93 rationabiliter
1779 289 215 93 mensuretur
1948 289 199 93 quantitas
2086 289 199 93 indulgentia

509 352 113 79 rum,
580 352 85 79 vt
622 352 99 79 per
679 352 99 79 hoc
736 352 85 79 in
778 352 156 79 illarum
892 352 241 79 dispensatione
1090 352 198 79 concurrant
1246 352 128 79 simul
1331 352 128 79 genra
1416 352 99 79 seu
1473 352 227 79 misericordia
1657 352 71 79 &
1686 352 184 79 iustitia.
1827 352 170 79 lustitia
1955 352 156 79 propter
2068 352 156 79 meritum
2168 352 113 79 operis

510 398 143 96 gratia
610 398 157 96 propter
724 398 143 96 veniam
823 398 143 96 poenae
923 398 157 96 debitam
1037 398 171 96 peccatis
1166 398 128 96 super
1251 398 171 96 mercedem
1380 398 171 96 aeternae
1508 398 242 96 retributionis
1708 398 257 96 proportionalem
1921 398 200 96 quantitati
2078 398 157 96 operis:
2192 398 114 96 quae

508 466 243 79 principalius
705 466 91 79 ab
751 466 182 79 operante
887 466 137 79 debet
978 466 167 79 attendi
1100 466 76 79 &
1130 466 197 79 expectari
1282 466 91 79 ex
1328 466 152 79 opere,
1434 466 121 79 quam
1510 466 228 79 indulgentia
1692 466 182 79 poenarum
1829 466 152 79 debita
1935 466 197 79 peccatis.
2087 466 106 79 Sed
2147 466 91 79 si
2178 466 106 79 talis

506 516 133 90 finis
595 516 147 90 adsit:
698 516 74 90 &
727 516 177 90 secundum
860 516 133 90 ipsum
948 516 74 90 &
977 516 88 90 sm
1022 516 221 90 quantitatem
1198 516 162 90 laboris
1316 516 88 90 in
1360 516 133 90 opere
1449 516 265 90 rationabiliter
1670 516 206 90 moderentur
1832 516 250 90 indulgentiae:
2038 516 147 90 aliter
2141 516 118 90 enim
2200 516 88 90 fine

510 565 183 98 frustrari
651 565 155 98 possent
764 565 99 98 per
820 565 197 98 contemptum
975 565 127 98 earum
1060 565 99 98 aut
1116 565 141 98 nimiam
1215 565 226 98 confidentiam
1398 565 85 98 in
1440 565 141 98 ipsis,
1539 565 85 98 vt
1581 565 141 98 dictum
1680 565 113 98 est:
1750 565 99 98 non
1807 565 127 98 solum
1891 565 155 98 valent,
2004 565 99 98 sed
2060 565 70 98 &
2089 565 141 98 tantum
2173 565 113 98 valent

510 626 162 87 quantum
628 626 162 87 sonant.
745 626 88 87 Et
789 626 103 87 hoc
848 626 162 87 omnibus
966 626 88 87 in
1010 626 191 87 charitate
1157 626 235 87 existentibus
1348 626 88 87 ad
1392 626 162 87 iiuncti
1509 626 147 87 operis
1612 626 220 87 executionem
1788 626 250 87 laborantibus.
1994 626 73 87 &
2024 626 103 87 sic
2082 626 206 87 aequaliter
2229 626 59 87 va

508 672 116 95 lent
580 672 232 95 inaequalibus
768 672 72 95 &
797 672 232 95 inaequaliter
985 672 246 95 laborantibus.
1188 672 87 95 Et
1232 672 217 95 mensurantur
1406 672 232 95 indulgentiae
1594 672 101 95 non
1652 672 87 95 sm
1695 672 130 95 meram
1782 672 203 95 voluntatem
1941 672 217 95 conferentis
2115 672 116 95 eas,
2188 672 87 95 vt
2231 672 87 95 di

514 728 97 97 cit
570 728 97 97 vna
625 728 153 97 opinio,
736 728 180 97 ponentua.
875 728 166 97 scilicet
999 728 111 97 quod
1069 728 222 97 indulgentiae
1249 728 153 97 possint
1360 728 111 97 esse
1429 728 111 97 mere
1499 728 180 97 gratuitae
1637 728 139 97 absque
1734 728 111 97 omni
1804 728 139 97 merito
1901 728 153 97 operis:
2012 728 97 97 nec
2067 728 97 97 est
2109 728 180 97 mensurantur

514 781 74 98 m
544 781 162 98 meritum
661 781 191 98 operantis
808 781 221 98 recipientis
985 781 118 98 eas,
1058 781 88 98 vt
1103 781 132 98 dicit
1191 781 118 98 alia
1264 781 147 98 opinio
1367 781 191 98 ponentium
1514 781 118 98 quod
1588 781 235 98 indulgentiae
1779 781 118 98 sunt
1853 781 221 98 simpliciter
2029 781 176 98 debitae:
2161 781 103 98 sed
2205 781 74 98 men

518 836 167 97 surantur
644 836 126 97 medio
727 836 98 97 me.
783 836 167 97 scilicet
908 836 84 97 sm
950 836 126 97 modum
1034 836 70 97 &
1062 836 223 97 necessitatem
1243 836 139 97 finis,
1341 836 70 97 &
1369 836 209 97 quantitatem
1536 836 153 97 laboris
1648 836 84 97 in
1689 836 139 97 genere
1787 836 153 97 operis:
1899 836 98 97 sed
1954 836 181 97 aliquando
2080 836 209 97 principalitur

516 891 91 84 pm
561 891 242 84 necessitatem
758 891 151 84 finis:
864 891 121 84 puta
939 891 151 84 quando
1045 891 151 84 potior
1151 891 136 84 honor
1242 891 121 84 dei,
1317 891 76 84 &
1348 891 197 84 ecclesiae
1499 891 197 84 profectus
1650 891 91 84 ex
1695 891 136 84 minus
1786 891 197 84 laborioso
1937 891 136 84 opere
2028 891 181 84 spantur,
2149 891 136 84 possunt

510 962 112 84 pro
574 962 128 84 illo
654 962 208 84 exequendo
814 962 128 84 dari
893 962 256 84 indulgentiae
1101 962 272 84 abundantiores
1325 962 128 84 quam
1405 962 112 84 pro
1468 962 128 84 alio
1548 962 144 84 opere
1644 962 144 84 magis
1740 962 224 84 laborioso:
1916 962 96 84 ex
1964 962 112 84 quo
2027 962 144 84 minus
2123 962 144 84 honor
2203 962 80 84 dei

513 1011 70 71 &
541 1011 181 71 ecclesiae
680 1011 181 71 profectus
819 1011 167 71 spantur.
944 1011 181 71 Aliquando
1084 1011 111 71 vero
1153 1011 237 71 principalitur
1348 1011 209 71 mensurantur
1515 1011 223 71 indulgentiae
1696 1011 83 71 sm
1737 1011 209 71 quantitatem
1904 1011 153 71 laboris
2016 1011 83 71 in
2057 1011 139 71 genere
2155 1011 153 71 operis:

513 1057 116 99 puta
585 1057 145 99 quando
686 1057 101 99 non
744 1057 145 99 potior
845 1057 130 99 honor
932 1057 101 99 dei
990 1057 72 99 &
1019 1057 188 99 ecclesiae
1163 1057 188 99 profectus
1308 1057 174 99 sprantur
1438 1057 87 99 ex
1481 1057 130 99 opere
1568 1057 130 99 minus
1655 1057 202 99 laborioso,
1814 1057 87 99 sm
1857 1057 116 99 quod
1930 1057 159 99 dominus
2045 1057 116 99 papa
2117 1057 87 99 in
2146 1057 145 99 generali

507 1129 249 79 absolutione
706 1129 99 79 in
756 1129 149 79 coena
856 1129 166 79 domini
972 1129 166 79 plures
1088 1129 133 79 dies
1170 1129 265 79 indulgentiae
1386 1129 215 79 consueuit
1552 1129 215 79 concedere
1717 1129 282 79 aduenientibus
1949 1129 99 79 de
1999 1129 199 79 partibus
2132 1129 149 79 trasma-

517 1177 138 87 rinis
609 1177 123 87 quam
686 1177 154 87 aliis,
793 1177 77 87 &
824 1177 138 87 adhuc
916 1177 154 87 plures
1024 1177 231 87 venientibus
1208 1177 92 87 de
1254 1177 138 87 vltra
1347 1177 154 87 montes
1454 1177 123 87 quam
1531 1177 231 87 venientibus
1715 1177 92 87 de
1761 1177 138 87 citra
1854 1177 154 87 motes.
1961 1177 92 87 Et
2007 1177 108 87 ita
2069 1177 154 87 secure
2161 1177 123 87 potest

518 1224 126 92 dici,
602 1224 112 92 quod
672 1224 224 92 indulgentiae
854 1224 210 92 praelatorum
1023 1224 140 92 tantum
1121 1224 140 92 valent
1219 1224 154 92 quantum
1331 1224 140 92 sonant
1429 1224 70 92 &
1457 1224 224 92 praedicantur
1639 1224 154 92 valere,
1751 1224 70 92 &
1779 1224 126 92 simul
1864 1224 196 92 concurrant
2018 1224 112 92 ista
2088 1224 182 92 quaetuor:
2214 1224 70 92 ve-

518 1276 88 99 ex
562 1276 133 99 parte
651 1276 236 99 dispensantis
842 1276 221 99 auctoritas:
1019 1276 88 99 ex
1063 1276 133 99 parte
1151 1276 221 99 recipientis
1328 1276 191 99 charitas:
1475 1276 88 99 ex
1519 1276 133 99 parte
1608 1276 147 99 operis
1711 1276 191 99 vtilitas:
1858 1276 74 99 &
1887 1276 88 99 ex
1932 1276 133 99 parte
2020 1276 147 99 finis,
2123 1276 118 99 siue
2182 1276 103 99 causa

524 1333 156 98 pietas.
637 1333 85 98 Et
680 1333 99 98 cum
736 1333 156 98 debitum
849 1333 156 98 poenale
963 1333 170 98 cuiusque
1090 1333 113 98 vnum
1161 1333 99 98 sit
1217 1333 71 98 &
1246 1333 127 98 idem:
1331 1333 71 98 &
1359 1333 99 98 quo
1416 1333 85 98 ad
1458 1333 198 98 durationem
1614 1333 85 98 in
1656 1333 156 98 tempore
1769 1333 198 98 aequalitur
1925 1333 184 98 soluendum
2067 1333 85 98 in
2109 1333 198 98 quaecumque

511 1394 116 88 foro
583 1394 130 88 licet
670 1394 145 88 multum
771 1394 217 88 iaequaliter
945 1394 116 88 quae
1017 1394 87 88 ad
1060 1394 217 88 acerbitatem
1234 1394 145 88 poenae
1335 1394 87 88 in
1379 1394 116 88 foro
1451 1394 174 88 Christi,
1581 1394 72 88 &
1610 1394 87 88 in
1653 1394 116 88 foro
1726 1394 231 88 poenitentis,
1914 1394 72 88 &
1943 1394 87 88 in
1986 1394 116 88 foro
2059 1394 188 88 ecclsiae,
2189 1394 101 88 sicut

513 1440 191 100 superius
656 1440 111 100 est
720 1440 222 100 expositum:
894 1440 238 100 Aduertendum
1085 1440 143 100 credo
1181 1440 127 100 quod
1260 1440 111 100 cum
1324 1440 207 100 praelatus
1482 1440 111 100 non
1546 1440 222 100 distinguat
1721 1440 143 100 neque
1816 1440 222 100 determinet
1991 1440 254 100 indulgentias
2182 1440 95 100 dari

519 1497 114 99 puta
590 1497 128 99 decem
675 1497 114 99 dies
747 1497 85 99 de
789 1497 185 99 iniunctis
932 1497 114 99 sibi
1003 1497 242 99 poenitentiis:
1202 1497 100 99 sed
1259 1497 128 99 decem
1345 1497 114 99 dies
1416 1497 214 99 simpliciter
1587 1497 228 99 intelligitur
1772 1497 214 99 indulgentia
1943 1497 142 99 fieri.
2043 1497 85 99 x.
2086 1497 142 99 dierum
2185 1497 85 99 de
2214 1497 71 99 poe

506 1560 87 72 na
549 1560 217 72 purgatorii:
723 1560 87 72 vt
766 1560 116 72 per.
838 1560 87 72 x.
882 1560 116 72 dies
954 1560 231 72 indulgentiae
1142 1560 145 72 citius
1243 1560 188 72 liberetur
1388 1560 72 72 a
1417 1560 145 72 poenis
1518 1560 217 72 purgatorii:
1692 1560 116 72 quam
1764 1560 87 72 si
1808 1560 116 72 fine
1880 1560 130 72 illis
1967 1560 231 72 indulgentiis
2140 1560 145 72 decessis

514 1604 111 108 set:
583 1604 125 108 sicut
667 1604 139 108 citius
764 1604 208 108 liberaretur
930 1604 69 108 a
958 1604 194 108 purgatorio
1110 1604 97 108 per
1166 1604 125 108 decem
1249 1604 125 108 dies:
1332 1604 83 108 si
1374 1604 97 108 hic
1429 1604 125 108 decem
1512 1604 111 108 dies
1582 1604 208 108 voluntariae
1748 1604 139 108 poenae
1845 1604 208 108 peregisset:
2012 1604 111 108 quam
2081 1604 83 108 si
2123 1604 97 108 non
2164 1604 125 108 peregis

511 1661 133 78 set.
595 1661 100 78 Et
645 1661 117 78 hoc
712 1661 200 78 prouenit
862 1661 100 78 ex
912 1661 150 78 magna
1012 1661 117 78 dei
1079 1661 150 78 mima,
1179 1661 117 78 qui
1245 1661 184 78 minores
1379 1661 167 78 poenas
1496 1661 100 78 in
1546 1661 184 78 duplici
1679 1661 133 78 foro
1763 1661 133 78 vult
1846 1661 117 78 nos
1913 1661 234 78 sustinere,
2096 1661 83 78 &
2130 1661 100 78 ad
2180 1661 133 78 maio

505 1724 101 71 res
562 1724 144 71 poenas
663 1724 202 71 purgatorii
822 1724 202 71 soluendas,
981 1724 231 71 indulgentias
1169 1724 130 71 nobis
1255 1724 188 71 concessas
1400 1724 202 71 praseruat.
1558 1724 87 71 Et
1602 1724 115 71 puto
1674 1724 115 71 quod
1746 1724 188 71 praelatus
1890 1724 101 71 per
1948 1724 217 71 intentionem
2121 1724 144 71 potest
2208 1724 72 71 con

511 1768 130 105 ferre
597 1768 232 105 indulgentias
786 1768 145 105 dierum
887 1768 145 105 poenae
988 1768 72 105 a
1017 1768 188 105 sacerdote
1162 1768 232 105 iniunctorum:
1350 1768 116 105 puta
1423 1768 87 105 si
1466 1768 203 105 poenitenti
1625 1768 188 105 iniunctum
1770 1768 101 105 sit
1828 1768 275 105 sacramentalitur
2060 1768 101 105 per
2103 1768 174 105 sacerdotem

507 1827 167 101 ieiunare
632 1827 139 101 centum
730 1827 125 101 dies,
814 1827 181 101 praelatus
953 1827 153 101 pesatis
1065 1827 139 101 causis
1162 1827 195 101 praedictis
1315 1827 139 101 potest
1413 1827 195 101 indulgere.
1566 1827 98 101 xl.
1622 1827 111 101 dies
1692 1827 84 101 de
1733 1827 181 101 iniunctis
1873 1827 111 101 sibi
1943 1827 237 101 poenitentiis:
2138 1827 98 101 ita
2193 1827 111 101 quod

507 1880 86 102 si
550 1880 216 102 ieiunauerit
723 1880 130 102 alios
809 1880 115 102 dies
881 1880 144 102 vsque.
982 1880 101 102 xl,
1039 1880 101 102 non
1097 1880 144 102 peccat
1197 1880 173 102 ieiunium
1327 1880 158 102 illorum
1442 1880 202 102 omittendo.
1601 1880 101 102 vel
1658 1880 144 102 potest
1759 1880 86 102 ex
1802 1880 130 102 cauam
1888 1880 130 102 omnem
1975 1880 144 102 poenam
2075 1880 187 102 iniunctam
2219 1880 86 102 in

513 1936 179 96 dulgere,
647 1936 134 96 sicut
737 1936 134 96 facit
826 1936 89 96 in
871 1936 239 96 indulgentiis
1065 1936 224 96 generalibus
1244 1936 149 96 omnium
1348 1936 194 96 criminum,
1497 1936 104 96 nec
1557 1936 194 96 delinquit
1706 1936 134 96 illam
1796 1936 149 96 poenam
1900 1936 194 96 iniunctam
2049 1936 209 96 omittendo,
2198 1936 75 96 si-

509 1985 105 105 cut
569 1985 105 105 per
629 1985 254 105 inobedientiam
838 1985 224 105 delinquaret
1018 1985 90 105 si
1062 1985 135 105 illam
1152 1985 194 105 omitteret
1302 1985 150 105 absque
1406 1985 90 105 in
1451 1985 209 105 dulgentia,
1616 1985 90 105 &e
1661 1985 105 105 cum
1721 1985 105 105 hoc
1780 1985 135 105 omnes
1870 1985 120 105 dies
1945 1985 150 105 illius
2050 1985 150 105 poenae
2139 1985 135 105 omissa-

502 2041 197 100 sustinere
653 2041 167 100 deberet
775 2041 91 100 in
820 2041 212 100 purgatorio
987 2041 91 100 si
1032 2041 106 100 non
1093 2041 182 100 impleret
1229 2041 136 100 illam
1320 2041 91 100 in
1366 2041 121 100 vita
1441 2041 136 100 ista:
1532 2041 136 100 sicut
1623 2041 106 100 cum
1684 2041 91 100 in
1729 2041 121 100 foro
1805 2041 182 100 Christi,
1942 2041 76 100 &
1972 2041 91 100 in
2017 2041 121 100 foro
2078 2041 197 100 poenitentis

500 2093 107 102 non
561 2093 123 102 agit
638 2093 123 102 dies
714 2093 153 102 poenae
821 2093 107 102 cum
883 2093 214 102 acerbitate
1051 2093 230 102 competenti,
1235 2093 107 102 aut
1296 2093 184 102 dimittit
1434 2093 107 102 eam
1495 2093 138 102 agere
1587 2093 107 102 per
1648 2093 168 102 aliquam
1771 2093 153 102 partem
1878 2093 138 102 diei,
1970 2093 199 102 acerbitas
2123 2093 123 102 illa
2184 2093 92 102 omis

504 2150 95 88 sa
552 2150 174 88 addetur
678 2150 221 88 acerbitati
852 2150 158 88 poenae
963 2150 95 88 in
1010 2150 237 88 purgatorio:
1200 2150 95 88 et
1247 2150 206 88 similiter
1405 2150 158 88 portio
1516 2150 126 88 diei
1595 2150 158 88 omissa
1706 2150 221 88 adiungetur
1880 2150 158 88 diebus
1990 2150 158 88 poenae
2085 2150 190 88 purgatorii

503 2200 86 108 vt
546 2200 101 108 sic
603 2200 101 108 vel
661 2200 101 108 per
718 2200 158 108 poenas,
833 2200 172 108 proprias
962 2200 101 108 vel
1020 2200 86 108 in
1063 2200 201 108 praesenti,
1221 2200 101 108 vel
1278 2200 86 108 in
1321 2200 158 108 futuro,
1436 2200 101 108 vel
1494 2200 101 108 per
1551 2200 230 108 indulgentias
1738 2200 172 108 oporteat
1867 2200 215 108 poenitentem
2039 2200 158 108 reddere
2140 2200 129 108 quaecum

501 2272 116 90 que
568 2272 199 90 deliquit
717 2272 150 90 vsque
817 2272 100 90 ad
867 2272 183 90 minimum
1000 2272 233 90 inclusiue:
1183 2272 100 90 vt
1233 2272 150 90 nihil
1332 2272 133 90 mali
1415 2272 166 90 culpae
1532 2272 166 90 maneat
1648 2272 233 90 impunitum.
1831 2272 100 90 Ad
1881 2272 216 90 argumenta
2047 2272 116 90 pro
2113 2272 83 90 &
2130 2272 133 90 contra

496 2325 250 74 respondendum
700 2325 125 74 est.
778 2325 219 74 Argumentum
950 2325 125 74 enim
1028 2325 110 74 pro
1091 2325 141 74 parte
1185 2325 235 74 affirmatiua
1372 2325 188 74 procedit
1513 2325 188 74 probando
1654 2325 250 74 indulgentias
1857 2325 125 74 fore
1936 2325 235 74 mensurandas
2123 2325 94 74 sm
2155 2325 110 74 meram

500 2382 213 74 voluntatem
667 2382 228 74 conferentis
849 2382 122 74 eas.
925 2382 213 74 argumentum
1092 2382 137 74 autem
1183 2382 106 74 pro
1244 2382 137 74 parte
1335 2382 182 74 negatiua
1472 2382 152 74 probat
1578 2382 106 74 eas
1639 2382 122 74 fore
1715 2382 228 74 mensurandas
1897 2382 91 74 sm
1943 2382 167 74 meritum
2065 2382 182 74 cuiusque
2201 2382 91 74 in

497 2434 141 91 opere,
595 2434 99 91 cum
652 2434 127 91 tamen
736 2434 99 91 non
793 2434 211 91 mensurentur
962 2434 113 91 nisi
1032 2434 169 91 secundum
1159 2434 127 91 modum
1243 2434 127 91 finis
1328 2434 70 91 &
1356 2434 127 91 genus
1440 2434 155 91 operis,
1553 2434 84 91 vt
1595 2434 141 91 dictum
1694 2434 113 91 est.
1764 2434 113 91 Quia
1835 2434 113 91 ergo
1905 2434 169 91 arguitur
2032 2434 141 91 primo,
2130 2434 113 91 quod
2201 2434 84 91 in

496 2472 204 109 dulgentiae
657 2472 218 109 praelatorum
831 2472 146 109 tantum
933 2472 146 109 valent
1035 2472 160 109 quantum
1151 2472 160 109 sonant:
1268 2472 116 109 quia
1340 2472 146 109 corpus
1442 2472 160 109 Christi
1559 2472 204 109 principale
1719 2472 102 109 est
1777 2472 175 109 respectu
1908 2472 146 109 meriti
2010 2472 160 109 ipsius:
2126 2472 102 109 sed
2170 2472 87 109 prae

494 2529 123 95 lati
571 2529 154 95 habent
679 2529 170 95 liberam
802 2529 278 95 dispensationem
1033 2529 185 95 secundum
1172 2529 139 95 meram
1265 2529 216 95 voluntatem
1434 2529 123 95 suam
1511 2529 185 95 corporis
1650 2529 170 95 Christi
1774 2529 200 95 faciendam
1928 2529 170 95 populo:
2051 2529 123 95 ergo
2128 2529 77 95 &
2144 2529 123 95 meriti

490 2586 163 111 ipsius:
609 2586 74 111 &
639 2586 104 111 sic
698 2586 282 111 indulgentiarum,
935 2586 119 111 quae
1010 2586 193 111 praecipue
1158 2586 89 111 de
1202 2586 148 111 merito
1306 2586 148 111 operum
1410 2586 193 111 poenalium
1559 2586 163 111 Christi
1677 2586 223 111 indebitorum
1855 2586 252 111 dispensantur:
2063 2586 178 111 Dicoquoe
2182 2586 89 111 prae

489 2639 122 96 lati
565 2639 107 96 quo
626 2639 92 96 ad
672 2639 107 96 hoc
734 2639 153 96 habent
841 2639 214 96 potestatem
1009 2639 230 96 dispensandi
1193 2639 153 96 corpus
1300 2639 184 96 Christi:
1438 2639 122 96 quod
1514 2639 199 96 videlicet
1667 2639 92 96 si
1713 2639 122 96 sint
1790 2639 184 96 ordinati
1927 2639 92 96 in
1973 2639 230 96 sacerdotes,
2157 2639 77 96 &
2187 2639 107 96 ha-

488 2692 148 110 bzant
586 2692 181 110 debitam
718 2692 197 110 materiam
866 2692 247 110 consecrandi
1063 2692 164 110 corpus
1178 2692 197 110 Christi,
1326 2692 132 110 puta
1408 2692 148 110 panem
1507 2692 99 110 de
1556 2692 214 110 frumento,
1721 2692 181 110 possunt
1852 2692 148 110 illud
1951 2692 230 110 consecrare
2131 2692 164 110 quando

494 2758 171 103 volunt,
619 2758 78 103 &
650 2758 171 103 quantum
774 2758 186 103 indigent
914 2758 186 103 fideles:
1054 2758 109 103 sed
1116 2758 109 103 non
1178 2758 155 103 habent
1287 2758 217 103 potestatem
1457 2758 233 103 consecrandi
1644 2758 140 103 illud
1737 2758 93 103 in
1784 2758 124 103 alia
1861 2758 186 103 materia.
2001 2758 171 103 Possunt
2125 2758 78 103 &
2156 2758 140 103 ipsum

493 2802 241 109 consecratum
685 2802 225 109 dispensare
862 2802 160 109 quando
974 2802 176 109 volunt,
1102 2802 80 109 &
1134 2802 160 109 quibus
1247 2802 160 109 volunt
1359 2802 144 109 bonis
1455 2802 80 109 &
1487 2802 160 109 malis:
1599 2802 112 109 sed
1664 2802 112 109 non
1728 2802 176 109 possunt
1856 2802 241 109 determinare
2049 2802 176 109 quantum
2161 2802 96 109 eius

492 2852 134 98 conio
582 2852 149 98 debeat
686 2852 164 98 cuiquam
805 2852 164 98 illorum
924 2852 164 98 valere:
1044 2852 119 98 quia
1118 2852 104 98 hoc
1178 2852 179 98 dependet
1312 2852 75 98 a
1342 2852 119 98 solo
1416 2852 119 98 deo,
1491 2852 75 98 &
1521 2852 179 98 disponne
1655 2852 268 98 communicantis.
1878 2852 104 98 Nec
1938 2852 164 98 possunt
2057 2852 149 98 facere
2162 2852 119 98 quod

490 2914 143 107 valeat
590 2914 71 107 &
618 2914 100 107 non
675 2914 128 107 obsit
761 2914 100 107 non
818 2914 185 107 existenti
961 2914 86 107 in
1003 2914 157 107 genera.
1118 2914 86 107 Et
1160 2914 128 107 sicut
1246 2914 100 107 quo
1303 2914 86 107 ad
1346 2914 157 107 aliquam
1460 2914 171 107 praelati
1588 2914 143 107 habent
1688 2914 157 107 liberam
1802 2914 257 107 dispensationem
2016 2914 171 107 corporis
2131 2914 128 107 Christi

487 2961 84 119 &
521 2961 118 119 quo
588 2961 101 119 ad
639 2961 169 119 aliqua
757 2961 135 119 non:
841 2961 118 119 sic
909 2961 84 119 &
943 2961 304 119 indulgentiarum
1195 2961 152 119 iuxta
1297 2961 152 119 modum
1398 2961 118 119 iam
1465 2961 236 119 expositum:
1651 2961 219 119 praecipue
1820 2961 118 119 quo
1887 2961 101 119 ad
1938 2961 304 119 indulgentiarum
2174 2961 84 119 va-

487 3009 156 114 lorem.
597 3009 188 114 secundum
738 3009 125 114 quem
816 3009 125 114 sunt
894 3009 219 114 accessoria
1066 3009 94 114 ad
1113 3009 156 114 corpus
1223 3009 188 114 Christi,
1363 3009 94 114 vt
1410 3009 141 114 dicit
1504 3009 235 114 argumentum.
1692 3009 141 114 Sicut
1786 3009 125 114 enim
1864 3009 110 114 non
1927 3009 172 114 possunt
2052 3009 156 114 facere
2161 3009 125 114 quod

488 3062 146 118 valeat
591 3062 146 118 corpus
693 3062 161 118 Christi
810 3062 102 118 non
869 3062 190 118 existenti
1015 3062 88 118 in
1059 3062 161 118 gratia,
1176 3062 102 118 sic
1235 3062 102 118 nec
1293 3062 161 118 possunt
1410 3062 146 118 facere
1512 3062 117 118 quod
1586 3062 117 118 illi
1659 3062 161 118 valeant
1776 3062 249 118 indulgentiae.
1981 3062 161 118 Possunt
2083 3062 161 118 tamenplus

476 3116 154 142 super
578 3116 290 142 induigentias:
818 3116 137 142 siue
903 3116 154 142 super
1006 3116 171 142 merita
1125 3116 205 142 poenarum
1279 3116 205 142 Christi,
1433 3116 137 142 quae
1518 3116 137 142 sunt
1604 3116 256 142 accessoria:
1809 3116 137 142 quam
1894 3116 154 142 super
1997 3116 171 142 corpus
2099 3116 154 142 Christi
