<?xml version="1.0" encoding="UTF-8"?>
<alto xmlns:xsi="http://www.w3.org/2001/XMLSchema-instance"
      xmlns="http://www.loc.gov/standards/alto/ns-v2#"
      xmlns:page="http://schema.primaresearch.org/PAGE/gts/pagecontent/2013-07-15"
      xsi:schemaLocation="http://www.loc.gov/standards/alto/ns-v2# http://www.loc.gov/standards/alto/alto.xsd">
   <Description>
      <MeasurementUnit>pixel</MeasurementUnit>
      <OCRProcessing ID="IdOcr">
         <ocrProcessingStep>
            <processingDateTime>2020-04-22T20:12:28.828-04:00</processingDateTime>
            <processingSoftware>
               <softwareCreator>READ COOP</softwareCreator>
               <softwareName>Transkribus</softwareName>
            </processingSoftware>
         </ocrProcessingStep>
      </OCRProcessing>
   </Description>
   <Layout>
      <Page ID="Page1" PHYSICAL_IMG_NR="1" HEIGHT="3778" WIDTH="2350">
         <TopMargin HEIGHT="0" WIDTH="2350" VPOS="0" HPOS="0"/>
         <LeftMargin HEIGHT="3778" WIDTH="0" VPOS="0" HPOS="0"/>
         <RightMargin HEIGHT="3778" WIDTH="0" VPOS="0" HPOS="2350"/>
         <BottomMargin HEIGHT="0" WIDTH="2350" VPOS="3778" HPOS="0"/>
         <PrintSpace HEIGHT="3778" WIDTH="2350" VPOS="0" HPOS="0">
            <TextBlock ID="TextRegion_1586802694931_6151"
                       HEIGHT="2995"
                       WIDTH="1701"
                       VPOS="299"
                       HPOS="146">
               <Shape>
                  <Polygon POINTS="175,301 1847,299 1823,3294 146,3293"/>
               </Shape>
               <TextLine ID="r3l2"
                         BASELINE="368"
                         HEIGHT="83"
                         WIDTH="1668"
                         VPOS="285"
                         HPOS="184">
                  <String HEIGHT="83"
                          WIDTH="112"
                          VPOS="285"
                          HPOS="170"
                          CONTENT="quod"/>
                  <SP HEIGHT="83" WIDTH="14" VPOS="285" HPOS="282"/>
                  <String HEIGHT="83" WIDTH="98" VPOS="285" HPOS="240" CONTENT="est"/>
                  <SP HEIGHT="83" WIDTH="14" VPOS="285" HPOS="338"/>
                  <String HEIGHT="83"
                          WIDTH="210"
                          VPOS="285"
                          HPOS="296"
                          CONTENT="principale:"/>
                  <SP HEIGHT="83" WIDTH="14" VPOS="285" HPOS="506"/>
                  <String HEIGHT="83"
                          WIDTH="112"
                          VPOS="285"
                          HPOS="464"
                          CONTENT="quia"/>
                  <SP HEIGHT="83" WIDTH="14" VPOS="285" HPOS="576"/>
                  <String HEIGHT="83"
                          WIDTH="168"
                          VPOS="285"
                          HPOS="534"
                          CONTENT="praesent"/>
                  <SP HEIGHT="83" WIDTH="14" VPOS="285" HPOS="703"/>
                  <String HEIGHT="83"
                          WIDTH="140"
                          VPOS="285"
                          HPOS="661"
                          CONTENT="plures"/>
                  <SP HEIGHT="83" WIDTH="14" VPOS="285" HPOS="801"/>
                  <String HEIGHT="83"
                          WIDTH="224"
                          VPOS="285"
                          HPOS="759"
                          CONTENT="indulgentias"/>
                  <SP HEIGHT="83" WIDTH="14" VPOS="285" HPOS="983"/>
                  <String HEIGHT="83"
                          WIDTH="182"
                          VPOS="285"
                          HPOS="941"
                          CONTENT="concedere"/>
                  <SP HEIGHT="83" WIDTH="14" VPOS="285" HPOS="1123"/>
                  <String HEIGHT="83" WIDTH="98" VPOS="285" HPOS="1081" CONTENT="aut"/>
                  <SP HEIGHT="83" WIDTH="14" VPOS="285" HPOS="1179"/>
                  <String HEIGHT="83"
                          WIDTH="196"
                          VPOS="285"
                          HPOS="1137"
                          CONTENT="pauciores,"/>
                  <SP HEIGHT="83" WIDTH="14" VPOS="285" HPOS="1333"/>
                  <String HEIGHT="83"
                          WIDTH="140"
                          VPOS="285"
                          HPOS="1291"
                          CONTENT="saluis"/>
                  <SP HEIGHT="83" WIDTH="14" VPOS="285" HPOS="1431"/>
                  <String HEIGHT="83"
                          WIDTH="196"
                          VPOS="285"
                          HPOS="1389"
                          CONTENT="praedictis"/>
                  <SP HEIGHT="83" WIDTH="14" VPOS="285" HPOS="1586"/>
                  <String HEIGHT="83"
                          WIDTH="182"
                          VPOS="285"
                          HPOS="1544"
                          CONTENT="quaetuor:"/>
                  <SP HEIGHT="83" WIDTH="14" VPOS="285" HPOS="1726"/>
                  <String HEIGHT="83" WIDTH="70" VPOS="285" HPOS="1684" CONTENT="&amp;"/>
                  <SP HEIGHT="83" WIDTH="14" VPOS="285" HPOS="1754"/>
                  <String HEIGHT="83" WIDTH="98" VPOS="285" HPOS="1712" CONTENT="sic"/>
                  <SP HEIGHT="83" WIDTH="14" VPOS="285" HPOS="1810"/>
                  <String HEIGHT="83"
                          WIDTH="98"
                          VPOS="285"
                          HPOS="1754"
                          CONTENT="face"
                          SUBS_TYPE="HypPart1"
                          SUBS_CONTENT="facere"/>
                  <HYP CONTENT="-"/>
               </TextLine>
               <TextLine ID="r3l3"
                         BASELINE="422"
                         HEIGHT="65"
                         WIDTH="1680"
                         VPOS="357"
                         HPOS="172">
                  <String HEIGHT="65"
                          WIDTH="79"
                          VPOS="357"
                          HPOS="159"
                          CONTENT="re"
                          SUBS_TYPE="HypPart2"
                          SUBS_CONTENT="facere"/>
                  <SP HEIGHT="65" WIDTH="13" VPOS="357" HPOS="238"/>
                  <String HEIGHT="65"
                          WIDTH="106"
                          VPOS="357"
                          HPOS="198"
                          CONTENT="quod"/>
                  <SP HEIGHT="65" WIDTH="13" VPOS="357" HPOS="304"/>
                  <String HEIGHT="65"
                          WIDTH="212"
                          VPOS="357"
                          HPOS="265"
                          CONTENT="indulgentiae"/>
                  <SP HEIGHT="65" WIDTH="13" VPOS="357" HPOS="476"/>
                  <String HEIGHT="65" WIDTH="93" VPOS="357" HPOS="437" CONTENT="pro"/>
                  <SP HEIGHT="65" WIDTH="13" VPOS="357" HPOS="529"/>
                  <String HEIGHT="65"
                          WIDTH="132"
                          VPOS="357"
                          HPOS="489"
                          CONTENT="aliquo"/>
                  <SP HEIGHT="65" WIDTH="13" VPOS="357" HPOS="622"/>
                  <String HEIGHT="65"
                          WIDTH="119"
                          VPOS="357"
                          HPOS="582"
                          CONTENT="opere"/>
                  <SP HEIGHT="65" WIDTH="13" VPOS="357" HPOS="701"/>
                  <String HEIGHT="65"
                          WIDTH="146"
                          VPOS="357"
                          HPOS="661"
                          CONTENT="valeant"/>
                  <SP HEIGHT="65" WIDTH="13" VPOS="357" HPOS="807"/>
                  <String HEIGHT="65"
                          WIDTH="119"
                          VPOS="357"
                          HPOS="767"
                          CONTENT="pilus"/>
                  <SP HEIGHT="65" WIDTH="13" VPOS="357" HPOS="886"/>
                  <String HEIGHT="65" WIDTH="93" VPOS="357" HPOS="847" CONTENT="vel"/>
                  <SP HEIGHT="65" WIDTH="13" VPOS="357" HPOS="939"/>
                  <String HEIGHT="65"
                          WIDTH="132"
                          VPOS="357"
                          HPOS="900"
                          CONTENT="minus."/>
                  <SP HEIGHT="65" WIDTH="13" VPOS="357" HPOS="1032"/>
                  <String HEIGHT="65" WIDTH="93" VPOS="357" HPOS="992" CONTENT="sed"/>
                  <SP HEIGHT="65" WIDTH="13" VPOS="357" HPOS="1085"/>
                  <String HEIGHT="65" WIDTH="93" VPOS="357" HPOS="1045" CONTENT="non"/>
                  <SP HEIGHT="65" WIDTH="13" VPOS="357" HPOS="1138"/>
                  <String HEIGHT="65"
                          WIDTH="159"
                          VPOS="357"
                          HPOS="1098"
                          CONTENT="praesent"/>
                  <SP HEIGHT="65" WIDTH="13" VPOS="357" HPOS="1257"/>
                  <String HEIGHT="65"
                          WIDTH="106"
                          VPOS="357"
                          HPOS="1217"
                          CONTENT="plus"/>
                  <SP HEIGHT="65" WIDTH="13" VPOS="357" HPOS="1323"/>
                  <String HEIGHT="65"
                          WIDTH="106"
                          VPOS="357"
                          HPOS="1283"
                          CONTENT="quam"/>
                  <SP HEIGHT="65" WIDTH="13" VPOS="357" HPOS="1389"/>
                  <String HEIGHT="65"
                          WIDTH="106"
                          VPOS="357"
                          HPOS="1349"
                          CONTENT="vnum"/>
                  <SP HEIGHT="65" WIDTH="13" VPOS="357" HPOS="1455"/>
                  <String HEIGHT="65"
                          WIDTH="132"
                          VPOS="357"
                          HPOS="1415"
                          CONTENT="corpus"/>
                  <SP HEIGHT="65" WIDTH="13" VPOS="357" HPOS="1548"/>
                  <String HEIGHT="65"
                          WIDTH="146"
                          VPOS="357"
                          HPOS="1508"
                          CONTENT="Christi"/>
                  <SP HEIGHT="65" WIDTH="13" VPOS="357" HPOS="1654"/>
                  <String HEIGHT="65"
                          WIDTH="198"
                          VPOS="357"
                          HPOS="1614"
                          CONTENT="dispensare,"/>
                  <SP HEIGHT="65" WIDTH="13" VPOS="357" HPOS="1812"/>
                  <String HEIGHT="65"
                          WIDTH="93"
                          VPOS="357"
                          HPOS="1759"
                          CONTENT="licet"/>
               </TextLine>
               <TextLine ID="r3l4"
                         BASELINE="466"
                         HEIGHT="58"
                         WIDTH="1683"
                         VPOS="408"
                         HPOS="171">
                  <String HEIGHT="58" WIDTH="107" VPOS="408" HPOS="156" CONTENT="sub"/>
                  <SP HEIGHT="58" WIDTH="15" VPOS="408" HPOS="263"/>
                  <String HEIGHT="58"
                          WIDTH="184"
                          VPOS="408"
                          HPOS="217"
                          CONTENT="pluribus"/>
                  <SP HEIGHT="58" WIDTH="15" VPOS="408" HPOS="401"/>
                  <String HEIGHT="58"
                          WIDTH="199"
                          VPOS="408"
                          HPOS="355"
                          CONTENT="speciebus"/>
                  <SP HEIGHT="58" WIDTH="15" VPOS="408" HPOS="554"/>
                  <String HEIGHT="58"
                          WIDTH="153"
                          VPOS="408"
                          HPOS="508"
                          CONTENT="panis:"/>
                  <SP HEIGHT="58" WIDTH="15" VPOS="408" HPOS="661"/>
                  <String HEIGHT="58" WIDTH="107" VPOS="408" HPOS="615" CONTENT="nec"/>
                  <SP HEIGHT="58" WIDTH="15" VPOS="408" HPOS="722"/>
                  <String HEIGHT="58"
                          WIDTH="138"
                          VPOS="408"
                          HPOS="676"
                          CONTENT="etiam"/>
                  <SP HEIGHT="58" WIDTH="15" VPOS="408" HPOS="814"/>
                  <String HEIGHT="58"
                          WIDTH="168"
                          VPOS="408"
                          HPOS="768"
                          CONTENT="possunt"/>
                  <SP HEIGHT="58" WIDTH="15" VPOS="408" HPOS="936"/>
                  <String HEIGHT="58"
                          WIDTH="153"
                          VPOS="408"
                          HPOS="890"
                          CONTENT="facere"/>
                  <SP HEIGHT="58" WIDTH="15" VPOS="408" HPOS="1043"/>
                  <String HEIGHT="58" WIDTH="92" VPOS="408" HPOS="997" CONTENT="vt"/>
                  <SP HEIGHT="58" WIDTH="15" VPOS="408" HPOS="1089"/>
                  <String HEIGHT="58"
                          WIDTH="199"
                          VPOS="408"
                          HPOS="1043"
                          CONTENT="aliquibus"/>
                  <SP HEIGHT="58" WIDTH="15" VPOS="408" HPOS="1242"/>
                  <String HEIGHT="58" WIDTH="92" VPOS="408" HPOS="1196" CONTENT="in"/>
                  <SP HEIGHT="58" WIDTH="15" VPOS="408" HPOS="1288"/>
                  <String HEIGHT="58"
                          WIDTH="138"
                          VPOS="408"
                          HPOS="1242"
                          CONTENT="eadem"/>
                  <SP HEIGHT="58" WIDTH="15" VPOS="408" HPOS="1380"/>
                  <String HEIGHT="58"
                          WIDTH="245"
                          VPOS="408"
                          HPOS="1334"
                          CONTENT="dispositione"/>
                  <SP HEIGHT="58" WIDTH="15" VPOS="408" HPOS="1579"/>
                  <String HEIGHT="58"
                          WIDTH="214"
                          VPOS="408"
                          HPOS="1533"
                          CONTENT="manentibus"/>
                  <SP HEIGHT="58" WIDTH="15" VPOS="408" HPOS="1747"/>
                  <String HEIGHT="58"
                          WIDTH="122"
                          VPOS="408"
                          HPOS="1701"
                          CONTENT="modo"/>
                  <SP HEIGHT="58" WIDTH="15" VPOS="408" HPOS="1823"/>
                  <String HEIGHT="58"
                          WIDTH="92"
                          VPOS="408"
                          HPOS="1762"
                          CONTENT="plus"/>
               </TextLine>
               <TextLine ID="r3l5"
                         BASELINE="532"
                         HEIGHT="66"
                         WIDTH="1667"
                         VPOS="466"
                         HPOS="180">
                  <String HEIGHT="66"
                          WIDTH="185"
                          VPOS="466"
                          HPOS="163"
                          CONTENT="valeat,"/>
                  <SP HEIGHT="66" WIDTH="17" VPOS="466" HPOS="348"/>
                  <String HEIGHT="66"
                          WIDTH="135"
                          VPOS="466"
                          HPOS="298"
                          CONTENT="modo"/>
                  <SP HEIGHT="66" WIDTH="17" VPOS="466" HPOS="433"/>
                  <String HEIGHT="66"
                          WIDTH="168"
                          VPOS="466"
                          HPOS="382"
                          CONTENT="minus:"/>
                  <SP HEIGHT="66" WIDTH="17" VPOS="466" HPOS="550"/>
                  <String HEIGHT="66"
                          WIDTH="152"
                          VPOS="466"
                          HPOS="500"
                          CONTENT="licet"/>
                  <SP HEIGHT="66" WIDTH="17" VPOS="466" HPOS="651"/>
                  <String HEIGHT="66" WIDTH="118" VPOS="466" HPOS="601" CONTENT="sub"/>
                  <SP HEIGHT="66" WIDTH="17" VPOS="466" HPOS="719"/>
                  <String HEIGHT="66"
                          WIDTH="202"
                          VPOS="466"
                          HPOS="668"
                          CONTENT="pluribus"/>
                  <SP HEIGHT="66" WIDTH="17" VPOS="466" HPOS="870"/>
                  <String HEIGHT="66"
                          WIDTH="219"
                          VPOS="466"
                          HPOS="820"
                          CONTENT="speciebus"/>
                  <SP HEIGHT="66" WIDTH="17" VPOS="466" HPOS="1039"/>
                  <String HEIGHT="66"
                          WIDTH="168"
                          VPOS="466"
                          HPOS="988"
                          CONTENT="panis,"/>
                  <SP HEIGHT="66" WIDTH="17" VPOS="466" HPOS="1157"/>
                  <String HEIGHT="66"
                          WIDTH="118"
                          VPOS="466"
                          HPOS="1106"
                          CONTENT="vel"/>
                  <SP HEIGHT="66" WIDTH="17" VPOS="466" HPOS="1224"/>
                  <String HEIGHT="66"
                          WIDTH="118"
                          VPOS="466"
                          HPOS="1173"
                          CONTENT="sub"/>
                  <SP HEIGHT="66" WIDTH="17" VPOS="466" HPOS="1291"/>
                  <String HEIGHT="66"
                          WIDTH="253"
                          VPOS="466"
                          HPOS="1241"
                          CONTENT="paucioribus"/>
                  <SP HEIGHT="66" WIDTH="17" VPOS="466" HPOS="1493"/>
                  <String HEIGHT="66"
                          WIDTH="185"
                          VPOS="466"
                          HPOS="1443"
                          CONTENT="possint"/>
                  <SP HEIGHT="66" WIDTH="17" VPOS="466" HPOS="1628"/>
                  <String HEIGHT="66"
                          WIDTH="152"
                          VPOS="466"
                          HPOS="1578"
                          CONTENT="illud"/>
                  <SP HEIGHT="66" WIDTH="17" VPOS="466" HPOS="1729"/>
                  <String HEIGHT="66"
                          WIDTH="185"
                          VPOS="466"
                          HPOS="1662"
                          CONTENT="aliquibus"/>
               </TextLine>
               <TextLine ID="r3l6"
                         BASELINE="590"
                         HEIGHT="73"
                         WIDTH="1678"
                         VPOS="517"
                         HPOS="171">
                  <String HEIGHT="73"
                          WIDTH="223"
                          VPOS="517"
                          HPOS="156"
                          CONTENT="ministrare:"/>
                  <SP HEIGHT="73" WIDTH="15" VPOS="517" HPOS="379"/>
                  <String HEIGHT="73"
                          WIDTH="134"
                          VPOS="517"
                          HPOS="334"
                          CONTENT="sicut"/>
                  <SP HEIGHT="73" WIDTH="15" VPOS="517" HPOS="468"/>
                  <String HEIGHT="73"
                          WIDTH="163"
                          VPOS="517"
                          HPOS="423"
                          CONTENT="possunt"/>
                  <SP HEIGHT="73" WIDTH="15" VPOS="517" HPOS="587"/>
                  <String HEIGHT="73"
                          WIDTH="148"
                          VPOS="517"
                          HPOS="542"
                          CONTENT="plures"/>
                  <SP HEIGHT="73" WIDTH="15" VPOS="517" HPOS="691"/>
                  <String HEIGHT="73" WIDTH="104" VPOS="517" HPOS="646" CONTENT="vel"/>
                  <SP HEIGHT="73" WIDTH="15" VPOS="517" HPOS="750"/>
                  <String HEIGHT="73"
                          WIDTH="193"
                          VPOS="517"
                          HPOS="706"
                          CONTENT="pauciores"/>
                  <SP HEIGHT="73" WIDTH="15" VPOS="517" HPOS="899"/>
                  <String HEIGHT="73"
                          WIDTH="238"
                          VPOS="517"
                          HPOS="854"
                          CONTENT="indulgentias"/>
                  <SP HEIGHT="73" WIDTH="15" VPOS="517" HPOS="1092"/>
                  <String HEIGHT="73"
                          WIDTH="104"
                          VPOS="517"
                          HPOS="1047"
                          CONTENT="pro"/>
                  <SP HEIGHT="73" WIDTH="15" VPOS="517" HPOS="1151"/>
                  <String HEIGHT="73"
                          WIDTH="148"
                          VPOS="517"
                          HPOS="1107"
                          CONTENT="aliquo"/>
                  <SP HEIGHT="73" WIDTH="15" VPOS="517" HPOS="1255"/>
                  <String HEIGHT="73"
                          WIDTH="134"
                          VPOS="517"
                          HPOS="1210"
                          CONTENT="opere"/>
                  <SP HEIGHT="73" WIDTH="15" VPOS="517" HPOS="1344"/>
                  <String HEIGHT="73"
                          WIDTH="193"
                          VPOS="517"
                          HPOS="1300"
                          CONTENT="aliquibus"/>
                  <SP HEIGHT="73" WIDTH="15" VPOS="517" HPOS="1493"/>
                  <String HEIGHT="73"
                          WIDTH="193"
                          VPOS="517"
                          HPOS="1448"
                          CONTENT="conferre,"/>
                  <SP HEIGHT="73" WIDTH="15" VPOS="517" HPOS="1641"/>
                  <String HEIGHT="73"
                          WIDTH="104"
                          VPOS="517"
                          HPOS="1597"
                          CONTENT="non"/>
                  <SP HEIGHT="73" WIDTH="15" VPOS="517" HPOS="1701"/>
                  <String HEIGHT="73"
                          WIDTH="134"
                          VPOS="517"
                          HPOS="1656"
                          CONTENT="tamen"/>
                  <SP HEIGHT="73" WIDTH="15" VPOS="517" HPOS="1790"/>
                  <String HEIGHT="73"
                          WIDTH="119"
                          VPOS="517"
                          HPOS="1730"
                          CONTENT="omnino"/>
               </TextLine>
               <TextLine ID="r3l7"
                         BASELINE="645"
                         HEIGHT="69"
                         WIDTH="1674"
                         VPOS="576"
                         HPOS="173">
                  <String HEIGHT="69"
                          WIDTH="109"
                          VPOS="576"
                          HPOS="159"
                          CONTENT="sic."/>
                  <SP HEIGHT="69" WIDTH="14" VPOS="576" HPOS="268"/>
                  <String HEIGHT="69" WIDTH="82" VPOS="576" HPOS="227" CONTENT="eo"/>
                  <SP HEIGHT="69" WIDTH="14" VPOS="576" HPOS="309"/>
                  <String HEIGHT="69"
                          WIDTH="109"
                          VPOS="576"
                          HPOS="268"
                          CONTENT="enim"/>
                  <SP HEIGHT="69" WIDTH="14" VPOS="576" HPOS="377"/>
                  <String HEIGHT="69"
                          WIDTH="109"
                          VPOS="576"
                          HPOS="336"
                          CONTENT="quod"/>
                  <SP HEIGHT="69" WIDTH="14" VPOS="576" HPOS="445"/>
                  <String HEIGHT="69"
                          WIDTH="177"
                          VPOS="576"
                          HPOS="404"
                          CONTENT="operantur"/>
                  <SP HEIGHT="69" WIDTH="14" VPOS="576" HPOS="581"/>
                  <String HEIGHT="69" WIDTH="82" VPOS="576" HPOS="540" CONTENT="in"/>
                  <SP HEIGHT="69" WIDTH="14" VPOS="576" HPOS="622"/>
                  <String HEIGHT="69"
                          WIDTH="231"
                          VPOS="576"
                          HPOS="581"
                          CONTENT="consecratione"/>
                  <SP HEIGHT="69" WIDTH="14" VPOS="576" HPOS="813"/>
                  <String HEIGHT="69" WIDTH="82" VPOS="576" HPOS="772" CONTENT="vi"/>
                  <SP HEIGHT="69" WIDTH="14" VPOS="576" HPOS="853"/>
                  <String HEIGHT="69"
                          WIDTH="163"
                          VPOS="576"
                          HPOS="813"
                          CONTENT="ordinis,"/>
                  <SP HEIGHT="69" WIDTH="14" VPOS="576" HPOS="976"/>
                  <String HEIGHT="69" WIDTH="68" VPOS="576" HPOS="935" CONTENT="&amp;"/>
                  <SP HEIGHT="69" WIDTH="14" VPOS="576" HPOS="1003"/>
                  <String HEIGHT="69"
                          WIDTH="109"
                          VPOS="576"
                          HPOS="962"
                          CONTENT="modo"/>
                  <SP HEIGHT="69" WIDTH="14" VPOS="576" HPOS="1071"/>
                  <String HEIGHT="69"
                          WIDTH="150"
                          VPOS="576"
                          HPOS="1030"
                          CONTENT="naturae"/>
                  <SP HEIGHT="69" WIDTH="14" VPOS="576" HPOS="1180"/>
                  <String HEIGHT="69"
                          WIDTH="163"
                          VPOS="576"
                          HPOS="1139"
                          CONTENT="secundum"/>
                  <SP HEIGHT="69" WIDTH="14" VPOS="576" HPOS="1303"/>
                  <String HEIGHT="69"
                          WIDTH="191"
                          VPOS="576"
                          HPOS="1262"
                          CONTENT="praedicta,"/>
                  <SP HEIGHT="69" WIDTH="14" VPOS="576" HPOS="1452"/>
                  <String HEIGHT="69" WIDTH="82" VPOS="576" HPOS="1411" CONTENT="in"/>
                  <SP HEIGHT="69" WIDTH="14" VPOS="576" HPOS="1493"/>
                  <String HEIGHT="69" WIDTH="95" VPOS="576" HPOS="1452" CONTENT="tot"/>
                  <SP HEIGHT="69" WIDTH="14" VPOS="576" HPOS="1548"/>
                  <String HEIGHT="69"
                          WIDTH="163"
                          VPOS="576"
                          HPOS="1507"
                          CONTENT="specibus"/>
                  <SP HEIGHT="69" WIDTH="14" VPOS="576" HPOS="1670"/>
                  <String HEIGHT="69"
                          WIDTH="191"
                          VPOS="576"
                          HPOS="1629"
                          CONTENT="consecrare"/>
                  <SP HEIGHT="69" WIDTH="14" VPOS="576" HPOS="1820"/>
                  <String HEIGHT="69"
                          WIDTH="82"
                          VPOS="576"
                          HPOS="1765"
                          CONTENT="pos"
                          SUBS_TYPE="HypPart1"
                          SUBS_CONTENT="possunt,"/>
                  <HYP CONTENT="-"/>
               </TextLine>
               <TextLine ID="r3l8"
                         BASELINE="685"
                         HEIGHT="59"
                         WIDTH="1671"
                         VPOS="626"
                         HPOS="174">
                  <String HEIGHT="59"
                          WIDTH="129"
                          VPOS="626"
                          HPOS="160"
                          CONTENT="sunt,"
                          SUBS_TYPE="HypPart2"
                          SUBS_CONTENT="possunt,"/>
                  <SP HEIGHT="59" WIDTH="14" VPOS="626" HPOS="288"/>
                  <String HEIGHT="59"
                          WIDTH="114"
                          VPOS="626"
                          HPOS="245"
                          CONTENT="quot"/>
                  <SP HEIGHT="59" WIDTH="14" VPOS="626" HPOS="360"/>
                  <String HEIGHT="59" WIDTH="100" VPOS="626" HPOS="317" CONTENT="eis"/>
                  <SP HEIGHT="59" WIDTH="14" VPOS="626" HPOS="417"/>
                  <String HEIGHT="59"
                          WIDTH="229"
                          VPOS="626"
                          HPOS="374"
                          CONTENT="proponuntur,"/>
                  <SP HEIGHT="59" WIDTH="14" VPOS="626" HPOS="602"/>
                  <String HEIGHT="59" WIDTH="71" VPOS="626" HPOS="560" CONTENT="&amp;"/>
                  <SP HEIGHT="59" WIDTH="14" VPOS="626" HPOS="631"/>
                  <String HEIGHT="59"
                          WIDTH="214"
                          VPOS="626"
                          HPOS="588"
                          CONTENT="consecratum"/>
                  <SP HEIGHT="59" WIDTH="14" VPOS="626" HPOS="802"/>
                  <String HEIGHT="59"
                          WIDTH="143"
                          VPOS="626"
                          HPOS="760"
                          CONTENT="populo"/>
                  <SP HEIGHT="59" WIDTH="14" VPOS="626" HPOS="902"/>
                  <String HEIGHT="59"
                          WIDTH="214"
                          VPOS="626"
                          HPOS="860"
                          CONTENT="ministrare:"/>
                  <SP HEIGHT="59" WIDTH="14" VPOS="626" HPOS="1074"/>
                  <String HEIGHT="59"
                          WIDTH="186"
                          VPOS="626"
                          HPOS="1031"
                          CONTENT="operantur"/>
                  <SP HEIGHT="59" WIDTH="14" VPOS="626" HPOS="1217"/>
                  <String HEIGHT="59"
                          WIDTH="129"
                          VPOS="626"
                          HPOS="1174"
                          CONTENT="autem"/>
                  <SP HEIGHT="59" WIDTH="14" VPOS="626" HPOS="1302"/>
                  <String HEIGHT="59" WIDTH="86" VPOS="626" HPOS="1259" CONTENT="in"/>
                  <SP HEIGHT="59" WIDTH="14" VPOS="626" HPOS="1345"/>
                  <String HEIGHT="59"
                          WIDTH="257"
                          VPOS="626"
                          HPOS="1302"
                          CONTENT="indulgentiarum"/>
                  <SP HEIGHT="59" WIDTH="14" VPOS="626" HPOS="1559"/>
                  <String HEIGHT="59"
                          WIDTH="243"
                          VPOS="626"
                          HPOS="1517"
                          CONTENT="dispensatione"/>
                  <SP HEIGHT="59" WIDTH="14" VPOS="626" HPOS="1759"/>
                  <String HEIGHT="59"
                          WIDTH="114"
                          VPOS="626"
                          HPOS="1716"
                          CONTENT="modo"/>
                  <SP HEIGHT="59" WIDTH="14" VPOS="626" HPOS="1831"/>
                  <String HEIGHT="59"
                          WIDTH="71"
                          VPOS="626"
                          HPOS="1774"
                          CONTENT="li"
                          SUBS_TYPE="HypPart1"
                          SUBS_CONTENT="liberi"/>
                  <HYP CONTENT="-"/>
               </TextLine>
               <TextLine ID="r3l9"
                         BASELINE="753"
                         HEIGHT="76"
                         WIDTH="1667"
                         VPOS="677"
                         HPOS="176">
                  <String HEIGHT="76"
                          WIDTH="108"
                          VPOS="677"
                          HPOS="162"
                          CONTENT="beri"
                          SUBS_TYPE="HypPart2"
                          SUBS_CONTENT="liberi"/>
                  <SP HEIGHT="76" WIDTH="14" VPOS="677" HPOS="271"/>
                  <String HEIGHT="76"
                          WIDTH="176"
                          VPOS="677"
                          HPOS="230"
                          CONTENT="arbitrii."/>
                  <SP HEIGHT="76" WIDTH="14" VPOS="677" HPOS="406"/>
                  <String HEIGHT="76"
                          WIDTH="163"
                          VPOS="677"
                          HPOS="366"
                          CONTENT="secundum"/>
                  <SP HEIGHT="76" WIDTH="14" VPOS="677" HPOS="528"/>
                  <String HEIGHT="76"
                          WIDTH="149"
                          VPOS="677"
                          HPOS="488"
                          CONTENT="regulam"/>
                  <SP HEIGHT="76" WIDTH="14" VPOS="677" HPOS="637"/>
                  <String HEIGHT="76"
                          WIDTH="136"
                          VPOS="677"
                          HPOS="596"
                          CONTENT="rectae"/>
                  <SP HEIGHT="76" WIDTH="14" VPOS="677" HPOS="732"/>
                  <String HEIGHT="76"
                          WIDTH="176"
                          VPOS="677"
                          HPOS="691"
                          CONTENT="rationis,"/>
                  <SP HEIGHT="76" WIDTH="14" VPOS="677" HPOS="867"/>
                  <String HEIGHT="76"
                          WIDTH="108"
                          VPOS="677"
                          HPOS="827"
                          CONTENT="quae"/>
                  <SP HEIGHT="76" WIDTH="14" VPOS="677" HPOS="935"/>
                  <String HEIGHT="76" WIDTH="95" VPOS="677" HPOS="894" CONTENT="non"/>
                  <SP HEIGHT="76" WIDTH="14" VPOS="677" HPOS="989"/>
                  <String HEIGHT="76"
                          WIDTH="122"
                          VPOS="677"
                          HPOS="949"
                          CONTENT="sinit"/>
                  <SP HEIGHT="76" WIDTH="14" VPOS="677" HPOS="1070"/>
                  <String HEIGHT="76"
                          WIDTH="108"
                          VPOS="677"
                          HPOS="1030"
                          CONTENT="quod"/>
                  <SP HEIGHT="76" WIDTH="14" VPOS="677" HPOS="1138"/>
                  <String HEIGHT="76"
                          WIDTH="136"
                          VPOS="677"
                          HPOS="1098"
                          CONTENT="tantum"/>
                  <SP HEIGHT="76" WIDTH="14" VPOS="677" HPOS="1233"/>
                  <String HEIGHT="76"
                          WIDTH="244"
                          VPOS="677"
                          HPOS="1192"
                          CONTENT="indulgentiarum"/>
                  <SP HEIGHT="76" WIDTH="14" VPOS="677" HPOS="1436"/>
                  <String HEIGHT="76"
                          WIDTH="190"
                          VPOS="677"
                          HPOS="1396"
                          CONTENT="dispensare"/>
                  <SP HEIGHT="76" WIDTH="14" VPOS="677" HPOS="1585"/>
                  <String HEIGHT="76"
                          WIDTH="149"
                          VPOS="677"
                          HPOS="1545"
                          CONTENT="possunt"/>
                  <SP HEIGHT="76" WIDTH="14" VPOS="677" HPOS="1694"/>
                  <String HEIGHT="76"
                          WIDTH="149"
                          VPOS="677"
                          HPOS="1653"
                          CONTENT="quantum"/>
                  <SP HEIGHT="76" WIDTH="14" VPOS="677" HPOS="1802"/>
                  <String HEIGHT="76"
                          WIDTH="95"
                          VPOS="677"
                          HPOS="1748"
                          CONTENT="velle"/>
               </TextLine>
               <TextLine ID="r3l10"
                         BASELINE="805"
                         HEIGHT="74"
                         WIDTH="1674"
                         VPOS="731"
                         HPOS="174">
                  <String HEIGHT="74"
                          WIDTH="152"
                          VPOS="731"
                          HPOS="160"
                          CONTENT="possent"/>
                  <SP HEIGHT="74" WIDTH="14" VPOS="731" HPOS="312"/>
                  <String HEIGHT="74"
                          WIDTH="138"
                          VPOS="731"
                          HPOS="271"
                          CONTENT="absque"/>
                  <SP HEIGHT="74" WIDTH="14" VPOS="731" HPOS="409"/>
                  <String HEIGHT="74"
                          WIDTH="138"
                          VPOS="731"
                          HPOS="368"
                          CONTENT="regula"/>
                  <SP HEIGHT="74" WIDTH="14" VPOS="731" HPOS="506"/>
                  <String HEIGHT="74"
                          WIDTH="180"
                          VPOS="731"
                          HPOS="465"
                          CONTENT="rationis,"/>
                  <SP HEIGHT="74" WIDTH="14" VPOS="731" HPOS="644"/>
                  <String HEIGHT="74" WIDTH="83" VPOS="731" HPOS="603" CONTENT="vt"/>
                  <SP HEIGHT="74" WIDTH="14" VPOS="731" HPOS="686"/>
                  <String HEIGHT="74"
                          WIDTH="125"
                          VPOS="731"
                          HPOS="644"
                          CONTENT="patet"/>
                  <SP HEIGHT="74" WIDTH="14" VPOS="731" HPOS="769"/>
                  <String HEIGHT="74" WIDTH="83" VPOS="731" HPOS="727" CONTENT="ex"/>
                  <SP HEIGHT="74" WIDTH="14" VPOS="731" HPOS="810"/>
                  <String HEIGHT="74"
                          WIDTH="152"
                          VPOS="731"
                          HPOS="769"
                          CONTENT="dictis."/>
                  <SP HEIGHT="74" WIDTH="14" VPOS="731" HPOS="921"/>
                  <String HEIGHT="74" WIDTH="83" VPOS="731" HPOS="880" CONTENT="Et"/>
                  <SP HEIGHT="74" WIDTH="14" VPOS="731" HPOS="963"/>
                  <String HEIGHT="74" WIDTH="97" VPOS="731" HPOS="921" CONTENT="sic"/>
                  <SP HEIGHT="74" WIDTH="14" VPOS="731" HPOS="1018"/>
                  <String HEIGHT="74" WIDTH="97" VPOS="731" HPOS="976" CONTENT="non"/>
                  <SP HEIGHT="74" WIDTH="14" VPOS="731" HPOS="1073"/>
                  <String HEIGHT="74" WIDTH="97" VPOS="731" HPOS="1032" CONTENT="est"/>
                  <SP HEIGHT="74" WIDTH="14" VPOS="731" HPOS="1129"/>
                  <String HEIGHT="74"
                          WIDTH="138"
                          VPOS="731"
                          HPOS="1087"
                          CONTENT="simile"/>
                  <SP HEIGHT="74" WIDTH="14" VPOS="731" HPOS="1225"/>
                  <String HEIGHT="74" WIDTH="83" VPOS="731" HPOS="1184" CONTENT="de"/>
                  <SP HEIGHT="74" WIDTH="14" VPOS="731" HPOS="1267"/>
                  <String HEIGHT="74"
                          WIDTH="235"
                          VPOS="731"
                          HPOS="1225"
                          CONTENT="dispensatione"/>
                  <SP HEIGHT="74" WIDTH="14" VPOS="731" HPOS="1461"/>
                  <String HEIGHT="74"
                          WIDTH="166"
                          VPOS="731"
                          HPOS="1419"
                          CONTENT="secundum"/>
                  <SP HEIGHT="74" WIDTH="14" VPOS="731" HPOS="1585"/>
                  <String HEIGHT="74"
                          WIDTH="152"
                          VPOS="731"
                          HPOS="1544"
                          CONTENT="quantum"/>
                  <SP HEIGHT="74" WIDTH="14" VPOS="731" HPOS="1696"/>
                  <String HEIGHT="74"
                          WIDTH="166"
                          VPOS="731"
                          HPOS="1654"
                          CONTENT="corporis"/>
                  <SP HEIGHT="74" WIDTH="14" VPOS="731" HPOS="1820"/>
                  <String HEIGHT="74"
                          WIDTH="83"
                          VPOS="731"
                          HPOS="1765"
                          CONTENT="Chri"/>
               </TextLine>
               <TextLine ID="r3l11"
                         BASELINE="853"
                         HEIGHT="62"
                         WIDTH="1667"
                         VPOS="791"
                         HPOS="174">
                  <String HEIGHT="62"
                          WIDTH="115"
                          VPOS="791"
                          HPOS="160"
                          CONTENT="sti,"/>
                  <SP HEIGHT="62" WIDTH="14" VPOS="791" HPOS="275"/>
                  <String HEIGHT="62" WIDTH="72" VPOS="791" HPOS="231" CONTENT="&amp;"/>
                  <SP HEIGHT="62" WIDTH="14" VPOS="791" HPOS="303"/>
                  <String HEIGHT="62"
                          WIDTH="273"
                          VPOS="791"
                          HPOS="260"
                          CONTENT="indulgentiarum:"/>
                  <SP HEIGHT="62" WIDTH="14" VPOS="791" HPOS="533"/>
                  <String HEIGHT="62" WIDTH="86" VPOS="791" HPOS="490" CONTENT="si"/>
                  <SP HEIGHT="62" WIDTH="14" VPOS="791" HPOS="576"/>
                  <String HEIGHT="62"
                          WIDTH="129"
                          VPOS="791"
                          HPOS="533"
                          CONTENT="tamen"/>
                  <SP HEIGHT="62" WIDTH="14" VPOS="791" HPOS="663"/>
                  <String HEIGHT="62"
                          WIDTH="144"
                          VPOS="791"
                          HPOS="619"
                          CONTENT="tantum"/>
                  <SP HEIGHT="62" WIDTH="14" VPOS="791" HPOS="763"/>
                  <String HEIGHT="62" WIDTH="72" VPOS="791" HPOS="720" CONTENT="&amp;"/>
                  <SP HEIGHT="62" WIDTH="14" VPOS="791" HPOS="792"/>
                  <String HEIGHT="62" WIDTH="86" VPOS="791" HPOS="749" CONTENT="in"/>
                  <SP HEIGHT="62" WIDTH="14" VPOS="791" HPOS="835"/>
                  <String HEIGHT="62"
                          WIDTH="129"
                          VPOS="791"
                          HPOS="792"
                          CONTENT="tanta"/>
                  <SP HEIGHT="62" WIDTH="14" VPOS="791" HPOS="921"/>
                  <String HEIGHT="62"
                          WIDTH="216"
                          VPOS="791"
                          HPOS="878"
                          CONTENT="quantitate,"/>
                  <SP HEIGHT="62" WIDTH="14" VPOS="791" HPOS="1094"/>
                  <String HEIGHT="62" WIDTH="72" VPOS="791" HPOS="1051" CONTENT="&amp;"/>
                  <SP HEIGHT="62" WIDTH="14" VPOS="791" HPOS="1122"/>
                  <String HEIGHT="62" WIDTH="86" VPOS="791" HPOS="1079" CONTENT="in"/>
                  <SP HEIGHT="62" WIDTH="14" VPOS="791" HPOS="1166"/>
                  <String HEIGHT="62"
                          WIDTH="101"
                          VPOS="791"
                          HPOS="1122"
                          CONTENT="tot"/>
                  <SP HEIGHT="62" WIDTH="14" VPOS="791" HPOS="1223"/>
                  <String HEIGHT="62"
                          WIDTH="187"
                          VPOS="791"
                          HPOS="1180"
                          CONTENT="speciebus"/>
                  <SP HEIGHT="62" WIDTH="14" VPOS="791" HPOS="1367"/>
                  <String HEIGHT="62"
                          WIDTH="129"
                          VPOS="791"
                          HPOS="1324"
                          CONTENT="panis"/>
                  <SP HEIGHT="62" WIDTH="14" VPOS="791" HPOS="1453"/>
                  <String HEIGHT="62"
                          WIDTH="158"
                          VPOS="791"
                          HPOS="1410"
                          CONTENT="quantum"/>
                  <SP HEIGHT="62" WIDTH="14" VPOS="791" HPOS="1568"/>
                  <String HEIGHT="62"
                          WIDTH="158"
                          VPOS="791"
                          HPOS="1525"
                          CONTENT="vellent"/>
                  <SP HEIGHT="62" WIDTH="14" VPOS="791" HPOS="1683"/>
                  <String HEIGHT="62"
                          WIDTH="129"
                          VPOS="791"
                          HPOS="1640"
                          CONTENT="vltra"/>
                  <SP HEIGHT="62" WIDTH="14" VPOS="791" HPOS="1769"/>
                  <String HEIGHT="62"
                          WIDTH="115"
                          VPOS="791"
                          HPOS="1726"
                          CONTENT="vsum"/>
                  <SP HEIGHT="62" WIDTH="14" VPOS="791" HPOS="1841"/>
                  <String HEIGHT="62" WIDTH="57" VPOS="791" HPOS="1784" CONTENT="ne"/>
               </TextLine>
               <TextLine ID="r3l12"
                         BASELINE="918"
                         HEIGHT="74"
                         WIDTH="1674"
                         VPOS="844"
                         HPOS="166">
                  <String HEIGHT="74"
                          WIDTH="189"
                          VPOS="844"
                          HPOS="151"
                          CONTENT="cessarium"/>
                  <SP HEIGHT="74" WIDTH="15" VPOS="844" HPOS="341"/>
                  <String HEIGHT="74" WIDTH="73" VPOS="844" HPOS="297" CONTENT="&amp;"/>
                  <SP HEIGHT="74" WIDTH="15" VPOS="844" HPOS="370"/>
                  <String HEIGHT="74"
                          WIDTH="175"
                          VPOS="844"
                          HPOS="326"
                          CONTENT="honestum"/>
                  <SP HEIGHT="74" WIDTH="15" VPOS="844" HPOS="501"/>
                  <String HEIGHT="74"
                          WIDTH="189"
                          VPOS="844"
                          HPOS="457"
                          CONTENT="ecclesiae"/>
                  <SP HEIGHT="74" WIDTH="15" VPOS="844" HPOS="646"/>
                  <String HEIGHT="74"
                          WIDTH="146"
                          VPOS="844"
                          HPOS="603"
                          CONTENT="corpus"/>
                  <SP HEIGHT="74" WIDTH="15" VPOS="844" HPOS="748"/>
                  <String HEIGHT="74"
                          WIDTH="160"
                          VPOS="844"
                          HPOS="705"
                          CONTENT="Christi"/>
                  <SP HEIGHT="74" WIDTH="15" VPOS="844" HPOS="865"/>
                  <String HEIGHT="74"
                          WIDTH="204"
                          VPOS="844"
                          HPOS="821"
                          CONTENT="consecrare"/>
                  <SP HEIGHT="74" WIDTH="15" VPOS="844" HPOS="1025"/>
                  <String HEIGHT="74" WIDTH="73" VPOS="844" HPOS="981" CONTENT="&amp;"/>
                  <SP HEIGHT="74" WIDTH="15" VPOS="844" HPOS="1054"/>
                  <String HEIGHT="74"
                          WIDTH="204"
                          VPOS="844"
                          HPOS="1010"
                          CONTENT="ministrare"/>
                  <SP HEIGHT="74" WIDTH="15" VPOS="844" HPOS="1214"/>
                  <String HEIGHT="74"
                          WIDTH="175"
                          VPOS="844"
                          HPOS="1170"
                          CONTENT="possent:"/>
                  <SP HEIGHT="74" WIDTH="15" VPOS="844" HPOS="1345"/>
                  <String HEIGHT="74"
                          WIDTH="116"
                          VPOS="844"
                          HPOS="1301"
                          CONTENT="quod"/>
                  <SP HEIGHT="74" WIDTH="15" VPOS="844" HPOS="1418"/>
                  <String HEIGHT="74"
                          WIDTH="247"
                          VPOS="844"
                          HPOS="1374"
                          CONTENT="aliquinegant."/>
                  <SP HEIGHT="74" WIDTH="15" VPOS="844" HPOS="1622"/>
                  <String HEIGHT="74"
                          WIDTH="116"
                          VPOS="844"
                          HPOS="1578"
                          CONTENT="Quia"/>
                  <SP HEIGHT="74" WIDTH="15" VPOS="844" HPOS="1694"/>
                  <String HEIGHT="74" WIDTH="87" VPOS="844" HPOS="1651" CONTENT="si"/>
                  <SP HEIGHT="74" WIDTH="15" VPOS="844" HPOS="1738"/>
                  <String HEIGHT="74"
                          WIDTH="131"
                          VPOS="844"
                          HPOS="1694"
                          CONTENT="illud"/>
                  <SP HEIGHT="74" WIDTH="15" VPOS="844" HPOS="1825"/>
                  <String HEIGHT="74" WIDTH="73" VPOS="844" HPOS="1767" CONTENT="non"/>
               </TextLine>
               <TextLine ID="r3l13"
                         BASELINE="968"
                         HEIGHT="74"
                         WIDTH="1671"
                         VPOS="894"
                         HPOS="175">
                  <String HEIGHT="74"
                          WIDTH="173"
                          VPOS="894"
                          HPOS="161"
                          CONTENT="praesent"/>
                  <SP HEIGHT="74" WIDTH="14" VPOS="894" HPOS="333"/>
                  <String HEIGHT="74"
                          WIDTH="130"
                          VPOS="894"
                          HPOS="290"
                          CONTENT="circa"/>
                  <SP HEIGHT="74" WIDTH="14" VPOS="894" HPOS="420"/>
                  <String HEIGHT="74"
                          WIDTH="144"
                          VPOS="894"
                          HPOS="377"
                          CONTENT="corpus"/>
                  <SP HEIGHT="74" WIDTH="14" VPOS="894" HPOS="521"/>
                  <String HEIGHT="74"
                          WIDTH="173"
                          VPOS="894"
                          HPOS="478"
                          CONTENT="Christi:"/>
                  <SP HEIGHT="74" WIDTH="14" VPOS="894" HPOS="650"/>
                  <String HEIGHT="74"
                          WIDTH="144"
                          VPOS="894"
                          HPOS="607"
                          CONTENT="falsum"/>
                  <SP HEIGHT="74" WIDTH="14" VPOS="894" HPOS="751"/>
                  <String HEIGHT="74" WIDTH="101" VPOS="894" HPOS="708" CONTENT="est"/>
                  <SP HEIGHT="74" WIDTH="14" VPOS="894" HPOS="809"/>
                  <String HEIGHT="74"
                          WIDTH="115"
                          VPOS="894"
                          HPOS="766"
                          CONTENT="ergo"/>
                  <SP HEIGHT="74" WIDTH="14" VPOS="894" HPOS="881"/>
                  <String HEIGHT="74"
                          WIDTH="144"
                          VPOS="894"
                          HPOS="838"
                          CONTENT="medium"/>
                  <SP HEIGHT="74" WIDTH="14" VPOS="894" HPOS="982"/>
                  <String HEIGHT="74"
                          WIDTH="187"
                          VPOS="894"
                          HPOS="938"
                          CONTENT="assumptum"/>
                  <SP HEIGHT="74" WIDTH="14" VPOS="894" HPOS="1126"/>
                  <String HEIGHT="74" WIDTH="86" VPOS="894" HPOS="1083" CONTENT="in"/>
                  <SP HEIGHT="74" WIDTH="14" VPOS="894" HPOS="1169"/>
                  <String HEIGHT="74"
                          WIDTH="187"
                          VPOS="894"
                          HPOS="1126"
                          CONTENT="argumente"/>
                  <SP HEIGHT="74" WIDTH="14" VPOS="894" HPOS="1313"/>
                  <String HEIGHT="74"
                          WIDTH="173"
                          VPOS="894"
                          HPOS="1270"
                          CONTENT="scilicet"/>
                  <SP HEIGHT="74" WIDTH="14" VPOS="894" HPOS="1443"/>
                  <String HEIGHT="74"
                          WIDTH="115"
                          VPOS="894"
                          HPOS="1399"
                          CONTENT="quod"/>
                  <SP HEIGHT="74" WIDTH="14" VPOS="894" HPOS="1515"/>
                  <String HEIGHT="74"
                          WIDTH="158"
                          VPOS="894"
                          HPOS="1471"
                          CONTENT="possunt"/>
                  <SP HEIGHT="74" WIDTH="14" VPOS="894" HPOS="1630"/>
                  <String HEIGHT="74"
                          WIDTH="202"
                          VPOS="894"
                          HPOS="1587"
                          CONTENT="dispensare"/>
                  <SP HEIGHT="74" WIDTH="14" VPOS="894" HPOS="1788"/>
                  <String HEIGHT="74"
                          WIDTH="115"
                          VPOS="894"
                          HPOS="1731"
                          CONTENT="corpus"/>
               </TextLine>
               <TextLine ID="r3l14"
                         BASELINE="1020"
                         HEIGHT="67"
                         WIDTH="1659"
                         VPOS="953"
                         HPOS="175">
                  <String HEIGHT="67"
                          WIDTH="160"
                          VPOS="953"
                          HPOS="160"
                          CONTENT="Christi"/>
                  <SP HEIGHT="67" WIDTH="15" VPOS="953" HPOS="321"/>
                  <String HEIGHT="67" WIDTH="87" VPOS="953" HPOS="277" CONTENT="in"/>
                  <SP HEIGHT="67" WIDTH="15" VPOS="953" HPOS="364"/>
                  <String HEIGHT="67"
                          WIDTH="204"
                          VPOS="953"
                          HPOS="321"
                          CONTENT="sacramento"/>
                  <SP HEIGHT="67" WIDTH="15" VPOS="953" HPOS="524"/>
                  <String HEIGHT="67"
                          WIDTH="160"
                          VPOS="953"
                          HPOS="481"
                          CONTENT="quantum"/>
                  <SP HEIGHT="67" WIDTH="15" VPOS="953" HPOS="641"/>
                  <String HEIGHT="67"
                          WIDTH="160"
                          VPOS="953"
                          HPOS="597"
                          CONTENT="volunt,"/>
                  <SP HEIGHT="67" WIDTH="15" VPOS="953" HPOS="757"/>
                  <String HEIGHT="67"
                          WIDTH="131"
                          VPOS="953"
                          HPOS="713"
                          CONTENT="sicut"/>
                  <SP HEIGHT="67" WIDTH="15" VPOS="953" HPOS="844"/>
                  <String HEIGHT="67"
                          WIDTH="146"
                          VPOS="953"
                          HPOS="801"
                          CONTENT="falsum"/>
                  <SP HEIGHT="67" WIDTH="15" VPOS="953" HPOS="946"/>
                  <String HEIGHT="67" WIDTH="102" VPOS="953" HPOS="903" CONTENT="est"/>
                  <SP HEIGHT="67" WIDTH="15" VPOS="953" HPOS="1005"/>
                  <String HEIGHT="67"
                          WIDTH="116"
                          VPOS="953"
                          HPOS="961"
                          CONTENT="quod"/>
                  <SP HEIGHT="67" WIDTH="15" VPOS="953" HPOS="1077"/>
                  <String HEIGHT="67"
                          WIDTH="160"
                          VPOS="953"
                          HPOS="1034"
                          CONTENT="possunt"/>
                  <SP HEIGHT="67" WIDTH="15" VPOS="953" HPOS="1194"/>
                  <String HEIGHT="67"
                          WIDTH="204"
                          VPOS="953"
                          HPOS="1150"
                          CONTENT="dispensare"/>
                  <SP HEIGHT="67" WIDTH="15" VPOS="953" HPOS="1354"/>
                  <String HEIGHT="67"
                          WIDTH="233"
                          VPOS="953"
                          HPOS="1310"
                          CONTENT="indulgentias"/>
                  <SP HEIGHT="67" WIDTH="15" VPOS="953" HPOS="1543"/>
                  <String HEIGHT="67"
                          WIDTH="160"
                          VPOS="953"
                          HPOS="1499"
                          CONTENT="quantum"/>
                  <SP HEIGHT="67" WIDTH="15" VPOS="953" HPOS="1659"/>
                  <String HEIGHT="67"
                          WIDTH="146"
                          VPOS="953"
                          HPOS="1616"
                          CONTENT="volunt"/>
                  <SP HEIGHT="67" WIDTH="15" VPOS="953" HPOS="1761"/>
                  <String HEIGHT="67"
                          WIDTH="146"
                          VPOS="953"
                          HPOS="1718"
                          CONTENT="absque"/>
                  <SP HEIGHT="67" WIDTH="15" VPOS="953" HPOS="1863"/>
                  <String HEIGHT="67" WIDTH="29" VPOS="953" HPOS="1805" CONTENT=""/>
               </TextLine>
               <TextLine ID="r3l16"
                         BASELINE="1083"
                         HEIGHT="78"
                         WIDTH="1701"
                         VPOS="1005"
                         HPOS="138">
                  <String HEIGHT="78" WIDTH="66" VPOS="1005" HPOS="125" CONTENT="E"/>
                  <SP HEIGHT="78" WIDTH="13" VPOS="1005" HPOS="191"/>
                  <String HEIGHT="78"
                          WIDTH="198"
                          VPOS="1005"
                          HPOS="151"
                          CONTENT="rationabili"/>
                  <SP HEIGHT="78" WIDTH="13" VPOS="1005" HPOS="349"/>
                  <String HEIGHT="78"
                          WIDTH="132"
                          VPOS="1005"
                          HPOS="309"
                          CONTENT="cauam,"/>
                  <SP HEIGHT="78" WIDTH="13" VPOS="1005" HPOS="441"/>
                  <String HEIGHT="78"
                          WIDTH="105"
                          VPOS="1005"
                          HPOS="402"
                          CONTENT="quod"/>
                  <SP HEIGHT="78" WIDTH="13" VPOS="1005" HPOS="507"/>
                  <String HEIGHT="78"
                          WIDTH="145"
                          VPOS="1005"
                          HPOS="468"
                          CONTENT="nititur"/>
                  <SP HEIGHT="78" WIDTH="13" VPOS="1005" HPOS="613"/>
                  <String HEIGHT="78"
                          WIDTH="145"
                          VPOS="1005"
                          HPOS="573"
                          CONTENT="probare"/>
                  <SP HEIGHT="78" WIDTH="13" VPOS="1005" HPOS="718"/>
                  <String HEIGHT="78"
                          WIDTH="198"
                          VPOS="1005"
                          HPOS="679"
                          CONTENT="argumentum,"/>
                  <SP HEIGHT="78" WIDTH="13" VPOS="1005" HPOS="876"/>
                  <String HEIGHT="78" WIDTH="92" VPOS="1005" HPOS="837" CONTENT="sed"/>
                  <SP HEIGHT="78" WIDTH="13" VPOS="1005" HPOS="929"/>
                  <String HEIGHT="78" WIDTH="92" VPOS="1005" HPOS="890" CONTENT="non"/>
                  <SP HEIGHT="78" WIDTH="13" VPOS="1005" HPOS="982"/>
                  <String HEIGHT="78"
                          WIDTH="145"
                          VPOS="1005"
                          HPOS="942"
                          CONTENT="potest."/>
                  <SP HEIGHT="78" WIDTH="13" VPOS="1005" HPOS="1087"/>
                  <String HEIGHT="78" WIDTH="79" VPOS="1005" HPOS="1048" CONTENT="AD"/>
                  <SP HEIGHT="78" WIDTH="13" VPOS="1005" HPOS="1127"/>
                  <String HEIGHT="78"
                          WIDTH="171"
                          VPOS="1005"
                          HPOS="1087"
                          CONTENT="secundum:"/>
                  <SP HEIGHT="78" WIDTH="13" VPOS="1005" HPOS="1259"/>
                  <String HEIGHT="78"
                          WIDTH="105"
                          VPOS="1005"
                          HPOS="1219"
                          CONTENT="quod"/>
                  <SP HEIGHT="78" WIDTH="13" VPOS="1005" HPOS="1325"/>
                  <String HEIGHT="78"
                          WIDTH="105"
                          VPOS="1005"
                          HPOS="1285"
                          CONTENT="deus"/>
                  <SP HEIGHT="78" WIDTH="13" VPOS="1005" HPOS="1391"/>
                  <String HEIGHT="78"
                          WIDTH="92"
                          VPOS="1005"
                          HPOS="1351"
                          CONTENT="non"/>
                  <SP HEIGHT="78" WIDTH="13" VPOS="1005" HPOS="1443"/>
                  <String HEIGHT="78"
                          WIDTH="158"
                          VPOS="1005"
                          HPOS="1404"
                          CONTENT="acceptat"/>
                  <SP HEIGHT="78" WIDTH="13" VPOS="1005" HPOS="1562"/>
                  <String HEIGHT="78"
                          WIDTH="119"
                          VPOS="1005"
                          HPOS="1523"
                          CONTENT="facta"/>
                  <SP HEIGHT="78" WIDTH="13" VPOS="1005" HPOS="1641"/>
                  <String HEIGHT="78"
                          WIDTH="211"
                          VPOS="1005"
                          HPOS="1602"
                          CONTENT="praelatorum,"/>
                  <SP HEIGHT="78" WIDTH="13" VPOS="1005" HPOS="1813"/>
                  <String HEIGHT="78"
                          WIDTH="79"
                          VPOS="1005"
                          HPOS="1760"
                          CONTENT="nisi"/>
               </TextLine>
               <TextLine ID="r3l17"
                         BASELINE="1128"
                         HEIGHT="69"
                         WIDTH="1676"
                         VPOS="1059"
                         HPOS="165">
                  <String HEIGHT="69"
                          WIDTH="165"
                          VPOS="1059"
                          HPOS="151"
                          CONTENT="secundum"/>
                  <SP HEIGHT="69" WIDTH="14" VPOS="1059" HPOS="316"/>
                  <String HEIGHT="69"
                          WIDTH="192"
                          VPOS="1059"
                          HPOS="275"
                          CONTENT="iustitiam,"/>
                  <SP HEIGHT="69" WIDTH="14" VPOS="1059" HPOS="467"/>
                  <String HEIGHT="69"
                          WIDTH="110"
                          VPOS="1059"
                          HPOS="426"
                          CONTENT="quia"/>
                  <SP HEIGHT="69" WIDTH="14" VPOS="1059" HPOS="536"/>
                  <String HEIGHT="69" WIDTH="96" VPOS="1059" HPOS="495" CONTENT="non"/>
                  <SP HEIGHT="69" WIDTH="14" VPOS="1059" HPOS="591"/>
                  <String HEIGHT="69"
                          WIDTH="137"
                          VPOS="1059"
                          HPOS="550"
                          CONTENT="placet"/>
                  <SP HEIGHT="69" WIDTH="14" VPOS="1059" HPOS="687"/>
                  <String HEIGHT="69" WIDTH="82" VPOS="1059" HPOS="646" CONTENT="ei"/>
                  <SP HEIGHT="69" WIDTH="14" VPOS="1059" HPOS="728"/>
                  <String HEIGHT="69"
                          WIDTH="110"
                          VPOS="1059"
                          HPOS="687"
                          CONTENT="nisi"/>
                  <SP HEIGHT="69" WIDTH="14" VPOS="1059" HPOS="797"/>
                  <String HEIGHT="69"
                          WIDTH="151"
                          VPOS="1059"
                          HPOS="756"
                          CONTENT="iustum:"/>
                  <SP HEIGHT="69" WIDTH="14" VPOS="1059" HPOS="907"/>
                  <String HEIGHT="69" WIDTH="96" VPOS="1059" HPOS="866" CONTENT="non"/>
                  <SP HEIGHT="69" WIDTH="14" VPOS="1059" HPOS="962"/>
                  <String HEIGHT="69" WIDTH="96" VPOS="1059" HPOS="921" CONTENT="est"/>
                  <SP HEIGHT="69" WIDTH="14" VPOS="1059" HPOS="1017"/>
                  <String HEIGHT="69"
                          WIDTH="124"
                          VPOS="1059"
                          HPOS="976"
                          CONTENT="autem"/>
                  <SP HEIGHT="69" WIDTH="14" VPOS="1059" HPOS="1099"/>
                  <String HEIGHT="69"
                          WIDTH="165"
                          VPOS="1059"
                          HPOS="1058"
                          CONTENT="iustitia"/>
                  <SP HEIGHT="69" WIDTH="14" VPOS="1059" HPOS="1223"/>
                  <String HEIGHT="69"
                          WIDTH="110"
                          VPOS="1059"
                          HPOS="1182"
                          CONTENT="quod"/>
                  <SP HEIGHT="69" WIDTH="14" VPOS="1059" HPOS="1291"/>
                  <String HEIGHT="69"
                          WIDTH="192"
                          VPOS="1059"
                          HPOS="1250"
                          CONTENT="aequaliter"/>
                  <SP HEIGHT="69" WIDTH="14" VPOS="1059" HPOS="1443"/>
                  <String HEIGHT="69"
                          WIDTH="151"
                          VPOS="1059"
                          HPOS="1401"
                          CONTENT="valeant"/>
                  <SP HEIGHT="69" WIDTH="14" VPOS="1059" HPOS="1553"/>
                  <String HEIGHT="69"
                          WIDTH="179"
                          VPOS="1059"
                          HPOS="1511"
                          CONTENT="singulis,"/>
                  <SP HEIGHT="69" WIDTH="14" VPOS="1059" HPOS="1690"/>
                  <String HEIGHT="69"
                          WIDTH="110"
                          VPOS="1059"
                          HPOS="1649"
                          CONTENT="quod"/>
                  <SP HEIGHT="69" WIDTH="14" VPOS="1059" HPOS="1759"/>
                  <String HEIGHT="69"
                          WIDTH="124"
                          VPOS="1059"
                          HPOS="1717"
                          CONTENT="esset"/>
                  <SP HEIGHT="69" WIDTH="14" VPOS="1059" HPOS="1841"/>
                  <String HEIGHT="69" WIDTH="55" VPOS="1059" HPOS="1786" CONTENT="si"/>
               </TextLine>
               <TextLine ID="r3l18"
                         BASELINE="1183"
                         HEIGHT="68"
                         WIDTH="1653"
                         VPOS="1115"
                         HPOS="175">
                  <String HEIGHT="68"
                          WIDTH="143"
                          VPOS="1115"
                          HPOS="161"
                          CONTENT="passim"/>
                  <SP HEIGHT="68" WIDTH="14" VPOS="1115" HPOS="303"/>
                  <String HEIGHT="68"
                          WIDTH="143"
                          VPOS="1115"
                          HPOS="261"
                          CONTENT="tantum"/>
                  <SP HEIGHT="68" WIDTH="14" VPOS="1115" HPOS="403"/>
                  <String HEIGHT="68"
                          WIDTH="171"
                          VPOS="1115"
                          HPOS="360"
                          CONTENT="valerent"/>
                  <SP HEIGHT="68" WIDTH="14" VPOS="1115" HPOS="531"/>
                  <String HEIGHT="68"
                          WIDTH="157"
                          VPOS="1115"
                          HPOS="489"
                          CONTENT="quantum"/>
                  <SP HEIGHT="68" WIDTH="14" VPOS="1115" HPOS="645"/>
                  <String HEIGHT="68"
                          WIDTH="157"
                          VPOS="1115"
                          HPOS="603"
                          CONTENT="sonant:"/>
                  <SP HEIGHT="68" WIDTH="14" VPOS="1115" HPOS="759"/>
                  <String HEIGHT="68"
                          WIDTH="100"
                          VPOS="1115"
                          HPOS="717"
                          CONTENT="non"/>
                  <SP HEIGHT="68" WIDTH="14" VPOS="1115" HPOS="816"/>
                  <String HEIGHT="68"
                          WIDTH="114"
                          VPOS="1115"
                          HPOS="774"
                          CONTENT="ergo"/>
                  <SP HEIGHT="68" WIDTH="14" VPOS="1115" HPOS="888"/>
                  <String HEIGHT="68"
                          WIDTH="143"
                          VPOS="1115"
                          HPOS="845"
                          CONTENT="tantum"/>
                  <SP HEIGHT="68" WIDTH="14" VPOS="1115" HPOS="987"/>
                  <String HEIGHT="68"
                          WIDTH="143"
                          VPOS="1115"
                          HPOS="945"
                          CONTENT="valent"/>
                  <SP HEIGHT="68" WIDTH="14" VPOS="1115" HPOS="1087"/>
                  <String HEIGHT="68"
                          WIDTH="157"
                          VPOS="1115"
                          HPOS="1044"
                          CONTENT="quantum"/>
                  <SP HEIGHT="68" WIDTH="14" VPOS="1115" HPOS="1201"/>
                  <String HEIGHT="68"
                          WIDTH="157"
                          VPOS="1115"
                          HPOS="1158"
                          CONTENT="sonant:"/>
                  <SP HEIGHT="68" WIDTH="14" VPOS="1115" HPOS="1315"/>
                  <String HEIGHT="68"
                          WIDTH="114"
                          VPOS="1115"
                          HPOS="1272"
                          CONTENT="Dico"/>
                  <SP HEIGHT="68" WIDTH="14" VPOS="1115" HPOS="1386"/>
                  <String HEIGHT="68"
                          WIDTH="114"
                          VPOS="1115"
                          HPOS="1344"
                          CONTENT="quod"/>
                  <SP HEIGHT="68" WIDTH="14" VPOS="1115" HPOS="1458"/>
                  <String HEIGHT="68" WIDTH="86" VPOS="1115" HPOS="1415" CONTENT="in"/>
                  <SP HEIGHT="68" WIDTH="14" VPOS="1115" HPOS="1500"/>
                  <String HEIGHT="68"
                          WIDTH="228"
                          VPOS="1115"
                          HPOS="1458"
                          CONTENT="dispensandis"/>
                  <SP HEIGHT="68" WIDTH="14" VPOS="1115" HPOS="1686"/>
                  <String HEIGHT="68"
                          WIDTH="200"
                          VPOS="1115"
                          HPOS="1629"
                          CONTENT="indulgentiis"/>
               </TextLine>
               <TextLine ID="r3l20"
                         BASELINE="1238"
                         HEIGHT="60"
                         WIDTH="1663"
                         VPOS="1178"
                         HPOS="172">
                  <String HEIGHT="60"
                          WIDTH="112"
                          VPOS="1178"
                          HPOS="158"
                          CONTENT="pont"/>
                  <SP HEIGHT="60" WIDTH="14" VPOS="1178" HPOS="270"/>
                  <String HEIGHT="60"
                          WIDTH="210"
                          VPOS="1178"
                          HPOS="228"
                          CONTENT="considerari"/>
                  <SP HEIGHT="60" WIDTH="14" VPOS="1178" HPOS="438"/>
                  <String HEIGHT="60"
                          WIDTH="168"
                          VPOS="1178"
                          HPOS="396"
                          CONTENT="iustitia"/>
                  <SP HEIGHT="60" WIDTH="14" VPOS="1178" HPOS="563"/>
                  <String HEIGHT="60"
                          WIDTH="154"
                          VPOS="1178"
                          HPOS="521"
                          CONTENT="duplex,"/>
                  <SP HEIGHT="60" WIDTH="14" VPOS="1178" HPOS="675"/>
                  <String HEIGHT="60" WIDTH="70" VPOS="1178" HPOS="633" CONTENT="&amp;"/>
                  <SP HEIGHT="60" WIDTH="14" VPOS="1178" HPOS="703"/>
                  <String HEIGHT="60"
                          WIDTH="168"
                          VPOS="1178"
                          HPOS="661"
                          CONTENT="secundum"/>
                  <SP HEIGHT="60" WIDTH="14" VPOS="1178" HPOS="829"/>
                  <String HEIGHT="60"
                          WIDTH="168"
                          VPOS="1178"
                          HPOS="787"
                          CONTENT="vtramque"/>
                  <SP HEIGHT="60" WIDTH="14" VPOS="1178" HPOS="955"/>
                  <String HEIGHT="60"
                          WIDTH="140"
                          VPOS="1178"
                          HPOS="913"
                          CONTENT="potest"/>
                  <SP HEIGHT="60" WIDTH="14" VPOS="1178" HPOS="1052"/>
                  <String HEIGHT="60"
                          WIDTH="126"
                          VPOS="1178"
                          HPOS="1010"
                          CONTENT="earum"/>
                  <SP HEIGHT="60" WIDTH="14" VPOS="1178" HPOS="1136"/>
                  <String HEIGHT="60"
                          WIDTH="210"
                          VPOS="1178"
                          HPOS="1094"
                          CONTENT="dispensatio"/>
                  <SP HEIGHT="60" WIDTH="14" VPOS="1178" HPOS="1304"/>
                  <String HEIGHT="60"
                          WIDTH="182"
                          VPOS="1178"
                          HPOS="1262"
                          CONTENT="moderari."/>
                  <SP HEIGHT="60" WIDTH="14" VPOS="1178" HPOS="1444"/>
                  <String HEIGHT="60"
                          WIDTH="98"
                          VPOS="1178"
                          HPOS="1402"
                          CONTENT="Est"/>
                  <SP HEIGHT="60" WIDTH="14" VPOS="1178" HPOS="1500"/>
                  <String HEIGHT="60"
                          WIDTH="112"
                          VPOS="1178"
                          HPOS="1458"
                          CONTENT="enim"/>
                  <SP HEIGHT="60" WIDTH="14" VPOS="1178" HPOS="1569"/>
                  <String HEIGHT="60" WIDTH="84" VPOS="1178" HPOS="1528" CONTENT="in"/>
                  <SP HEIGHT="60" WIDTH="14" VPOS="1178" HPOS="1611"/>
                  <String HEIGHT="60"
                          WIDTH="224"
                          VPOS="1178"
                          HPOS="1569"
                          CONTENT="dispensandis"/>
                  <SP HEIGHT="60" WIDTH="14" VPOS="1178" HPOS="1793"/>
                  <String HEIGHT="60"
                          WIDTH="98"
                          VPOS="1178"
                          HPOS="1737"
                          CONTENT="illis"/>
               </TextLine>
               <TextLine ID="r3l22"
                         BASELINE="1290"
                         HEIGHT="67"
                         WIDTH="1659"
                         VPOS="1223"
                         HPOS="167">
                  <String HEIGHT="67"
                          WIDTH="146"
                          VPOS="1223"
                          HPOS="154"
                          CONTENT="quaedam"/>
                  <SP HEIGHT="67" WIDTH="13" VPOS="1223" HPOS="300"/>
                  <String HEIGHT="67"
                          WIDTH="159"
                          VPOS="1223"
                          HPOS="260"
                          CONTENT="iustitia"/>
                  <SP HEIGHT="67" WIDTH="13" VPOS="1223" HPOS="419"/>
                  <String HEIGHT="67"
                          WIDTH="226"
                          VPOS="1223"
                          HPOS="379"
                          CONTENT="consideranda:"/>
                  <SP HEIGHT="67" WIDTH="13" VPOS="1223" HPOS="605"/>
                  <String HEIGHT="67"
                          WIDTH="106"
                          VPOS="1223"
                          HPOS="565"
                          CONTENT="quam"/>
                  <SP HEIGHT="67" WIDTH="13" VPOS="1223" HPOS="671"/>
                  <String HEIGHT="67"
                          WIDTH="133"
                          VPOS="1223"
                          HPOS="632"
                          CONTENT="iustum"/>
                  <SP HEIGHT="67" WIDTH="13" VPOS="1223" HPOS="764"/>
                  <String HEIGHT="67" WIDTH="93" VPOS="1223" HPOS="724" CONTENT="est"/>
                  <SP HEIGHT="67" WIDTH="13" VPOS="1223" HPOS="817"/>
                  <String HEIGHT="67"
                          WIDTH="106"
                          VPOS="1223"
                          HPOS="778"
                          CONTENT="quod"/>
                  <SP HEIGHT="67" WIDTH="13" VPOS="1223" HPOS="884"/>
                  <String HEIGHT="67"
                          WIDTH="119"
                          VPOS="1223"
                          HPOS="844"
                          CONTENT="illas"/>
                  <SP HEIGHT="67" WIDTH="13" VPOS="1223" HPOS="963"/>
                  <String HEIGHT="67"
                          WIDTH="173"
                          VPOS="1223"
                          HPOS="924"
                          CONTENT="praelatus"/>
                  <SP HEIGHT="67" WIDTH="13" VPOS="1223" HPOS="1096"/>
                  <String HEIGHT="67"
                          WIDTH="93"
                          VPOS="1223"
                          HPOS="1056"
                          CONTENT="pro"/>
                  <SP HEIGHT="67" WIDTH="13" VPOS="1223" HPOS="1149"/>
                  <String HEIGHT="67"
                          WIDTH="106"
                          VPOS="1223"
                          HPOS="1109"
                          CONTENT="loco"/>
                  <SP HEIGHT="67" WIDTH="13" VPOS="1223" HPOS="1215"/>
                  <String HEIGHT="67" WIDTH="66" VPOS="1223" HPOS="1176" CONTENT="&amp;"/>
                  <SP HEIGHT="67" WIDTH="13" VPOS="1223" HPOS="1242"/>
                  <String HEIGHT="67"
                          WIDTH="146"
                          VPOS="1223"
                          HPOS="1202"
                          CONTENT="tempore"/>
                  <SP HEIGHT="67" WIDTH="13" VPOS="1223" HPOS="1348"/>
                  <String HEIGHT="67"
                          WIDTH="186"
                          VPOS="1223"
                          HPOS="1308"
                          CONTENT="dispenset:"/>
                  <SP HEIGHT="67" WIDTH="13" VPOS="1223" HPOS="1494"/>
                  <String HEIGHT="67" WIDTH="80" VPOS="1223" HPOS="1454" CONTENT="vt"/>
                  <SP HEIGHT="67" WIDTH="13" VPOS="1223" HPOS="1534"/>
                  <String HEIGHT="67"
                          WIDTH="119"
                          VPOS="1223"
                          HPOS="1494"
                          CONTENT="honor"/>
                  <SP HEIGHT="67" WIDTH="13" VPOS="1223" HPOS="1614"/>
                  <String HEIGHT="67"
                          WIDTH="93"
                          VPOS="1223"
                          HPOS="1574"
                          CONTENT="dei"/>
                  <SP HEIGHT="67" WIDTH="13" VPOS="1223" HPOS="1667"/>
                  <String HEIGHT="67" WIDTH="66" VPOS="1223" HPOS="1627" CONTENT="&amp;"/>
                  <SP HEIGHT="67" WIDTH="13" VPOS="1223" HPOS="1693"/>
                  <String HEIGHT="67"
                          WIDTH="173"
                          VPOS="1223"
                          HPOS="1653"
                          CONTENT="profectus"/>
                  <SP HEIGHT="67" WIDTH="13" VPOS="1223" HPOS="1826"/>
                  <String HEIGHT="67" WIDTH="53" VPOS="1223" HPOS="1773" CONTENT="ec"/>
               </TextLine>
               <TextLine ID="r3l24"
                         BASELINE="1343"
                         HEIGHT="66"
                         WIDTH="1669"
                         VPOS="1277"
                         HPOS="170">
                  <String HEIGHT="66"
                          WIDTH="142"
                          VPOS="1277"
                          HPOS="157"
                          CONTENT="clesiae"/>
                  <SP HEIGHT="66" WIDTH="13" VPOS="1277" HPOS="299"/>
                  <String HEIGHT="66" WIDTH="91" VPOS="1277" HPOS="261" CONTENT="per"/>
                  <SP HEIGHT="66" WIDTH="13" VPOS="1277" HPOS="351"/>
                  <String HEIGHT="66"
                          WIDTH="142"
                          VPOS="1277"
                          HPOS="312"
                          CONTENT="illarum"/>
                  <SP HEIGHT="66" WIDTH="13" VPOS="1277" HPOS="455"/>
                  <String HEIGHT="66"
                          WIDTH="233"
                          VPOS="1277"
                          HPOS="416"
                          CONTENT="dispensationem"/>
                  <SP HEIGHT="66" WIDTH="13" VPOS="1277" HPOS="649"/>
                  <String HEIGHT="66"
                          WIDTH="207"
                          VPOS="1277"
                          HPOS="610"
                          CONTENT="procurentur."/>
                  <SP HEIGHT="66" WIDTH="13" VPOS="1277" HPOS="817"/>
                  <String HEIGHT="66"
                          WIDTH="104"
                          VPOS="1277"
                          HPOS="778"
                          CONTENT="quia"/>
                  <SP HEIGHT="66" WIDTH="13" VPOS="1277" HPOS="882"/>
                  <String HEIGHT="66" WIDTH="78" VPOS="1277" HPOS="843" CONTENT="si"/>
                  <SP HEIGHT="66" WIDTH="13" VPOS="1277" HPOS="920"/>
                  <String HEIGHT="66"
                          WIDTH="168"
                          VPOS="1277"
                          HPOS="882"
                          CONTENT="quandoque"/>
                  <SP HEIGHT="66" WIDTH="13" VPOS="1277" HPOS="1050"/>
                  <String HEIGHT="66"
                          WIDTH="91"
                          VPOS="1277"
                          HPOS="1011"
                          CONTENT="non"/>
                  <SP HEIGHT="66" WIDTH="13" VPOS="1277" HPOS="1102"/>
                  <String HEIGHT="66"
                          WIDTH="91"
                          VPOS="1277"
                          HPOS="1063"
                          CONTENT="pro"/>
                  <SP HEIGHT="66" WIDTH="13" VPOS="1277" HPOS="1153"/>
                  <String HEIGHT="66"
                          WIDTH="104"
                          VPOS="1277"
                          HPOS="1114"
                          CONTENT="loco"/>
                  <SP HEIGHT="66" WIDTH="13" VPOS="1277" HPOS="1218"/>
                  <String HEIGHT="66" WIDTH="65" VPOS="1277" HPOS="1179" CONTENT="&amp;"/>
                  <SP HEIGHT="66" WIDTH="13" VPOS="1277" HPOS="1244"/>
                  <String HEIGHT="66"
                          WIDTH="142"
                          VPOS="1277"
                          HPOS="1205"
                          CONTENT="tempore"/>
                  <SP HEIGHT="66" WIDTH="13" VPOS="1277" HPOS="1347"/>
                  <String HEIGHT="66"
                          WIDTH="116"
                          VPOS="1277"
                          HPOS="1309"
                          CONTENT="illas"/>
                  <SP HEIGHT="66" WIDTH="13" VPOS="1277" HPOS="1425"/>
                  <String HEIGHT="66"
                          WIDTH="207"
                          VPOS="1277"
                          HPOS="1386"
                          CONTENT="dispensaret,"/>
                  <SP HEIGHT="66" WIDTH="13" VPOS="1277" HPOS="1593"/>
                  <String HEIGHT="66"
                          WIDTH="91"
                          VPOS="1277"
                          HPOS="1554"
                          CONTENT="aut"/>
                  <SP HEIGHT="66" WIDTH="13" VPOS="1277" HPOS="1645"/>
                  <String HEIGHT="66"
                          WIDTH="91"
                          VPOS="1277"
                          HPOS="1606"
                          CONTENT="non"/>
                  <SP HEIGHT="66" WIDTH="13" VPOS="1277" HPOS="1697"/>
                  <String HEIGHT="66"
                          WIDTH="129"
                          VPOS="1277"
                          HPOS="1658"
                          CONTENT="tantas"/>
                  <SP HEIGHT="66" WIDTH="13" VPOS="1277" HPOS="1787"/>
                  <String HEIGHT="66"
                          WIDTH="104"
                          VPOS="1277"
                          HPOS="1735"
                          CONTENT="dispem"/>
               </TextLine>
               <TextLine ID="line_1586802683609_6136"
                         BASELINE="1400"
                         HEIGHT="75"
                         WIDTH="1697"
                         VPOS="1325"
                         HPOS="162">
                  <String HEIGHT="75"
                          WIDTH="131"
                          VPOS="1325"
                          HPOS="147"
                          CONTENT="saret"/>
                  <SP HEIGHT="75" WIDTH="15" VPOS="1325" HPOS="278"/>
                  <String HEIGHT="75"
                          WIDTH="116"
                          VPOS="1325"
                          HPOS="235"
                          CONTENT="quod"/>
                  <SP HEIGHT="75" WIDTH="15" VPOS="1325" HPOS="351"/>
                  <String HEIGHT="75"
                          WIDTH="131"
                          VPOS="1325"
                          HPOS="307"
                          CONTENT="honor"/>
                  <SP HEIGHT="75" WIDTH="15" VPOS="1325" HPOS="438"/>
                  <String HEIGHT="75"
                          WIDTH="102"
                          VPOS="1325"
                          HPOS="394"
                          CONTENT="dei"/>
                  <SP HEIGHT="75" WIDTH="15" VPOS="1325" HPOS="496"/>
                  <String HEIGHT="75" WIDTH="73" VPOS="1325" HPOS="452" CONTENT="&amp;"/>
                  <SP HEIGHT="75" WIDTH="15" VPOS="1325" HPOS="525"/>
                  <String HEIGHT="75"
                          WIDTH="189"
                          VPOS="1325"
                          HPOS="481"
                          CONTENT="profectus"/>
                  <SP HEIGHT="75" WIDTH="15" VPOS="1325" HPOS="670"/>
                  <String HEIGHT="75"
                          WIDTH="189"
                          VPOS="1325"
                          HPOS="626"
                          CONTENT="ecclesiae"/>
                  <SP HEIGHT="75" WIDTH="15" VPOS="1325" HPOS="815"/>
                  <String HEIGHT="75"
                          WIDTH="218"
                          VPOS="1325"
                          HPOS="771"
                          CONTENT="dispensando"/>
                  <SP HEIGHT="75" WIDTH="15" VPOS="1325" HPOS="989"/>
                  <String HEIGHT="75"
                          WIDTH="131"
                          VPOS="1325"
                          HPOS="945"
                          CONTENT="illas"/>
                  <SP HEIGHT="75" WIDTH="15" VPOS="1325" HPOS="1076"/>
                  <String HEIGHT="75"
                          WIDTH="189"
                          VPOS="1325"
                          HPOS="1032"
                          CONTENT="procurari"/>
                  <SP HEIGHT="75" WIDTH="15" VPOS="1325" HPOS="1221"/>
                  <String HEIGHT="75"
                          WIDTH="174"
                          VPOS="1325"
                          HPOS="1177"
                          CONTENT="possent,"/>
                  <SP HEIGHT="75" WIDTH="15" VPOS="1325" HPOS="1351"/>
                  <String HEIGHT="75"
                          WIDTH="102"
                          VPOS="1325"
                          HPOS="1308"
                          CONTENT="non"/>
                  <SP HEIGHT="75" WIDTH="15" VPOS="1325" HPOS="1409"/>
                  <String HEIGHT="75"
                          WIDTH="232"
                          VPOS="1325"
                          HPOS="1366"
                          CONTENT="dispensando,"/>
                  <SP HEIGHT="75" WIDTH="15" VPOS="1325" HPOS="1598"/>
                  <String HEIGHT="75"
                          WIDTH="102"
                          VPOS="1325"
                          HPOS="1554"
                          CONTENT="aut"/>
                  <SP HEIGHT="75" WIDTH="15" VPOS="1325" HPOS="1656"/>
                  <String HEIGHT="75"
                          WIDTH="102"
                          VPOS="1325"
                          HPOS="1612"
                          CONTENT="non"/>
                  <SP HEIGHT="75" WIDTH="15" VPOS="1325" HPOS="1714"/>
                  <String HEIGHT="75"
                          WIDTH="145"
                          VPOS="1325"
                          HPOS="1670"
                          CONTENT="tantas"/>
                  <SP HEIGHT="75" WIDTH="15" VPOS="1325" HPOS="1815"/>
                  <String HEIGHT="75"
                          WIDTH="102"
                          VPOS="1325"
                          HPOS="1772"
                          CONTENT="dis"/>
                  <SP HEIGHT="75" WIDTH="15" VPOS="1325" HPOS="1874"/>
                  <String HEIGHT="75" WIDTH="44" VPOS="1325" HPOS="1815" CONTENT="g"/>
               </TextLine>
               <TextLine ID="r3l26"
                         BASELINE="1453"
                         HEIGHT="65"
                         WIDTH="1682"
                         VPOS="1388"
                         HPOS="166">
                  <String HEIGHT="65"
                          WIDTH="190"
                          VPOS="1388"
                          HPOS="151"
                          CONTENT="pensando,"/>
                  <SP HEIGHT="65" WIDTH="15" VPOS="1388" HPOS="342"/>
                  <String HEIGHT="65"
                          WIDTH="102"
                          VPOS="1388"
                          HPOS="298"
                          CONTENT="sed"/>
                  <SP HEIGHT="65" WIDTH="15" VPOS="1388" HPOS="400"/>
                  <String HEIGHT="65"
                          WIDTH="176"
                          VPOS="1388"
                          HPOS="356"
                          CONTENT="minores,"/>
                  <SP HEIGHT="65" WIDTH="15" VPOS="1388" HPOS="532"/>
                  <String HEIGHT="65"
                          WIDTH="102"
                          VPOS="1388"
                          HPOS="488"
                          CONTENT="aut"/>
                  <SP HEIGHT="65" WIDTH="15" VPOS="1388" HPOS="590"/>
                  <String HEIGHT="65"
                          WIDTH="102"
                          VPOS="1388"
                          HPOS="546"
                          CONTENT="non"/>
                  <SP HEIGHT="65" WIDTH="15" VPOS="1388" HPOS="649"/>
                  <String HEIGHT="65"
                          WIDTH="249"
                          VPOS="1388"
                          HPOS="605"
                          CONTENT="procuraretur,"/>
                  <SP HEIGHT="65" WIDTH="15" VPOS="1388" HPOS="853"/>
                  <String HEIGHT="65"
                          WIDTH="102"
                          VPOS="1388"
                          HPOS="810"
                          CONTENT="aut"/>
                  <SP HEIGHT="65" WIDTH="15" VPOS="1388" HPOS="912"/>
                  <String HEIGHT="65"
                          WIDTH="102"
                          VPOS="1388"
                          HPOS="868"
                          CONTENT="non"/>
                  <SP HEIGHT="65" WIDTH="15" VPOS="1388" HPOS="970"/>
                  <String HEIGHT="65"
                          WIDTH="176"
                          VPOS="1388"
                          HPOS="927"
                          CONTENT="intantum"/>
                  <SP HEIGHT="65" WIDTH="15" VPOS="1388" HPOS="1102"/>
                  <String HEIGHT="65"
                          WIDTH="249"
                          VPOS="1388"
                          HPOS="1058"
                          CONTENT="procuraretur:"/>
                  <SP HEIGHT="65" WIDTH="15" VPOS="1388" HPOS="1307"/>
                  <String HEIGHT="65"
                          WIDTH="161"
                          VPOS="1388"
                          HPOS="1263"
                          CONTENT="quantum"/>
                  <SP HEIGHT="65" WIDTH="15" VPOS="1388" HPOS="1424"/>
                  <String HEIGHT="65" WIDTH="88" VPOS="1388" HPOS="1380" CONTENT="si"/>
                  <SP HEIGHT="65" WIDTH="15" VPOS="1388" HPOS="1468"/>
                  <String HEIGHT="65"
                          WIDTH="190"
                          VPOS="1388"
                          HPOS="1424"
                          CONTENT="ampliores"/>
                  <SP HEIGHT="65" WIDTH="15" VPOS="1388" HPOS="1614"/>
                  <String HEIGHT="65"
                          WIDTH="234"
                          VPOS="1388"
                          HPOS="1570"
                          CONTENT="dispensaret:"/>
                  <SP HEIGHT="65" WIDTH="15" VPOS="1388" HPOS="1804"/>
                  <String HEIGHT="65"
                          WIDTH="117"
                          VPOS="1388"
                          HPOS="1760"
                          CONTENT="quid"/>
                  <SP HEIGHT="65" WIDTH="15" VPOS="1388" HPOS="1877"/>
                  <String HEIGHT="65" WIDTH="29" VPOS="1388" HPOS="1819" CONTENT=""/>
               </TextLine>
               <TextLine ID="r3l27"
                         BASELINE="1507"
                         HEIGHT="65"
                         WIDTH="1684"
                         VPOS="1442"
                         HPOS="165">
                  <String HEIGHT="65"
                          WIDTH="145"
                          VPOS="1442"
                          HPOS="152"
                          CONTENT="iniquum"/>
                  <SP HEIGHT="65" WIDTH="13" VPOS="1442" HPOS="297"/>
                  <String HEIGHT="65" WIDTH="66" VPOS="1442" HPOS="257" CONTENT="&amp;"/>
                  <SP HEIGHT="65" WIDTH="13" VPOS="1442" HPOS="323"/>
                  <String HEIGHT="65"
                          WIDTH="158"
                          VPOS="1442"
                          HPOS="283"
                          CONTENT="iniustum"/>
                  <SP HEIGHT="65" WIDTH="13" VPOS="1442" HPOS="441"/>
                  <String HEIGHT="65"
                          WIDTH="132"
                          VPOS="1442"
                          HPOS="402"
                          CONTENT="esset,"/>
                  <SP HEIGHT="65" WIDTH="13" VPOS="1442" HPOS="533"/>
                  <String HEIGHT="65" WIDTH="66" VPOS="1442" HPOS="494" CONTENT="&amp;"/>
                  <SP HEIGHT="65" WIDTH="13" VPOS="1442" HPOS="560"/>
                  <String HEIGHT="65"
                          WIDTH="158"
                          VPOS="1442"
                          HPOS="520"
                          CONTENT="peccaret"/>
                  <SP HEIGHT="65" WIDTH="13" VPOS="1442" HPOS="678"/>
                  <String HEIGHT="65"
                          WIDTH="184"
                          VPOS="1442"
                          HPOS="639"
                          CONTENT="praelatus,"/>
                  <SP HEIGHT="65" WIDTH="13" VPOS="1442" HPOS="823"/>
                  <String HEIGHT="65" WIDTH="92" VPOS="1442" HPOS="783" CONTENT="non"/>
                  <SP HEIGHT="65" WIDTH="13" VPOS="1442" HPOS="875"/>
                  <String HEIGHT="65"
                          WIDTH="184"
                          VPOS="1442"
                          HPOS="836"
                          CONTENT="dispensans"/>
                  <SP HEIGHT="65" WIDTH="13" VPOS="1442" HPOS="1020"/>
                  <String HEIGHT="65"
                          WIDTH="118"
                          VPOS="1442"
                          HPOS="981"
                          CONTENT="illas"/>
                  <SP HEIGHT="65" WIDTH="13" VPOS="1442" HPOS="1099"/>
                  <String HEIGHT="65"
                          WIDTH="92"
                          VPOS="1442"
                          HPOS="1060"
                          CONTENT="aut"/>
                  <SP HEIGHT="65" WIDTH="13" VPOS="1442" HPOS="1152"/>
                  <String HEIGHT="65"
                          WIDTH="92"
                          VPOS="1442"
                          HPOS="1112"
                          CONTENT="non"/>
                  <SP HEIGHT="65" WIDTH="13" VPOS="1442" HPOS="1204"/>
                  <String HEIGHT="65"
                          WIDTH="145"
                          VPOS="1442"
                          HPOS="1165"
                          CONTENT="tantas:"/>
                  <SP HEIGHT="65" WIDTH="13" VPOS="1442" HPOS="1310"/>
                  <String HEIGHT="65"
                          WIDTH="145"
                          VPOS="1442"
                          HPOS="1270"
                          CONTENT="econtra"/>
                  <SP HEIGHT="65" WIDTH="13" VPOS="1442" HPOS="1415"/>
                  <String HEIGHT="65" WIDTH="79" VPOS="1442" HPOS="1375" CONTENT="si"/>
                  <SP HEIGHT="65" WIDTH="13" VPOS="1442" HPOS="1454"/>
                  <String HEIGHT="65"
                          WIDTH="184"
                          VPOS="1442"
                          HPOS="1415"
                          CONTENT="quanidoque"/>
                  <SP HEIGHT="65" WIDTH="13" VPOS="1442" HPOS="1599"/>
                  <String HEIGHT="65"
                          WIDTH="92"
                          VPOS="1442"
                          HPOS="1560"
                          CONTENT="pro"/>
                  <SP HEIGHT="65" WIDTH="13" VPOS="1442" HPOS="1652"/>
                  <String HEIGHT="65"
                          WIDTH="105"
                          VPOS="1442"
                          HPOS="1612"
                          CONTENT="loco"/>
                  <SP HEIGHT="65" WIDTH="13" VPOS="1442" HPOS="1717"/>
                  <String HEIGHT="65" WIDTH="66" VPOS="1442" HPOS="1678" CONTENT="&amp;"/>
                  <SP HEIGHT="65" WIDTH="13" VPOS="1442" HPOS="1744"/>
                  <String HEIGHT="65"
                          WIDTH="145"
                          VPOS="1442"
                          HPOS="1704"
                          CONTENT="tempore"/>
                  <SP HEIGHT="65" WIDTH="13" VPOS="1442" HPOS="1849"/>
                  <String HEIGHT="65" WIDTH="53" VPOS="1442" HPOS="1796" CONTENT="il"/>
               </TextLine>
               <TextLine ID="r3l28"
                         BASELINE="1564"
                         HEIGHT="71"
                         WIDTH="1669"
                         VPOS="1493"
                         HPOS="169">
                  <String HEIGHT="71"
                          WIDTH="100"
                          VPOS="1493"
                          HPOS="155"
                          CONTENT="las"/>
                  <SP HEIGHT="71" WIDTH="14" VPOS="1493" HPOS="255"/>
                  <String HEIGHT="71"
                          WIDTH="228"
                          VPOS="1493"
                          HPOS="212"
                          CONTENT="dispensaret,"/>
                  <SP HEIGHT="71" WIDTH="14" VPOS="1493" HPOS="440"/>
                  <String HEIGHT="71"
                          WIDTH="100"
                          VPOS="1493"
                          HPOS="397"
                          CONTENT="aut"/>
                  <SP HEIGHT="71" WIDTH="14" VPOS="1493" HPOS="497"/>
                  <String HEIGHT="71"
                          WIDTH="157"
                          VPOS="1493"
                          HPOS="454"
                          CONTENT="tantas,"/>
                  <SP HEIGHT="71" WIDTH="14" VPOS="1493" HPOS="611"/>
                  <String HEIGHT="71"
                          WIDTH="114"
                          VPOS="1493"
                          HPOS="568"
                          CONTENT="quod"/>
                  <SP HEIGHT="71" WIDTH="14" VPOS="1493" HPOS="683"/>
                  <String HEIGHT="71"
                          WIDTH="128"
                          VPOS="1493"
                          HPOS="640"
                          CONTENT="honor"/>
                  <SP HEIGHT="71" WIDTH="14" VPOS="1493" HPOS="768"/>
                  <String HEIGHT="71"
                          WIDTH="114"
                          VPOS="1493"
                          HPOS="725"
                          CONTENT="dei,"/>
                  <SP HEIGHT="71" WIDTH="14" VPOS="1493" HPOS="839"/>
                  <String HEIGHT="71" WIDTH="71" VPOS="1493" HPOS="797" CONTENT="&amp;"/>
                  <SP HEIGHT="71" WIDTH="14" VPOS="1493" HPOS="868"/>
                  <String HEIGHT="71"
                          WIDTH="171"
                          VPOS="1493"
                          HPOS="825"
                          CONTENT="prfectus"/>
                  <SP HEIGHT="71" WIDTH="14" VPOS="1493" HPOS="996"/>
                  <String HEIGHT="71"
                          WIDTH="185"
                          VPOS="1493"
                          HPOS="954"
                          CONTENT="ecclesiae"/>
                  <SP HEIGHT="71" WIDTH="14" VPOS="1493" HPOS="1139"/>
                  <String HEIGHT="71"
                          WIDTH="214"
                          VPOS="1493"
                          HPOS="1096"
                          CONTENT="dispensando"/>
                  <SP HEIGHT="71" WIDTH="14" VPOS="1493" HPOS="1310"/>
                  <String HEIGHT="71"
                          WIDTH="143"
                          VPOS="1493"
                          HPOS="1267"
                          CONTENT="illas,"/>
                  <SP HEIGHT="71" WIDTH="14" VPOS="1493" HPOS="1410"/>
                  <String HEIGHT="71"
                          WIDTH="100"
                          VPOS="1493"
                          HPOS="1367"
                          CONTENT="aut"/>
                  <SP HEIGHT="71" WIDTH="14" VPOS="1493" HPOS="1467"/>
                  <String HEIGHT="71"
                          WIDTH="214"
                          VPOS="1493"
                          HPOS="1424"
                          CONTENT="dispensando"/>
                  <SP HEIGHT="71" WIDTH="14" VPOS="1493" HPOS="1638"/>
                  <String HEIGHT="71"
                          WIDTH="157"
                          VPOS="1493"
                          HPOS="1595"
                          CONTENT="tantas,"/>
                  <SP HEIGHT="71" WIDTH="14" VPOS="1493" HPOS="1752"/>
                  <String HEIGHT="71"
                          WIDTH="100"
                          VPOS="1493"
                          HPOS="1710"
                          CONTENT="non"/>
                  <SP HEIGHT="71" WIDTH="14" VPOS="1493" HPOS="1809"/>
                  <String HEIGHT="71"
                          WIDTH="100"
                          VPOS="1493"
                          HPOS="1767"
                          CONTENT="pro"/>
                  <SP HEIGHT="71" WIDTH="14" VPOS="1493" HPOS="1867"/>
                  <String HEIGHT="71" WIDTH="29" VPOS="1493" HPOS="1809" CONTENT=""/>
               </TextLine>
               <TextLine ID="r3l29"
                         BASELINE="1619"
                         HEIGHT="74"
                         WIDTH="1663"
                         VPOS="1545"
                         HPOS="166">
                  <String HEIGHT="74"
                          WIDTH="185"
                          VPOS="1545"
                          HPOS="152"
                          CONTENT="curaretur"/>
                  <SP HEIGHT="74" WIDTH="14" VPOS="1545" HPOS="337"/>
                  <String HEIGHT="74"
                          WIDTH="156"
                          VPOS="1545"
                          HPOS="294"
                          CONTENT="omnino,"/>
                  <SP HEIGHT="74" WIDTH="14" VPOS="1545" HPOS="450"/>
                  <String HEIGHT="74" WIDTH="99" VPOS="1545" HPOS="408" CONTENT="aut"/>
                  <SP HEIGHT="74" WIDTH="14" VPOS="1545" HPOS="507"/>
                  <String HEIGHT="74" WIDTH="99" VPOS="1545" HPOS="464" CONTENT="non"/>
                  <SP HEIGHT="74" WIDTH="14" VPOS="1545" HPOS="564"/>
                  <String HEIGHT="74"
                          WIDTH="128"
                          VPOS="1545"
                          HPOS="521"
                          CONTENT="maior"/>
                  <SP HEIGHT="74" WIDTH="14" VPOS="1545" HPOS="649"/>
                  <String HEIGHT="74"
                          WIDTH="156"
                          VPOS="1545"
                          HPOS="607"
                          CONTENT="propter"/>
                  <SP HEIGHT="74" WIDTH="14" VPOS="1545" HPOS="763"/>
                  <String HEIGHT="74"
                          WIDTH="156"
                          VPOS="1545"
                          HPOS="720"
                          CONTENT="maiores"/>
                  <SP HEIGHT="74" WIDTH="14" VPOS="1545" HPOS="877"/>
                  <String HEIGHT="74"
                          WIDTH="242"
                          VPOS="1545"
                          HPOS="834"
                          CONTENT="indulgentias,"/>
                  <SP HEIGHT="74" WIDTH="14" VPOS="1545" HPOS="1076"/>
                  <String HEIGHT="74"
                          WIDTH="128"
                          VPOS="1545"
                          HPOS="1033"
                          CONTENT="vanum"/>
                  <SP HEIGHT="74" WIDTH="14" VPOS="1545" HPOS="1161"/>
                  <String HEIGHT="74"
                          WIDTH="128"
                          VPOS="1545"
                          HPOS="1118"
                          CONTENT="esset"/>
                  <SP HEIGHT="74" WIDTH="14" VPOS="1545" HPOS="1246"/>
                  <String HEIGHT="74"
                          WIDTH="128"
                          VPOS="1545"
                          HPOS="1204"
                          CONTENT="illas"/>
                  <SP HEIGHT="74" WIDTH="14" VPOS="1545" HPOS="1332"/>
                  <String HEIGHT="74"
                          WIDTH="213"
                          VPOS="1545"
                          HPOS="1289"
                          CONTENT="dispensare,"/>
                  <SP HEIGHT="74" WIDTH="14" VPOS="1545" HPOS="1502"/>
                  <String HEIGHT="74"
                          WIDTH="99"
                          VPOS="1545"
                          HPOS="1459"
                          CONTENT="aut"/>
                  <SP HEIGHT="74" WIDTH="14" VPOS="1545" HPOS="1559"/>
                  <String HEIGHT="74"
                          WIDTH="142"
                          VPOS="1545"
                          HPOS="1516"
                          CONTENT="tantas"/>
                  <SP HEIGHT="74" WIDTH="14" VPOS="1545" HPOS="1658"/>
                  <String HEIGHT="74"
                          WIDTH="213"
                          VPOS="1545"
                          HPOS="1616"
                          CONTENT="dispensare,"/>
                  <SP HEIGHT="74" WIDTH="14" VPOS="1545" HPOS="1829"/>
                  <String HEIGHT="74" WIDTH="57" VPOS="1545" HPOS="1772" CONTENT="at"/>
               </TextLine>
               <TextLine ID="r3l30"
                         BASELINE="1676"
                         HEIGHT="73"
                         WIDTH="1643"
                         VPOS="1603"
                         HPOS="179">
                  <String HEIGHT="73" WIDTH="97" VPOS="1603" HPOS="165" CONTENT="que"/>
                  <SP HEIGHT="73" WIDTH="14" VPOS="1603" HPOS="263"/>
                  <String HEIGHT="73"
                          WIDTH="251"
                          VPOS="1603"
                          HPOS="221"
                          CONTENT="irrationabile,"/>
                  <SP HEIGHT="73" WIDTH="14" VPOS="1603" HPOS="471"/>
                  <String HEIGHT="73" WIDTH="70" VPOS="1603" HPOS="430" CONTENT="&amp;"/>
                  <SP HEIGHT="73" WIDTH="14" VPOS="1603" HPOS="499"/>
                  <String HEIGHT="73"
                          WIDTH="139"
                          VPOS="1603"
                          HPOS="457"
                          CONTENT="iterum"/>
                  <SP HEIGHT="73" WIDTH="14" VPOS="1603" HPOS="597"/>
                  <String HEIGHT="73"
                          WIDTH="167"
                          VPOS="1603"
                          HPOS="555"
                          CONTENT="peccaret"/>
                  <SP HEIGHT="73" WIDTH="14" VPOS="1603" HPOS="722"/>
                  <String HEIGHT="73"
                          WIDTH="181"
                          VPOS="1603"
                          HPOS="680"
                          CONTENT="praelatus"/>
                  <SP HEIGHT="73" WIDTH="14" VPOS="1603" HPOS="861"/>
                  <String HEIGHT="73" WIDTH="84" VPOS="1603" HPOS="819" CONTENT="in"/>
                  <SP HEIGHT="73" WIDTH="14" VPOS="1603" HPOS="903"/>
                  <String HEIGHT="73"
                          WIDTH="209"
                          VPOS="1603"
                          HPOS="861"
                          CONTENT="dispensando"/>
                  <SP HEIGHT="73" WIDTH="14" VPOS="1603" HPOS="1070"/>
                  <String HEIGHT="73"
                          WIDTH="139"
                          VPOS="1603"
                          HPOS="1028"
                          CONTENT="illas."/>
                  <SP HEIGHT="73" WIDTH="14" VPOS="1603" HPOS="1168"/>
                  <String HEIGHT="73"
                          WIDTH="111"
                          VPOS="1603"
                          HPOS="1126"
                          CONTENT="Alia"/>
                  <SP HEIGHT="73" WIDTH="14" VPOS="1603" HPOS="1237"/>
                  <String HEIGHT="73"
                          WIDTH="125"
                          VPOS="1603"
                          HPOS="1195"
                          CONTENT="autem"/>
                  <SP HEIGHT="73" WIDTH="14" VPOS="1603" HPOS="1321"/>
                  <String HEIGHT="73"
                          WIDTH="167"
                          VPOS="1603"
                          HPOS="1279"
                          CONTENT="iustitia"/>
                  <SP HEIGHT="73" WIDTH="14" VPOS="1603" HPOS="1446"/>
                  <String HEIGHT="73"
                          WIDTH="139"
                          VPOS="1603"
                          HPOS="1404"
                          CONTENT="potest"/>
                  <SP HEIGHT="73" WIDTH="14" VPOS="1603" HPOS="1544"/>
                  <String HEIGHT="73"
                          WIDTH="209"
                          VPOS="1603"
                          HPOS="1502"
                          CONTENT="considerari"/>
                  <SP HEIGHT="73" WIDTH="14" VPOS="1603" HPOS="1711"/>
                  <String HEIGHT="73" WIDTH="84" VPOS="1603" HPOS="1669" CONTENT="in"/>
                  <SP HEIGHT="73" WIDTH="14" VPOS="1603" HPOS="1752"/>
                  <String HEIGHT="73"
                          WIDTH="125"
                          VPOS="1603"
                          HPOS="1697"
                          CONTENT="dispen"
                          SUBS_TYPE="HypPart1"
                          SUBS_CONTENT="dispensandis"/>
                  <HYP CONTENT="-"/>
               </TextLine>
               <TextLine ID="r3l31"
                         BASELINE="1725"
                         HEIGHT="69"
                         WIDTH="1663"
                         VPOS="1656"
                         HPOS="167">
                  <String HEIGHT="69"
                          WIDTH="142"
                          VPOS="1656"
                          HPOS="153"
                          CONTENT="sandis"
                          SUBS_TYPE="HypPart2"
                          SUBS_CONTENT="dispensandis"/>
                  <SP HEIGHT="69" WIDTH="14" VPOS="1656" HPOS="295"/>
                  <String HEIGHT="69"
                          WIDTH="227"
                          VPOS="1656"
                          HPOS="252"
                          CONTENT="indulgentiis"/>
                  <SP HEIGHT="69" WIDTH="14" VPOS="1656" HPOS="480"/>
                  <String HEIGHT="69" WIDTH="99" VPOS="1656" HPOS="437" CONTENT="qua"/>
                  <SP HEIGHT="69" WIDTH="14" VPOS="1656" HPOS="537"/>
                  <String HEIGHT="69"
                          WIDTH="142"
                          VPOS="1656"
                          HPOS="494"
                          CONTENT="iustum"/>
                  <SP HEIGHT="69" WIDTH="14" VPOS="1656" HPOS="636"/>
                  <String HEIGHT="69" WIDTH="99" VPOS="1656" HPOS="593" CONTENT="est"/>
                  <SP HEIGHT="69" WIDTH="14" VPOS="1656" HPOS="693"/>
                  <String HEIGHT="69"
                          WIDTH="171"
                          VPOS="1656"
                          HPOS="650"
                          CONTENT="quemquam"/>
                  <SP HEIGHT="69" WIDTH="14" VPOS="1656" HPOS="821"/>
                  <String HEIGHT="69"
                          WIDTH="171"
                          VPOS="1656"
                          HPOS="778"
                          CONTENT="recipere"/>
                  <SP HEIGHT="69" WIDTH="14" VPOS="1656" HPOS="949"/>
                  <String HEIGHT="69" WIDTH="99" VPOS="1656" HPOS="906" CONTENT="tot"/>
                  <SP HEIGHT="69" WIDTH="14" VPOS="1656" HPOS="1006"/>
                  <String HEIGHT="69"
                          WIDTH="242"
                          VPOS="1656"
                          HPOS="963"
                          CONTENT="indulgentias,"/>
                  <SP HEIGHT="69" WIDTH="14" VPOS="1656" HPOS="1205"/>
                  <String HEIGHT="69"
                          WIDTH="114"
                          VPOS="1656"
                          HPOS="1162"
                          CONTENT="quot"/>
                  <SP HEIGHT="69" WIDTH="14" VPOS="1656" HPOS="1276"/>
                  <String HEIGHT="69"
                          WIDTH="114"
                          VPOS="1656"
                          HPOS="1233"
                          CONTENT="ipse"/>
                  <SP HEIGHT="69" WIDTH="14" VPOS="1656" HPOS="1347"/>
                  <String HEIGHT="69"
                          WIDTH="171"
                          VPOS="1656"
                          HPOS="1304"
                          CONTENT="recipit:"/>
                  <SP HEIGHT="69" WIDTH="14" VPOS="1656" HPOS="1475"/>
                  <String HEIGHT="69"
                          WIDTH="99"
                          VPOS="1656"
                          HPOS="1432"
                          CONTENT="ita"/>
                  <SP HEIGHT="69" WIDTH="14" VPOS="1656" HPOS="1532"/>
                  <String HEIGHT="69"
                          WIDTH="114"
                          VPOS="1656"
                          HPOS="1489"
                          CONTENT="quod"/>
                  <SP HEIGHT="69" WIDTH="14" VPOS="1656" HPOS="1603"/>
                  <String HEIGHT="69"
                          WIDTH="99"
                          VPOS="1656"
                          HPOS="1560"
                          CONTENT="non"/>
                  <SP HEIGHT="69" WIDTH="14" VPOS="1656" HPOS="1659"/>
                  <String HEIGHT="69"
                          WIDTH="128"
                          VPOS="1656"
                          HPOS="1617"
                          CONTENT="esset"/>
                  <SP HEIGHT="69" WIDTH="14" VPOS="1656" HPOS="1745"/>
                  <String HEIGHT="69"
                          WIDTH="142"
                          VPOS="1656"
                          HPOS="1688"
                          CONTENT="aequitas"/>
               </TextLine>
               <TextLine ID="r3l32"
                         BASELINE="1778"
                         HEIGHT="69"
                         WIDTH="1657"
                         VPOS="1709"
                         HPOS="168">
                  <String HEIGHT="69"
                          WIDTH="186"
                          VPOS="1709"
                          HPOS="154"
                          CONTENT="iustitiae"/>
                  <SP HEIGHT="69" WIDTH="14" VPOS="1709" HPOS="339"/>
                  <String HEIGHT="69"
                          WIDTH="129"
                          VPOS="1709"
                          HPOS="297"
                          CONTENT="ipsum"/>
                  <SP HEIGHT="69" WIDTH="14" VPOS="1709" HPOS="425"/>
                  <String HEIGHT="69"
                          WIDTH="171"
                          VPOS="1709"
                          HPOS="382"
                          CONTENT="recipere"/>
                  <SP HEIGHT="69" WIDTH="14" VPOS="1709" HPOS="554"/>
                  <String HEIGHT="69"
                          WIDTH="143"
                          VPOS="1709"
                          HPOS="511"
                          CONTENT="plures"/>
                  <SP HEIGHT="69" WIDTH="14" VPOS="1709" HPOS="654"/>
                  <String HEIGHT="69"
                          WIDTH="100"
                          VPOS="1709"
                          HPOS="611"
                          CONTENT="vel"/>
                  <SP HEIGHT="69" WIDTH="14" VPOS="1709" HPOS="711"/>
                  <String HEIGHT="69"
                          WIDTH="200"
                          VPOS="1709"
                          HPOS="668"
                          CONTENT="pauciores."/>
                  <SP HEIGHT="69" WIDTH="14" VPOS="1709" HPOS="868"/>
                  <String HEIGHT="69"
                          WIDTH="129"
                          VPOS="1709"
                          HPOS="825"
                          CONTENT="Prima"/>
                  <SP HEIGHT="69" WIDTH="14" VPOS="1709" HPOS="954"/>
                  <String HEIGHT="69"
                          WIDTH="171"
                          VPOS="1709"
                          HPOS="911"
                          CONTENT="iustitia"/>
                  <SP HEIGHT="69" WIDTH="14" VPOS="1709" HPOS="1082"/>
                  <String HEIGHT="69"
                          WIDTH="143"
                          VPOS="1709"
                          HPOS="1039"
                          CONTENT="semper"/>
                  <SP HEIGHT="69" WIDTH="14" VPOS="1709" HPOS="1182"/>
                  <String HEIGHT="69" WIDTH="86" VPOS="1709" HPOS="1139" CONTENT="in"/>
                  <SP HEIGHT="69" WIDTH="14" VPOS="1709" HPOS="1225"/>
                  <String HEIGHT="69"
                          WIDTH="243"
                          VPOS="1709"
                          HPOS="1182"
                          CONTENT="distribuendis"/>
                  <SP HEIGHT="69" WIDTH="14" VPOS="1709" HPOS="1425"/>
                  <String HEIGHT="69"
                          WIDTH="229"
                          VPOS="1709"
                          HPOS="1382"
                          CONTENT="indulgentiis"/>
                  <SP HEIGHT="69" WIDTH="14" VPOS="1709" HPOS="1611"/>
                  <String HEIGHT="69" WIDTH="71" VPOS="1709" HPOS="1568" CONTENT="a"/>
                  <SP HEIGHT="69" WIDTH="14" VPOS="1709" HPOS="1639"/>
                  <String HEIGHT="69"
                          WIDTH="171"
                          VPOS="1709"
                          HPOS="1596"
                          CONTENT="praelato"/>
                  <SP HEIGHT="69" WIDTH="14" VPOS="1709" HPOS="1768"/>
                  <String HEIGHT="69"
                          WIDTH="114"
                          VPOS="1709"
                          HPOS="1711"
                          CONTENT="consi"
                          SUBS_TYPE="HypPart1"
                          SUBS_CONTENT="consideranda"/>
                  <HYP CONTENT="-"/>
               </TextLine>
               <TextLine ID="r3l33"
                         BASELINE="1834"
                         HEIGHT="71"
                         WIDTH="1659"
                         VPOS="1763"
                         HPOS="163">
                  <String HEIGHT="71"
                          WIDTH="169"
                          VPOS="1763"
                          HPOS="148"
                          CONTENT="deranda"
                          SUBS_TYPE="HypPart2"
                          SUBS_CONTENT="consideranda"/>
                  <SP HEIGHT="71" WIDTH="15" VPOS="1763" HPOS="317"/>
                  <String HEIGHT="71"
                          WIDTH="123"
                          VPOS="1763"
                          HPOS="271"
                          CONTENT="est,"/>
                  <SP HEIGHT="71" WIDTH="15" VPOS="1763" HPOS="393"/>
                  <String HEIGHT="71" WIDTH="77" VPOS="1763" HPOS="347" CONTENT="&amp;"/>
                  <SP HEIGHT="71" WIDTH="15" VPOS="1763" HPOS="424"/>
                  <String HEIGHT="71"
                          WIDTH="230"
                          VPOS="1763"
                          HPOS="378"
                          CONTENT="obseruanda:"/>
                  <SP HEIGHT="71" WIDTH="15" VPOS="1763" HPOS="608"/>
                  <String HEIGHT="71"
                          WIDTH="123"
                          VPOS="1763"
                          HPOS="562"
                          CONTENT="quia"/>
                  <SP HEIGHT="71" WIDTH="15" VPOS="1763" HPOS="685"/>
                  <String HEIGHT="71" WIDTH="92" VPOS="1763" HPOS="639" CONTENT="vt"/>
                  <SP HEIGHT="71" WIDTH="15" VPOS="1763" HPOS="731"/>
                  <String HEIGHT="71"
                          WIDTH="154"
                          VPOS="1763"
                          HPOS="685"
                          CONTENT="dictum"/>
                  <SP HEIGHT="71" WIDTH="15" VPOS="1763" HPOS="839"/>
                  <String HEIGHT="71"
                          WIDTH="123"
                          VPOS="1763"
                          HPOS="793"
                          CONTENT="est,"/>
                  <SP HEIGHT="71" WIDTH="15" VPOS="1763" HPOS="916"/>
                  <String HEIGHT="71"
                          WIDTH="154"
                          VPOS="1763"
                          HPOS="870"
                          CONTENT="aliter"/>
                  <SP HEIGHT="71" WIDTH="15" VPOS="1763" HPOS="1023"/>
                  <String HEIGHT="71"
                          WIDTH="200"
                          VPOS="1763"
                          HPOS="977"
                          CONTENT="peccaret:"/>
                  <SP HEIGHT="71" WIDTH="15" VPOS="1763" HPOS="1177"/>
                  <String HEIGHT="71"
                          WIDTH="108"
                          VPOS="1763"
                          HPOS="1131"
                          CONTENT="nec"/>
                  <SP HEIGHT="71" WIDTH="15" VPOS="1763" HPOS="1238"/>
                  <String HEIGHT="71"
                          WIDTH="123"
                          VPOS="1763"
                          HPOS="1192"
                          CONTENT="deus"/>
                  <SP HEIGHT="71" WIDTH="15" VPOS="1763" HPOS="1315"/>
                  <String HEIGHT="71"
                          WIDTH="154"
                          VPOS="1763"
                          HPOS="1269"
                          CONTENT="factum"/>
                  <SP HEIGHT="71" WIDTH="15" VPOS="1763" HPOS="1423"/>
                  <String HEIGHT="71"
                          WIDTH="123"
                          VPOS="1763"
                          HPOS="1377"
                          CONTENT="suum"/>
                  <SP HEIGHT="71" WIDTH="15" VPOS="1763" HPOS="1499"/>
                  <String HEIGHT="71"
                          WIDTH="230"
                          VPOS="1763"
                          HPOS="1453"
                          CONTENT="acceptaret:"/>
                  <SP HEIGHT="71" WIDTH="15" VPOS="1763" HPOS="1684"/>
                  <String HEIGHT="71"
                          WIDTH="154"
                          VPOS="1763"
                          HPOS="1638"
                          CONTENT="maxime"/>
                  <SP HEIGHT="71" WIDTH="15" VPOS="1763" HPOS="1791"/>
                  <String HEIGHT="71"
                          WIDTH="108"
                          VPOS="1763"
                          HPOS="1745"
                          CONTENT="quo"/>
                  <SP HEIGHT="71" WIDTH="15" VPOS="1763" HPOS="1853"/>
                  <String HEIGHT="71" WIDTH="31" VPOS="1763" HPOS="1791" CONTENT=""/>
               </TextLine>
               <TextLine ID="r3l34"
                         BASELINE="1884"
                         HEIGHT="69"
                         WIDTH="1661"
                         VPOS="1815"
                         HPOS="170">
                  <String HEIGHT="69" WIDTH="84" VPOS="1815" HPOS="156" CONTENT="ad"/>
                  <SP HEIGHT="69" WIDTH="14" VPOS="1815" HPOS="240"/>
                  <String HEIGHT="69"
                          WIDTH="169"
                          VPOS="1815"
                          HPOS="198"
                          CONTENT="actionem"/>
                  <SP HEIGHT="69" WIDTH="14" VPOS="1815" HPOS="367"/>
                  <String HEIGHT="69" WIDTH="99" VPOS="1815" HPOS="325" CONTENT="qua"/>
                  <SP HEIGHT="69" WIDTH="14" VPOS="1815" HPOS="423"/>
                  <String HEIGHT="69" WIDTH="84" VPOS="1815" HPOS="381" CONTENT="ab"/>
                  <SP HEIGHT="69" WIDTH="14" VPOS="1815" HPOS="466"/>
                  <String HEIGHT="69"
                          WIDTH="113"
                          VPOS="1815"
                          HPOS="423"
                          CONTENT="ipso"/>
                  <SP HEIGHT="69" WIDTH="14" VPOS="1815" HPOS="536"/>
                  <String HEIGHT="69"
                          WIDTH="127"
                          VPOS="1815"
                          HPOS="494"
                          CONTENT="talis"/>
                  <SP HEIGHT="69" WIDTH="14" VPOS="1815" HPOS="620"/>
                  <String HEIGHT="69"
                          WIDTH="211"
                          VPOS="1815"
                          HPOS="578"
                          CONTENT="dispensatio"/>
                  <SP HEIGHT="69" WIDTH="14" VPOS="1815" HPOS="789"/>
                  <String HEIGHT="69"
                          WIDTH="113"
                          VPOS="1815"
                          HPOS="747"
                          CONTENT="fit,"/>
                  <SP HEIGHT="69" WIDTH="14" VPOS="1815" HPOS="860"/>
                  <String HEIGHT="69"
                          WIDTH="127"
                          VPOS="1815"
                          HPOS="818"
                          CONTENT="licet"/>
                  <SP HEIGHT="69" WIDTH="14" VPOS="1815" HPOS="944"/>
                  <String HEIGHT="69"
                          WIDTH="127"
                          VPOS="1815"
                          HPOS="902"
                          CONTENT="forte"/>
                  <SP HEIGHT="69" WIDTH="14" VPOS="1815" HPOS="1029"/>
                  <String HEIGHT="69"
                          WIDTH="183"
                          VPOS="1815"
                          HPOS="986"
                          CONTENT="aliquibus"/>
                  <SP HEIGHT="69" WIDTH="14" VPOS="1815" HPOS="1169"/>
                  <String HEIGHT="69"
                          WIDTH="141"
                          VPOS="1815"
                          HPOS="1127"
                          CONTENT="quibus"/>
                  <SP HEIGHT="69" WIDTH="14" VPOS="1815" HPOS="1268"/>
                  <String HEIGHT="69"
                          WIDTH="267"
                          VPOS="1815"
                          HPOS="1226"
                          CONTENT="dispensarentur,"/>
                  <SP HEIGHT="69" WIDTH="14" VPOS="1815" HPOS="1493"/>
                  <String HEIGHT="69"
                          WIDTH="141"
                          VPOS="1815"
                          HPOS="1451"
                          CONTENT="merito"/>
                  <SP HEIGHT="69" WIDTH="14" VPOS="1815" HPOS="1592"/>
                  <String HEIGHT="69"
                          WIDTH="197"
                          VPOS="1815"
                          HPOS="1549"
                          CONTENT="deuotionis"/>
                  <SP HEIGHT="69" WIDTH="14" VPOS="1815" HPOS="1747"/>
                  <String HEIGHT="69"
                          WIDTH="155"
                          VPOS="1815"
                          HPOS="1704"
                          CONTENT="illorum"/>
                  <SP HEIGHT="69" WIDTH="14" VPOS="1815" HPOS="1859"/>
                  <String HEIGHT="69" WIDTH="28" VPOS="1815" HPOS="1803" CONTENT=""/>
               </TextLine>
               <TextLine ID="r3l35"
                         BASELINE="1936"
                         HEIGHT="65"
                         WIDTH="1651"
                         VPOS="1871"
                         HPOS="175">
                  <String HEIGHT="65"
                          WIDTH="192"
                          VPOS="1871"
                          HPOS="160"
                          CONTENT="valerent:"/>
                  <SP HEIGHT="65" WIDTH="15" VPOS="1871" HPOS="352"/>
                  <String HEIGHT="65" WIDTH="74" VPOS="1871" HPOS="308" CONTENT="&amp;"/>
                  <SP HEIGHT="65" WIDTH="15" VPOS="1871" HPOS="381"/>
                  <String HEIGHT="65"
                          WIDTH="103"
                          VPOS="1871"
                          HPOS="337"
                          CONTENT="sic"/>
                  <SP HEIGHT="65" WIDTH="15" VPOS="1871" HPOS="440"/>
                  <String HEIGHT="65"
                          WIDTH="103"
                          VPOS="1871"
                          HPOS="396"
                          CONTENT="quo"/>
                  <SP HEIGHT="65" WIDTH="15" VPOS="1871" HPOS="499"/>
                  <String HEIGHT="65" WIDTH="88" VPOS="1871" HPOS="455" CONTENT="ad"/>
                  <SP HEIGHT="65" WIDTH="15" VPOS="1871" HPOS="544"/>
                  <String HEIGHT="65"
                          WIDTH="162"
                          VPOS="1871"
                          HPOS="499"
                          CONTENT="illarum"/>
                  <SP HEIGHT="65" WIDTH="15" VPOS="1871" HPOS="661"/>
                  <String HEIGHT="65"
                          WIDTH="221"
                          VPOS="1871"
                          HPOS="617"
                          CONTENT="receptionem"/>
                  <SP HEIGHT="65" WIDTH="15" VPOS="1871" HPOS="838"/>
                  <String HEIGHT="65"
                          WIDTH="118"
                          VPOS="1871"
                          HPOS="794"
                          CONTENT="deus"/>
                  <SP HEIGHT="65" WIDTH="15" VPOS="1871" HPOS="912"/>
                  <String HEIGHT="65"
                          WIDTH="133"
                          VPOS="1871"
                          HPOS="868"
                          CONTENT="alias"/>
                  <SP HEIGHT="65" WIDTH="15" VPOS="1871" HPOS="1001"/>
                  <String HEIGHT="65"
                          WIDTH="221"
                          VPOS="1871"
                          HPOS="956"
                          CONTENT="acceptaret:"/>
                  <SP HEIGHT="65" WIDTH="15" VPOS="1871" HPOS="1177"/>
                  <String HEIGHT="65"
                          WIDTH="103"
                          VPOS="1871"
                          HPOS="1133"
                          CONTENT="sed"/>
                  <SP HEIGHT="65" WIDTH="15" VPOS="1871" HPOS="1236"/>
                  <String HEIGHT="65"
                          WIDTH="103"
                          VPOS="1871"
                          HPOS="1192"
                          CONTENT="hoc"/>
                  <SP HEIGHT="65" WIDTH="15" VPOS="1871" HPOS="1295"/>
                  <String HEIGHT="65"
                          WIDTH="103"
                          VPOS="1871"
                          HPOS="1251"
                          CONTENT="non"/>
                  <SP HEIGHT="65" WIDTH="15" VPOS="1871" HPOS="1354"/>
                  <String HEIGHT="65"
                          WIDTH="177"
                          VPOS="1871"
                          HPOS="1310"
                          CONTENT="secundum"/>
                  <SP HEIGHT="65" WIDTH="15" VPOS="1871" HPOS="1487"/>
                  <String HEIGHT="65"
                          WIDTH="177"
                          VPOS="1871"
                          HPOS="1443"
                          CONTENT="rationem"/>
                  <SP HEIGHT="65" WIDTH="15" VPOS="1871" HPOS="1620"/>
                  <String HEIGHT="65"
                          WIDTH="103"
                          VPOS="1871"
                          HPOS="1575"
                          CONTENT="qua"/>
                  <SP HEIGHT="65" WIDTH="15" VPOS="1871" HPOS="1679"/>
                  <String HEIGHT="65"
                          WIDTH="206"
                          VPOS="1871"
                          HPOS="1620"
                          CONTENT="indulgentiae"/>
               </TextLine>
               <TextLine ID="r3l36"
                         BASELINE="1995"
                         HEIGHT="71"
                         WIDTH="1672"
                         VPOS="1924"
                         HPOS="159">
                  <String HEIGHT="71"
                          WIDTH="118"
                          VPOS="1924"
                          HPOS="144"
                          CONTENT="sunt"/>
                  <SP HEIGHT="71" WIDTH="15" VPOS="1924" HPOS="263"/>
                  <String HEIGHT="71"
                          WIDTH="252"
                          VPOS="1924"
                          HPOS="218"
                          CONTENT="indulgentiae,"/>
                  <SP HEIGHT="71" WIDTH="15" VPOS="1924" HPOS="470"/>
                  <String HEIGHT="71" WIDTH="74" VPOS="1924" HPOS="425" CONTENT="&amp;"/>
                  <SP HEIGHT="71" WIDTH="15" VPOS="1924" HPOS="499"/>
                  <String HEIGHT="71"
                          WIDTH="118"
                          VPOS="1924"
                          HPOS="455"
                          CONTENT="dona"/>
                  <SP HEIGHT="71" WIDTH="15" VPOS="1924" HPOS="573"/>
                  <String HEIGHT="71"
                          WIDTH="178"
                          VPOS="1924"
                          HPOS="529"
                          CONTENT="gratuita"/>
                  <SP HEIGHT="71" WIDTH="15" VPOS="1924" HPOS="706"/>
                  <String HEIGHT="71"
                          WIDTH="148"
                          VPOS="1924"
                          HPOS="662"
                          CONTENT="potius"/>
                  <SP HEIGHT="71" WIDTH="15" VPOS="1924" HPOS="810"/>
                  <String HEIGHT="71"
                          WIDTH="118"
                          VPOS="1924"
                          HPOS="766"
                          CONTENT="quam"/>
                  <SP HEIGHT="71" WIDTH="15" VPOS="1924" HPOS="884"/>
                  <String HEIGHT="71"
                          WIDTH="163"
                          VPOS="1924"
                          HPOS="840"
                          CONTENT="debita."/>
                  <SP HEIGHT="71" WIDTH="15" VPOS="1924" HPOS="1002"/>
                  <String HEIGHT="71"
                          WIDTH="178"
                          VPOS="1924"
                          HPOS="958"
                          CONTENT="secundum"/>
                  <SP HEIGHT="71" WIDTH="15" VPOS="1924" HPOS="1136"/>
                  <String HEIGHT="71"
                          WIDTH="133"
                          VPOS="1924"
                          HPOS="1091"
                          CONTENT="modum"/>
                  <SP HEIGHT="71" WIDTH="15" VPOS="1924" HPOS="1224"/>
                  <String HEIGHT="71"
                          WIDTH="178"
                          VPOS="1924"
                          HPOS="1180"
                          CONTENT="superius"/>
                  <SP HEIGHT="71" WIDTH="15" VPOS="1924" HPOS="1358"/>
                  <String HEIGHT="71"
                          WIDTH="252"
                          VPOS="1924"
                          HPOS="1313"
                          CONTENT="determinatum:"/>
                  <SP HEIGHT="71" WIDTH="15" VPOS="1924" HPOS="1565"/>
                  <String HEIGHT="71"
                          WIDTH="104"
                          VPOS="1924"
                          HPOS="1520"
                          CONTENT="sed"/>
                  <SP HEIGHT="71" WIDTH="15" VPOS="1924" HPOS="1624"/>
                  <String HEIGHT="71"
                          WIDTH="148"
                          VPOS="1924"
                          HPOS="1579"
                          CONTENT="potius"/>
                  <SP HEIGHT="71" WIDTH="15" VPOS="1924" HPOS="1727"/>
                  <String HEIGHT="71"
                          WIDTH="178"
                          VPOS="1924"
                          HPOS="1683"
                          CONTENT="secundum"/>
                  <SP HEIGHT="71" WIDTH="15" VPOS="1924" HPOS="1861"/>
                  <String HEIGHT="71" WIDTH="30" VPOS="1924" HPOS="1801" CONTENT=""/>
               </TextLine>
               <TextLine ID="r3l37"
                         BASELINE="2050"
                         HEIGHT="63"
                         WIDTH="1659"
                         VPOS="1987"
                         HPOS="168">
                  <String HEIGHT="63"
                          WIDTH="150"
                          VPOS="1987"
                          HPOS="156"
                          CONTENT="rationem"/>
                  <SP HEIGHT="63" WIDTH="12" VPOS="1987" HPOS="305"/>
                  <String HEIGHT="63"
                          WIDTH="100"
                          VPOS="1987"
                          HPOS="268"
                          CONTENT="quae"/>
                  <SP HEIGHT="63" WIDTH="12" VPOS="1987" HPOS="368"/>
                  <String HEIGHT="63"
                          WIDTH="100"
                          VPOS="1987"
                          HPOS="330"
                          CONTENT="sunt"/>
                  <SP HEIGHT="63" WIDTH="12" VPOS="1987" HPOS="430"/>
                  <String HEIGHT="63"
                          WIDTH="137"
                          VPOS="1987"
                          HPOS="393"
                          CONTENT="quaedam"/>
                  <SP HEIGHT="63" WIDTH="12" VPOS="1987" HPOS="530"/>
                  <String HEIGHT="63"
                          WIDTH="125"
                          VPOS="1987"
                          HPOS="492"
                          CONTENT="debita"/>
                  <SP HEIGHT="63" WIDTH="12" VPOS="1987" HPOS="617"/>
                  <String HEIGHT="63"
                          WIDTH="137"
                          VPOS="1987"
                          HPOS="580"
                          CONTENT="ratione"/>
                  <SP HEIGHT="63" WIDTH="12" VPOS="1987" HPOS="717"/>
                  <String HEIGHT="63"
                          WIDTH="175"
                          VPOS="1987"
                          HPOS="679"
                          CONTENT="iustitiae,"/>
                  <SP HEIGHT="63" WIDTH="12" VPOS="1987" HPOS="854"/>
                  <String HEIGHT="63" WIDTH="62" VPOS="1987" HPOS="817" CONTENT="&amp;"/>
                  <SP HEIGHT="63" WIDTH="12" VPOS="1987" HPOS="879"/>
                  <String HEIGHT="63" WIDTH="87" VPOS="1987" HPOS="842" CONTENT="hoc"/>
                  <SP HEIGHT="63" WIDTH="12" VPOS="1987" HPOS="929"/>
                  <String HEIGHT="63" WIDTH="87" VPOS="1987" HPOS="891" CONTENT="sum"/>
                  <SP HEIGHT="63" WIDTH="12" VPOS="1987" HPOS="979"/>
                  <String HEIGHT="63"
                          WIDTH="162"
                          VPOS="1987"
                          HPOS="941"
                          CONTENT="iustitiam"/>
                  <SP HEIGHT="63" WIDTH="12" VPOS="1987" HPOS="1104"/>
                  <String HEIGHT="63"
                          WIDTH="137"
                          VPOS="1987"
                          HPOS="1066"
                          CONTENT="secundo"/>
                  <SP HEIGHT="63" WIDTH="12" VPOS="1987" HPOS="1203"/>
                  <String HEIGHT="63"
                          WIDTH="100"
                          VPOS="1987"
                          HPOS="1166"
                          CONTENT="modo"/>
                  <SP HEIGHT="63" WIDTH="12" VPOS="1987" HPOS="1266"/>
                  <String HEIGHT="63"
                          WIDTH="137"
                          VPOS="1987"
                          HPOS="1228"
                          CONTENT="dictam,"/>
                  <SP HEIGHT="63" WIDTH="12" VPOS="1987" HPOS="1365"/>
                  <String HEIGHT="63"
                          WIDTH="100"
                          VPOS="1987"
                          HPOS="1328"
                          CONTENT="quam"/>
                  <SP HEIGHT="63" WIDTH="12" VPOS="1987" HPOS="1428"/>
                  <String HEIGHT="63"
                          WIDTH="87"
                          VPOS="1987"
                          HPOS="1390"
                          CONTENT="non"/>
                  <SP HEIGHT="63" WIDTH="12" VPOS="1987" HPOS="1478"/>
                  <String HEIGHT="63"
                          WIDTH="137"
                          VPOS="1987"
                          HPOS="1440"
                          CONTENT="opertet"/>
                  <SP HEIGHT="63" WIDTH="12" VPOS="1987" HPOS="1578"/>
                  <String HEIGHT="63"
                          WIDTH="162"
                          VPOS="1987"
                          HPOS="1540"
                          CONTENT="praelatum"/>
                  <SP HEIGHT="63" WIDTH="12" VPOS="1987" HPOS="1702"/>
                  <String HEIGHT="63"
                          WIDTH="187"
                          VPOS="1987"
                          HPOS="1665"
                          CONTENT="considerare"/>
                  <SP HEIGHT="63" WIDTH="12" VPOS="1987" HPOS="1852"/>
                  <String HEIGHT="63" WIDTH="25" VPOS="1987" HPOS="1802" CONTENT=""/>
               </TextLine>
               <TextLine ID="r3l38"
                         BASELINE="2102"
                         HEIGHT="61"
                         WIDTH="1667"
                         VPOS="2041"
                         HPOS="160">
                  <String HEIGHT="61"
                          WIDTH="125"
                          VPOS="2041"
                          HPOS="146"
                          CONTENT="neque"/>
                  <SP HEIGHT="61" WIDTH="14" VPOS="2041" HPOS="271"/>
                  <String HEIGHT="61"
                          WIDTH="194"
                          VPOS="2041"
                          HPOS="229"
                          CONTENT="obseruare:"/>
                  <SP HEIGHT="61" WIDTH="14" VPOS="2041" HPOS="424"/>
                  <String HEIGHT="61" WIDTH="69" VPOS="2041" HPOS="382" CONTENT="&amp;"/>
                  <SP HEIGHT="61" WIDTH="14" VPOS="2041" HPOS="452"/>
                  <String HEIGHT="61"
                          WIDTH="139"
                          VPOS="2041"
                          HPOS="410"
                          CONTENT="potest"/>
                  <SP HEIGHT="61" WIDTH="14" VPOS="2041" HPOS="549"/>
                  <String HEIGHT="61" WIDTH="83" VPOS="2041" HPOS="507" CONTENT="si"/>
                  <SP HEIGHT="61" WIDTH="14" VPOS="2041" HPOS="591"/>
                  <String HEIGHT="61"
                          WIDTH="139"
                          VPOS="2041"
                          HPOS="549"
                          CONTENT="velit:"/>
                  <SP HEIGHT="61" WIDTH="14" VPOS="2041" HPOS="688"/>
                  <String HEIGHT="61"
                          WIDTH="125"
                          VPOS="2041"
                          HPOS="646"
                          CONTENT="sicut"/>
                  <SP HEIGHT="61" WIDTH="14" VPOS="2041" HPOS="771"/>
                  <String HEIGHT="61"
                          WIDTH="139"
                          VPOS="2041"
                          HPOS="730"
                          CONTENT="quando"/>
                  <SP HEIGHT="61" WIDTH="14" VPOS="2041" HPOS="868"/>
                  <String HEIGHT="61"
                          WIDTH="167"
                          VPOS="2041"
                          HPOS="827"
                          CONTENT="mensurat"/>
                  <SP HEIGHT="61" WIDTH="14" VPOS="2041" HPOS="994"/>
                  <String HEIGHT="61"
                          WIDTH="222"
                          VPOS="2041"
                          HPOS="952"
                          CONTENT="indulgentias"/>
                  <SP HEIGHT="61" WIDTH="14" VPOS="2041" HPOS="1174"/>
                  <String HEIGHT="61"
                          WIDTH="167"
                          VPOS="2041"
                          HPOS="1132"
                          CONTENT="secundum"/>
                  <SP HEIGHT="61" WIDTH="14" VPOS="2041" HPOS="1299"/>
                  <String HEIGHT="61"
                          WIDTH="208"
                          VPOS="2041"
                          HPOS="1257"
                          CONTENT="quantitatem"/>
                  <SP HEIGHT="61" WIDTH="14" VPOS="2041" HPOS="1466"/>
                  <String HEIGHT="61"
                          WIDTH="153"
                          VPOS="2041"
                          HPOS="1424"
                          CONTENT="laboris"/>
                  <SP HEIGHT="61" WIDTH="14" VPOS="2041" HPOS="1577"/>
                  <String HEIGHT="61" WIDTH="83" VPOS="2041" HPOS="1535" CONTENT="in"/>
                  <SP HEIGHT="61" WIDTH="14" VPOS="2041" HPOS="1619"/>
                  <String HEIGHT="61"
                          WIDTH="139"
                          VPOS="2041"
                          HPOS="1577"
                          CONTENT="genere"/>
                  <SP HEIGHT="61" WIDTH="14" VPOS="2041" HPOS="1716"/>
                  <String HEIGHT="61"
                          WIDTH="153"
                          VPOS="2041"
                          HPOS="1674"
                          CONTENT="operis."/>
                  <SP HEIGHT="61" WIDTH="14" VPOS="2041" HPOS="1827"/>
                  <String HEIGHT="61" WIDTH="56" VPOS="2041" HPOS="1771" CONTENT="et"/>
               </TextLine>
               <TextLine ID="r3l39"
                         BASELINE="2148"
                         HEIGHT="61"
                         WIDTH="1665"
                         VPOS="2087"
                         HPOS="161">
                  <String HEIGHT="61" WIDTH="97" VPOS="2087" HPOS="147" CONTENT="hoc"/>
                  <SP HEIGHT="61" WIDTH="14" VPOS="2087" HPOS="244"/>
                  <String HEIGHT="61" WIDTH="97" VPOS="2087" HPOS="203" CONTENT="vel"/>
                  <SP HEIGHT="61" WIDTH="14" VPOS="2087" HPOS="300"/>
                  <String HEIGHT="61"
                          WIDTH="194"
                          VPOS="2087"
                          HPOS="258"
                          CONTENT="indefinite"/>
                  <SP HEIGHT="61" WIDTH="14" VPOS="2087" HPOS="452"/>
                  <String HEIGHT="61"
                          WIDTH="111"
                          VPOS="2087"
                          HPOS="411"
                          CONTENT="siue"/>
                  <SP HEIGHT="61" WIDTH="14" VPOS="2087" HPOS="522"/>
                  <String HEIGHT="61" WIDTH="83" VPOS="2087" HPOS="480" CONTENT="in"/>
                  <SP HEIGHT="61" WIDTH="14" VPOS="2087" HPOS="563"/>
                  <String HEIGHT="61"
                          WIDTH="194"
                          VPOS="2087"
                          HPOS="522"
                          CONTENT="quantitate"/>
                  <SP HEIGHT="61" WIDTH="14" VPOS="2087" HPOS="716"/>
                  <String HEIGHT="61"
                          WIDTH="180"
                          VPOS="2087"
                          HPOS="674"
                          CONTENT="infinita:"/>
                  <SP HEIGHT="61" WIDTH="14" VPOS="2087" HPOS="855"/>
                  <String HEIGHT="61"
                          WIDTH="125"
                          VPOS="2087"
                          HPOS="813"
                          CONTENT="sicut"/>
                  <SP HEIGHT="61" WIDTH="14" VPOS="2087" HPOS="938"/>
                  <String HEIGHT="61" WIDTH="83" VPOS="2087" HPOS="896" CONTENT="in"/>
                  <SP HEIGHT="61" WIDTH="14" VPOS="2087" HPOS="980"/>
                  <String HEIGHT="61" WIDTH="97" VPOS="2087" HPOS="938" CONTENT="sex"/>
                  <SP HEIGHT="61" WIDTH="14" VPOS="2087" HPOS="1035"/>
                  <String HEIGHT="61"
                          WIDTH="153"
                          VPOS="2087"
                          HPOS="994"
                          CONTENT="casibus"/>
                  <SP HEIGHT="61" WIDTH="14" VPOS="2087" HPOS="1146"/>
                  <String HEIGHT="61"
                          WIDTH="139"
                          VPOS="2087"
                          HPOS="1105"
                          CONTENT="supius"/>
                  <SP HEIGHT="61" WIDTH="14" VPOS="2087" HPOS="1243"/>
                  <String HEIGHT="61"
                          WIDTH="194"
                          VPOS="2087"
                          HPOS="1202"
                          CONTENT="expositis:"/>
                  <SP HEIGHT="61" WIDTH="14" VPOS="2087" HPOS="1396"/>
                  <String HEIGHT="61"
                          WIDTH="97"
                          VPOS="2087"
                          HPOS="1354"
                          CONTENT="vel"/>
                  <SP HEIGHT="61" WIDTH="14" VPOS="2087" HPOS="1451"/>
                  <String HEIGHT="61"
                          WIDTH="180"
                          VPOS="2087"
                          HPOS="1410"
                          CONTENT="definite,"/>
                  <SP HEIGHT="61" WIDTH="14" VPOS="2087" HPOS="1590"/>
                  <String HEIGHT="61"
                          WIDTH="111"
                          VPOS="2087"
                          HPOS="1549"
                          CONTENT="siue"/>
                  <SP HEIGHT="61" WIDTH="14" VPOS="2087" HPOS="1660"/>
                  <String HEIGHT="61" WIDTH="83" VPOS="2087" HPOS="1618" CONTENT="in"/>
                  <SP HEIGHT="61" WIDTH="14" VPOS="2087" HPOS="1701"/>
                  <String HEIGHT="61"
                          WIDTH="194"
                          VPOS="2087"
                          HPOS="1660"
                          CONTENT="quantitate"/>
                  <SP HEIGHT="61" WIDTH="14" VPOS="2087" HPOS="1854"/>
                  <String HEIGHT="61" WIDTH="28" VPOS="2087" HPOS="1798" CONTENT=""/>
               </TextLine>
               <TextLine ID="r3l40"
                         BASELINE="2204"
                         HEIGHT="63"
                         WIDTH="1659"
                         VPOS="2141"
                         HPOS="162">
                  <String HEIGHT="63"
                          WIDTH="169"
                          VPOS="2141"
                          HPOS="148"
                          CONTENT="definita"/>
                  <SP HEIGHT="63" WIDTH="14" VPOS="2141" HPOS="317"/>
                  <String HEIGHT="63"
                          WIDTH="197"
                          VPOS="2141"
                          HPOS="274"
                          CONTENT="mensurando"/>
                  <SP HEIGHT="63" WIDTH="14" VPOS="2141" HPOS="471"/>
                  <String HEIGHT="63"
                          WIDTH="239"
                          VPOS="2141"
                          HPOS="429"
                          CONTENT="indulgentias:"/>
                  <SP HEIGHT="63" WIDTH="14" VPOS="2141" HPOS="668"/>
                  <String HEIGHT="63" WIDTH="84" VPOS="2141" HPOS="626" CONTENT="vt"/>
                  <SP HEIGHT="63" WIDTH="14" VPOS="2141" HPOS="710"/>
                  <String HEIGHT="63"
                          WIDTH="141"
                          VPOS="2141"
                          HPOS="668"
                          CONTENT="quando"/>
                  <SP HEIGHT="63" WIDTH="14" VPOS="2141" HPOS="809"/>
                  <String HEIGHT="63" WIDTH="84" VPOS="2141" HPOS="767" CONTENT="in"/>
                  <SP HEIGHT="63" WIDTH="14" VPOS="2141" HPOS="851"/>
                  <String HEIGHT="63"
                          WIDTH="112"
                          VPOS="2141"
                          HPOS="809"
                          CONTENT="casu"/>
                  <SP HEIGHT="63" WIDTH="14" VPOS="2141" HPOS="921"/>
                  <String HEIGHT="63" WIDTH="98" VPOS="2141" HPOS="879" CONTENT="iam"/>
                  <SP HEIGHT="63" WIDTH="14" VPOS="2141" HPOS="977"/>
                  <String HEIGHT="63"
                          WIDTH="169"
                          VPOS="2141"
                          HPOS="935"
                          CONTENT="superius"/>
                  <SP HEIGHT="63" WIDTH="14" VPOS="2141" HPOS="1104"/>
                  <String HEIGHT="63"
                          WIDTH="169"
                          VPOS="2141"
                          HPOS="1062"
                          CONTENT="exposito"/>
                  <SP HEIGHT="63" WIDTH="14" VPOS="2141" HPOS="1231"/>
                  <String HEIGHT="63"
                          WIDTH="169"
                          VPOS="2141"
                          HPOS="1188"
                          CONTENT="mensurat"/>
                  <SP HEIGHT="63" WIDTH="14" VPOS="2141" HPOS="1357"/>
                  <String HEIGHT="63"
                          WIDTH="225"
                          VPOS="2141"
                          HPOS="1315"
                          CONTENT="indulgentias"/>
                  <SP HEIGHT="63" WIDTH="14" VPOS="2141" HPOS="1540"/>
                  <String HEIGHT="63"
                          WIDTH="239"
                          VPOS="2141"
                          HPOS="1498"
                          CONTENT="smquantitatem"/>
                  <SP HEIGHT="63" WIDTH="14" VPOS="2141" HPOS="1737"/>
                  <String HEIGHT="63"
                          WIDTH="155"
                          VPOS="2141"
                          HPOS="1694"
                          CONTENT="laborim"/>
                  <SP HEIGHT="63" WIDTH="14" VPOS="2141" HPOS="1849"/>
                  <String HEIGHT="63" WIDTH="28" VPOS="2141" HPOS="1793" CONTENT=""/>
               </TextLine>
               <TextLine ID="r3l41"
                         BASELINE="2258"
                         HEIGHT="67"
                         WIDTH="1655"
                         VPOS="2191"
                         HPOS="159">
                  <String HEIGHT="67" WIDTH="84" VPOS="2191" HPOS="145" CONTENT="in"/>
                  <SP HEIGHT="67" WIDTH="14" VPOS="2191" HPOS="229"/>
                  <String HEIGHT="67"
                          WIDTH="140"
                          VPOS="2191"
                          HPOS="187"
                          CONTENT="genere"/>
                  <SP HEIGHT="67" WIDTH="14" VPOS="2191" HPOS="327"/>
                  <String HEIGHT="67"
                          WIDTH="154"
                          VPOS="2191"
                          HPOS="285"
                          CONTENT="operis,"/>
                  <SP HEIGHT="67" WIDTH="14" VPOS="2191" HPOS="440"/>
                  <String HEIGHT="67"
                          WIDTH="210"
                          VPOS="2191"
                          HPOS="397"
                          CONTENT="diuersimode"/>
                  <SP HEIGHT="67" WIDTH="14" VPOS="2191" HPOS="608"/>
                  <String HEIGHT="67"
                          WIDTH="224"
                          VPOS="2191"
                          HPOS="566"
                          CONTENT="quaerentibus"/>
                  <SP HEIGHT="67" WIDTH="14" VPOS="2191" HPOS="790"/>
                  <String HEIGHT="67" WIDTH="98" VPOS="2191" HPOS="748" CONTENT="eas"/>
                  <SP HEIGHT="67" WIDTH="14" VPOS="2191" HPOS="846"/>
                  <String HEIGHT="67"
                          WIDTH="140"
                          VPOS="2191"
                          HPOS="804"
                          CONTENT="alonge"/>
                  <SP HEIGHT="67" WIDTH="14" VPOS="2191" HPOS="944"/>
                  <String HEIGHT="67" WIDTH="70" VPOS="2191" HPOS="902" CONTENT="&amp;"/>
                  <SP HEIGHT="67" WIDTH="14" VPOS="2191" HPOS="972"/>
                  <String HEIGHT="67"
                          WIDTH="224"
                          VPOS="2191"
                          HPOS="930"
                          CONTENT="quaerentibus"/>
                  <SP HEIGHT="67" WIDTH="14" VPOS="2191" HPOS="1155"/>
                  <String HEIGHT="67"
                          WIDTH="126"
                          VPOS="2191"
                          HPOS="1113"
                          CONTENT="illas"/>
                  <SP HEIGHT="67" WIDTH="14" VPOS="2191" HPOS="1239"/>
                  <String HEIGHT="67"
                          WIDTH="168"
                          VPOS="2191"
                          HPOS="1197"
                          CONTENT="deprope."/>
                  <SP HEIGHT="67" WIDTH="14" VPOS="2191" HPOS="1365"/>
                  <String HEIGHT="67" WIDTH="84" VPOS="2191" HPOS="1323" CONTENT="sm"/>
                  <SP HEIGHT="67" WIDTH="14" VPOS="2191" HPOS="1407"/>
                  <String HEIGHT="67"
                          WIDTH="112"
                          VPOS="2191"
                          HPOS="1365"
                          CONTENT="quam"/>
                  <SP HEIGHT="67" WIDTH="14" VPOS="2191" HPOS="1477"/>
                  <String HEIGHT="67"
                          WIDTH="182"
                          VPOS="2191"
                          HPOS="1435"
                          CONTENT="mensurare"/>
                  <SP HEIGHT="67" WIDTH="14" VPOS="2191" HPOS="1618"/>
                  <String HEIGHT="67"
                          WIDTH="224"
                          VPOS="2191"
                          HPOS="1576"
                          CONTENT="indulgentias"/>
                  <SP HEIGHT="67" WIDTH="14" VPOS="2191" HPOS="1800"/>
                  <String HEIGHT="67"
                          WIDTH="70"
                          VPOS="2191"
                          HPOS="1744"
                          CONTENT="sub"/>
               </TextLine>
               <TextLine ID="r3l42"
                         BASELINE="2319"
                         HEIGHT="61"
                         WIDTH="1665"
                         VPOS="2258"
                         HPOS="152">
                  <String HEIGHT="61"
                          WIDTH="117"
                          VPOS="2258"
                          HPOS="137"
                          CONTENT="tali"/>
                  <SP HEIGHT="61" WIDTH="15" VPOS="2258" HPOS="254"/>
                  <String HEIGHT="61"
                          WIDTH="219"
                          VPOS="2258"
                          HPOS="210"
                          CONTENT="quantitate:"/>
                  <SP HEIGHT="61" WIDTH="15" VPOS="2258" HPOS="430"/>
                  <String HEIGHT="61"
                          WIDTH="102"
                          VPOS="2258"
                          HPOS="386"
                          CONTENT="vel"/>
                  <SP HEIGHT="61" WIDTH="15" VPOS="2258" HPOS="488"/>
                  <String HEIGHT="61"
                          WIDTH="102"
                          VPOS="2258"
                          HPOS="444"
                          CONTENT="sub"/>
                  <SP HEIGHT="61" WIDTH="15" VPOS="2258" HPOS="546"/>
                  <String HEIGHT="61"
                          WIDTH="131"
                          VPOS="2258"
                          HPOS="503"
                          CONTENT="tali,"/>
                  <SP HEIGHT="61" WIDTH="15" VPOS="2258" HPOS="634"/>
                  <String HEIGHT="61" WIDTH="73" VPOS="2258" HPOS="590" CONTENT="&amp;"/>
                  <SP HEIGHT="61" WIDTH="15" VPOS="2258" HPOS="663"/>
                  <String HEIGHT="61"
                          WIDTH="102"
                          VPOS="2258"
                          HPOS="619"
                          CONTENT="hoc"/>
                  <SP HEIGHT="61" WIDTH="15" VPOS="2258" HPOS="722"/>
                  <String HEIGHT="61"
                          WIDTH="102"
                          VPOS="2258"
                          HPOS="678"
                          CONTENT="vel"/>
                  <SP HEIGHT="61" WIDTH="15" VPOS="2258" HPOS="780"/>
                  <String HEIGHT="61"
                          WIDTH="175"
                          VPOS="2258"
                          HPOS="736"
                          CONTENT="ifinite,"/>
                  <SP HEIGHT="61" WIDTH="15" VPOS="2258" HPOS="911"/>
                  <String HEIGHT="61"
                          WIDTH="102"
                          VPOS="2258"
                          HPOS="868"
                          CONTENT="vel"/>
                  <SP HEIGHT="61" WIDTH="15" VPOS="2258" HPOS="970"/>
                  <String HEIGHT="61"
                          WIDTH="175"
                          VPOS="2258"
                          HPOS="926"
                          CONTENT="definite"/>
                  <SP HEIGHT="61" WIDTH="15" VPOS="2258" HPOS="1101"/>
                  <String HEIGHT="61"
                          WIDTH="102"
                          VPOS="2258"
                          HPOS="1058"
                          CONTENT="vel"/>
                  <SP HEIGHT="61" WIDTH="15" VPOS="2258" HPOS="1160"/>
                  <String HEIGHT="61"
                          WIDTH="219"
                          VPOS="2258"
                          HPOS="1116"
                          CONTENT="diuersimode"/>
                  <SP HEIGHT="61" WIDTH="15" VPOS="2258" HPOS="1335"/>
                  <String HEIGHT="61" WIDTH="88" VPOS="2258" HPOS="1291" CONTENT="sm"/>
                  <SP HEIGHT="61" WIDTH="15" VPOS="2258" HPOS="1379"/>
                  <String HEIGHT="61"
                          WIDTH="234"
                          VPOS="2258"
                          HPOS="1335"
                          CONTENT="diuersitatem"/>
                  <SP HEIGHT="61" WIDTH="15" VPOS="2258" HPOS="1569"/>
                  <String HEIGHT="61"
                          WIDTH="175"
                          VPOS="2258"
                          HPOS="1525"
                          CONTENT="temporm,"/>
                  <SP HEIGHT="61" WIDTH="15" VPOS="2258" HPOS="1700"/>
                  <String HEIGHT="61"
                          WIDTH="175"
                          VPOS="2258"
                          HPOS="1656"
                          CONTENT="locorum,"/>
                  <SP HEIGHT="61" WIDTH="15" VPOS="2258" HPOS="1832"/>
                  <String HEIGHT="61" WIDTH="44" VPOS="2258" HPOS="1773" CONTENT="&amp;"/>
               </TextLine>
               <TextLine ID="r3l43"
                         BASELINE="2367"
                         HEIGHT="65"
                         WIDTH="1659"
                         VPOS="2302"
                         HPOS="163">
                  <String HEIGHT="65"
                          WIDTH="189"
                          VPOS="2302"
                          HPOS="150"
                          CONTENT="personarum"/>
                  <SP HEIGHT="65" WIDTH="13" VPOS="2302" HPOS="338"/>
                  <String HEIGHT="65"
                          WIDTH="121"
                          VPOS="2302"
                          HPOS="298"
                          CONTENT="esset"/>
                  <SP HEIGHT="65" WIDTH="13" VPOS="2302" HPOS="419"/>
                  <String HEIGHT="65"
                          WIDTH="121"
                          VPOS="2302"
                          HPOS="379"
                          CONTENT="optia"/>
                  <SP HEIGHT="65" WIDTH="13" VPOS="2302" HPOS="500"/>
                  <String HEIGHT="65"
                          WIDTH="121"
                          VPOS="2302"
                          HPOS="460"
                          CONTENT="earum"/>
                  <SP HEIGHT="65" WIDTH="13" VPOS="2302" HPOS="581"/>
                  <String HEIGHT="65"
                          WIDTH="216"
                          VPOS="2302"
                          HPOS="541"
                          CONTENT="dispensatio:"/>
                  <SP HEIGHT="65" WIDTH="13" VPOS="2302" HPOS="756"/>
                  <String HEIGHT="65" WIDTH="94" VPOS="2302" HPOS="716" CONTENT="dum"/>
                  <SP HEIGHT="65" WIDTH="13" VPOS="2302" HPOS="810"/>
                  <String HEIGHT="65"
                          WIDTH="121"
                          VPOS="2302"
                          HPOS="770"
                          CONTENT="tamen"/>
                  <SP HEIGHT="65" WIDTH="13" VPOS="2302" HPOS="891"/>
                  <String HEIGHT="65" WIDTH="94" VPOS="2302" HPOS="851" CONTENT="non"/>
                  <SP HEIGHT="65" WIDTH="13" VPOS="2302" HPOS="945"/>
                  <String HEIGHT="65"
                          WIDTH="121"
                          VPOS="2302"
                          HPOS="905"
                          CONTENT="minus"/>
                  <SP HEIGHT="65" WIDTH="13" VPOS="2302" HPOS="1026"/>
                  <String HEIGHT="65"
                          WIDTH="216"
                          VPOS="2302"
                          HPOS="986"
                          CONTENT="procuraretur"/>
                  <SP HEIGHT="65" WIDTH="13" VPOS="2302" HPOS="1202"/>
                  <String HEIGHT="65"
                          WIDTH="121"
                          VPOS="2302"
                          HPOS="1161"
                          CONTENT="honor"/>
                  <SP HEIGHT="65" WIDTH="13" VPOS="2302" HPOS="1282"/>
                  <String HEIGHT="65"
                          WIDTH="94"
                          VPOS="2302"
                          HPOS="1242"
                          CONTENT="dei"/>
                  <SP HEIGHT="65" WIDTH="13" VPOS="2302" HPOS="1336"/>
                  <String HEIGHT="65" WIDTH="67" VPOS="2302" HPOS="1296" CONTENT="&amp;"/>
                  <SP HEIGHT="65" WIDTH="13" VPOS="2302" HPOS="1363"/>
                  <String HEIGHT="65"
                          WIDTH="175"
                          VPOS="2302"
                          HPOS="1323"
                          CONTENT="profectus"/>
                  <SP HEIGHT="65" WIDTH="13" VPOS="2302" HPOS="1498"/>
                  <String HEIGHT="65"
                          WIDTH="148"
                          VPOS="2302"
                          HPOS="1458"
                          CONTENT="eccliae"/>
                  <SP HEIGHT="65" WIDTH="13" VPOS="2302" HPOS="1606"/>
                  <String HEIGHT="65" WIDTH="81" VPOS="2302" HPOS="1566" CONTENT="in"/>
                  <SP HEIGHT="65" WIDTH="13" VPOS="2302" HPOS="1647"/>
                  <String HEIGHT="65"
                          WIDTH="202"
                          VPOS="2302"
                          HPOS="1606"
                          CONTENT="dispensando"/>
                  <SP HEIGHT="65" WIDTH="13" VPOS="2302" HPOS="1809"/>
                  <String HEIGHT="65"
                          WIDTH="67"
                          VPOS="2302"
                          HPOS="1755"
                          CONTENT="eas"/>
               </TextLine>
               <TextLine ID="r3l44"
                         BASELINE="2427"
                         HEIGHT="71"
                         WIDTH="1659"
                         VPOS="2356"
                         HPOS="155">
                  <String HEIGHT="71"
                          WIDTH="202"
                          VPOS="2356"
                          HPOS="142"
                          CONTENT="diuersimode"/>
                  <SP HEIGHT="71" WIDTH="13" VPOS="2356" HPOS="344"/>
                  <String HEIGHT="71" WIDTH="81" VPOS="2356" HPOS="303" CONTENT="sm"/>
                  <SP HEIGHT="71" WIDTH="13" VPOS="2356" HPOS="384"/>
                  <String HEIGHT="71"
                          WIDTH="216"
                          VPOS="2356"
                          HPOS="344"
                          CONTENT="diuersitatem"/>
                  <SP HEIGHT="71" WIDTH="13" VPOS="2356" HPOS="560"/>
                  <String HEIGHT="71"
                          WIDTH="162"
                          VPOS="2356"
                          HPOS="519"
                          CONTENT="temporm,"/>
                  <SP HEIGHT="71" WIDTH="13" VPOS="2356" HPOS="681"/>
                  <String HEIGHT="71"
                          WIDTH="162"
                          VPOS="2356"
                          HPOS="641"
                          CONTENT="locorum,"/>
                  <SP HEIGHT="71" WIDTH="13" VPOS="2356" HPOS="802"/>
                  <String HEIGHT="71" WIDTH="67" VPOS="2356" HPOS="762" CONTENT="&amp;"/>
                  <SP HEIGHT="71" WIDTH="13" VPOS="2356" HPOS="829"/>
                  <String HEIGHT="71"
                          WIDTH="202"
                          VPOS="2356"
                          HPOS="789"
                          CONTENT="personarum:"/>
                  <SP HEIGHT="71" WIDTH="13" VPOS="2356" HPOS="991"/>
                  <String HEIGHT="71" WIDTH="67" VPOS="2356" HPOS="951" CONTENT="&amp;"/>
                  <SP HEIGHT="71" WIDTH="13" VPOS="2356" HPOS="1018"/>
                  <String HEIGHT="71" WIDTH="81" VPOS="2356" HPOS="978" CONTENT="in"/>
                  <SP HEIGHT="71" WIDTH="13" VPOS="2356" HPOS="1059"/>
                  <String HEIGHT="71"
                          WIDTH="202"
                          VPOS="2356"
                          HPOS="1018"
                          CONTENT="dispensando"/>
                  <SP HEIGHT="71" WIDTH="13" VPOS="2356" HPOS="1221"/>
                  <String HEIGHT="71"
                          WIDTH="121"
                          VPOS="2356"
                          HPOS="1180"
                          CONTENT="illas"/>
                  <SP HEIGHT="71" WIDTH="13" VPOS="2356" HPOS="1301"/>
                  <String HEIGHT="71"
                          WIDTH="94"
                          VPOS="2356"
                          HPOS="1261"
                          CONTENT="per"/>
                  <SP HEIGHT="71" WIDTH="13" VPOS="2356" HPOS="1355"/>
                  <String HEIGHT="71"
                          WIDTH="270"
                          VPOS="2356"
                          HPOS="1315"
                          CONTENT="omniaaequalitur:"/>
                  <SP HEIGHT="71" WIDTH="13" VPOS="2356" HPOS="1585"/>
                  <String HEIGHT="71"
                          WIDTH="94"
                          VPOS="2356"
                          HPOS="1544"
                          CONTENT="aut"/>
                  <SP HEIGHT="71" WIDTH="13" VPOS="2356" HPOS="1639"/>
                  <String HEIGHT="71" WIDTH="81" VPOS="2356" HPOS="1598" CONTENT="in"/>
                  <SP HEIGHT="71" WIDTH="13" VPOS="2356" HPOS="1679"/>
                  <String HEIGHT="71"
                          WIDTH="202"
                          VPOS="2356"
                          HPOS="1639"
                          CONTENT="dispensando"/>
                  <SP HEIGHT="71" WIDTH="13" VPOS="2356" HPOS="1841"/>
                  <String HEIGHT="71" WIDTH="27" VPOS="2356" HPOS="1787" CONTENT=""/>
               </TextLine>
               <TextLine ID="r3l45"
                         BASELINE="2476"
                         HEIGHT="64"
                         WIDTH="1665"
                         VPOS="2412"
                         HPOS="158">
                  <String HEIGHT="64" WIDTH="96" VPOS="2412" HPOS="144" CONTENT="eas"/>
                  <SP HEIGHT="64" WIDTH="14" VPOS="2412" HPOS="241"/>
                  <String HEIGHT="64"
                          WIDTH="151"
                          VPOS="2412"
                          HPOS="199"
                          CONTENT="miores:"/>
                  <SP HEIGHT="64" WIDTH="14" VPOS="2412" HPOS="351"/>
                  <String HEIGHT="64"
                          WIDTH="110"
                          VPOS="2412"
                          HPOS="309"
                          CONTENT="quam"/>
                  <SP HEIGHT="64" WIDTH="14" VPOS="2412" HPOS="419"/>
                  <String HEIGHT="64" WIDTH="83" VPOS="2412" HPOS="378" CONTENT="in"/>
                  <SP HEIGHT="64" WIDTH="14" VPOS="2412" HPOS="461"/>
                  <String HEIGHT="64"
                          WIDTH="206"
                          VPOS="2412"
                          HPOS="419"
                          CONTENT="dispensando"/>
                  <SP HEIGHT="64" WIDTH="14" VPOS="2412" HPOS="626"/>
                  <String HEIGHT="64" WIDTH="96" VPOS="2412" HPOS="585" CONTENT="eas"/>
                  <SP HEIGHT="64" WIDTH="14" VPOS="2412" HPOS="681"/>
                  <String HEIGHT="64"
                          WIDTH="165"
                          VPOS="2412"
                          HPOS="640"
                          CONTENT="maiores."/>
                  <SP HEIGHT="64" WIDTH="14" VPOS="2412" HPOS="805"/>
                  <String HEIGHT="64"
                          WIDTH="110"
                          VPOS="2412"
                          HPOS="763"
                          CONTENT="quia"/>
                  <SP HEIGHT="64" WIDTH="14" VPOS="2412" HPOS="874"/>
                  <String HEIGHT="64"
                          WIDTH="206"
                          VPOS="2412"
                          HPOS="832"
                          CONTENT="simpliciter"/>
                  <SP HEIGHT="64" WIDTH="14" VPOS="2412" HPOS="1039"/>
                  <String HEIGHT="64" WIDTH="69" VPOS="2412" HPOS="997" CONTENT="&amp;"/>
                  <SP HEIGHT="64" WIDTH="14" VPOS="2412" HPOS="1066"/>
                  <String HEIGHT="64"
                          WIDTH="165"
                          VPOS="2412"
                          HPOS="1025"
                          CONTENT="absolute"/>
                  <SP HEIGHT="64" WIDTH="14" VPOS="2412" HPOS="1190"/>
                  <String HEIGHT="64"
                          WIDTH="110"
                          VPOS="2412"
                          HPOS="1149"
                          CONTENT="taul"/>
                  <SP HEIGHT="64" WIDTH="14" VPOS="2412" HPOS="1259"/>
                  <String HEIGHT="64" WIDTH="69" VPOS="2412" HPOS="1218" CONTENT="&amp;"/>
                  <SP HEIGHT="64" WIDTH="14" VPOS="2412" HPOS="1286"/>
                  <String HEIGHT="64"
                          WIDTH="124"
                          VPOS="2412"
                          HPOS="1245"
                          CONTENT="tanta"/>
                  <SP HEIGHT="64" WIDTH="14" VPOS="2412" HPOS="1369"/>
                  <String HEIGHT="64"
                          WIDTH="206"
                          VPOS="2412"
                          HPOS="1328"
                          CONTENT="dispensatio"/>
                  <SP HEIGHT="64" WIDTH="14" VPOS="2412" HPOS="1534"/>
                  <String HEIGHT="64"
                          WIDTH="248"
                          VPOS="2412"
                          HPOS="1493"
                          CONTENT="indulgentiarum"/>
                  <SP HEIGHT="64" WIDTH="14" VPOS="2412" HPOS="1740"/>
                  <String HEIGHT="64"
                          WIDTH="96"
                          VPOS="2412"
                          HPOS="1699"
                          CONTENT="est"/>
                  <SP HEIGHT="64" WIDTH="14" VPOS="2412" HPOS="1795"/>
                  <String HEIGHT="64"
                          WIDTH="83"
                          VPOS="2412"
                          HPOS="1740"
                          CONTENT="opti"/>
               </TextLine>
               <TextLine ID="r3l46"
                         BASELINE="2540"
                         HEIGHT="71"
                         WIDTH="1650"
                         VPOS="2469"
                         HPOS="163">
                  <String HEIGHT="71"
                          WIDTH="106"
                          VPOS="2469"
                          HPOS="148"
                          CONTENT="ma,"/>
                  <SP HEIGHT="71" WIDTH="15" VPOS="2469" HPOS="254"/>
                  <String HEIGHT="71" WIDTH="76" VPOS="2469" HPOS="208" CONTENT="&amp;"/>
                  <SP HEIGHT="71" WIDTH="15" VPOS="2469" HPOS="284"/>
                  <String HEIGHT="71"
                          WIDTH="136"
                          VPOS="2469"
                          HPOS="239"
                          CONTENT="summe"/>
                  <SP HEIGHT="71" WIDTH="15" VPOS="2469" HPOS="375"/>
                  <String HEIGHT="71" WIDTH="76" VPOS="2469" HPOS="330" CONTENT="a"/>
                  <SP HEIGHT="71" WIDTH="15" VPOS="2469" HPOS="405"/>
                  <String HEIGHT="71"
                          WIDTH="106"
                          VPOS="2469"
                          HPOS="360"
                          CONTENT="deo"/>
                  <SP HEIGHT="71" WIDTH="15" VPOS="2469" HPOS="466"/>
                  <String HEIGHT="71"
                          WIDTH="227"
                          VPOS="2469"
                          HPOS="420"
                          CONTENT="acceptatur:"/>
                  <SP HEIGHT="71" WIDTH="15" VPOS="2469" HPOS="647"/>
                  <String HEIGHT="71"
                          WIDTH="136"
                          VPOS="2469"
                          HPOS="602"
                          CONTENT="quali"/>
                  <SP HEIGHT="71" WIDTH="15" VPOS="2469" HPOS="738"/>
                  <String HEIGHT="71" WIDTH="76" VPOS="2469" HPOS="693" CONTENT="&amp;"/>
                  <SP HEIGHT="71" WIDTH="15" VPOS="2469" HPOS="769"/>
                  <String HEIGHT="71"
                          WIDTH="151"
                          VPOS="2469"
                          HPOS="723"
                          CONTENT="quanta"/>
                  <SP HEIGHT="71" WIDTH="15" VPOS="2469" HPOS="874"/>
                  <String HEIGHT="71"
                          WIDTH="136"
                          VPOS="2469"
                          HPOS="829"
                          CONTENT="honor"/>
                  <SP HEIGHT="71" WIDTH="15" VPOS="2469" HPOS="965"/>
                  <String HEIGHT="71"
                          WIDTH="106"
                          VPOS="2469"
                          HPOS="920"
                          CONTENT="dei"/>
                  <SP HEIGHT="71" WIDTH="15" VPOS="2469" HPOS="1026"/>
                  <String HEIGHT="71"
                          WIDTH="136"
                          VPOS="2469"
                          HPOS="980"
                          CONTENT="maior"/>
                  <SP HEIGHT="71" WIDTH="15" VPOS="2469" HPOS="1117"/>
                  <String HEIGHT="71" WIDTH="76" VPOS="2469" HPOS="1071" CONTENT="&amp;"/>
                  <SP HEIGHT="71" WIDTH="15" VPOS="2469" HPOS="1147"/>
                  <String HEIGHT="71"
                          WIDTH="136"
                          VPOS="2469"
                          HPOS="1102"
                          CONTENT="maior"/>
                  <SP HEIGHT="71" WIDTH="15" VPOS="2469" HPOS="1238"/>
                  <String HEIGHT="71"
                          WIDTH="197"
                          VPOS="2469"
                          HPOS="1192"
                          CONTENT="profectus"/>
                  <SP HEIGHT="71" WIDTH="15" VPOS="2469" HPOS="1389"/>
                  <String HEIGHT="71"
                          WIDTH="197"
                          VPOS="2469"
                          HPOS="1344"
                          CONTENT="ecclesiae"/>
                  <SP HEIGHT="71" WIDTH="15" VPOS="2469" HPOS="1541"/>
                  <String HEIGHT="71"
                          WIDTH="151"
                          VPOS="2469"
                          HPOS="1495"
                          CONTENT="valent"/>
                  <SP HEIGHT="71" WIDTH="15" VPOS="2469" HPOS="1646"/>
                  <String HEIGHT="71"
                          WIDTH="212"
                          VPOS="2469"
                          HPOS="1601"
                          CONTENT="procurari."/>
                  <SP HEIGHT="71" WIDTH="15" VPOS="2469" HPOS="1813"/>
                  <String HEIGHT="71" WIDTH="61" VPOS="2469" HPOS="1752" CONTENT="Et"/>
               </TextLine>
               <TextLine ID="r3l48"
                         BASELINE="2583"
                         HEIGHT="61"
                         WIDTH="1641"
                         VPOS="2522"
                         HPOS="164">
                  <String HEIGHT="61"
                          WIDTH="100"
                          VPOS="2522"
                          HPOS="150"
                          CONTENT="sic"/>
                  <SP HEIGHT="61" WIDTH="14" VPOS="2522" HPOS="250"/>
                  <String HEIGHT="61"
                          WIDTH="214"
                          VPOS="2522"
                          HPOS="207"
                          CONTENT="simpliciter"/>
                  <SP HEIGHT="61" WIDTH="14" VPOS="2522" HPOS="421"/>
                  <String HEIGHT="61"
                          WIDTH="228"
                          VPOS="2522"
                          HPOS="378"
                          CONTENT="principalior"/>
                  <SP HEIGHT="61" WIDTH="14" VPOS="2522" HPOS="606"/>
                  <String HEIGHT="61"
                          WIDTH="128"
                          VPOS="2522"
                          HPOS="564"
                          CONTENT="modus"/>
                  <SP HEIGHT="61" WIDTH="14" VPOS="2522" HPOS="692"/>
                  <String HEIGHT="61"
                          WIDTH="200"
                          VPOS="2522"
                          HPOS="649"
                          CONTENT="mensurandi"/>
                  <SP HEIGHT="61" WIDTH="14" VPOS="2522" HPOS="849"/>
                  <String HEIGHT="61"
                          WIDTH="257"
                          VPOS="2522"
                          HPOS="806"
                          CONTENT="dispensationem"/>
                  <SP HEIGHT="61" WIDTH="14" VPOS="2522" HPOS="1063"/>
                  <String HEIGHT="61"
                          WIDTH="257"
                          VPOS="2522"
                          HPOS="1020"
                          CONTENT="indulgentiarum"/>
                  <SP HEIGHT="61" WIDTH="14" VPOS="2522" HPOS="1277"/>
                  <String HEIGHT="61"
                          WIDTH="100"
                          VPOS="2522"
                          HPOS="1234"
                          CONTENT="est"/>
                  <SP HEIGHT="61" WIDTH="14" VPOS="2522" HPOS="1334"/>
                  <String HEIGHT="61"
                          WIDTH="171"
                          VPOS="2522"
                          HPOS="1291"
                          CONTENT="secundum"/>
                  <SP HEIGHT="61" WIDTH="14" VPOS="2522" HPOS="1463"/>
                  <String HEIGHT="61"
                          WIDTH="128"
                          VPOS="2522"
                          HPOS="1420"
                          CONTENT="modum"/>
                  <SP HEIGHT="61" WIDTH="14" VPOS="2522" HPOS="1548"/>
                  <String HEIGHT="61"
                          WIDTH="128"
                          VPOS="2522"
                          HPOS="1505"
                          CONTENT="finis"/>
                  <SP HEIGHT="61" WIDTH="14" VPOS="2522" HPOS="1634"/>
                  <String HEIGHT="61" WIDTH="71" VPOS="2522" HPOS="1591" CONTENT="&amp;"/>
                  <SP HEIGHT="61" WIDTH="14" VPOS="2522" HPOS="1662"/>
                  <String HEIGHT="61"
                          WIDTH="200"
                          VPOS="2522"
                          HPOS="1605"
                          CONTENT="necessitatem"/>
               </TextLine>
               <TextLine ID="r3l50"
                         BASELINE="2636"
                         HEIGHT="62"
                         WIDTH="1644"
                         VPOS="2574"
                         HPOS="169">
                  <String HEIGHT="62"
                          WIDTH="128"
                          VPOS="2574"
                          HPOS="155"
                          CONTENT="eius."/>
                  <SP HEIGHT="62" WIDTH="14" VPOS="2574" HPOS="282"/>
                  <String HEIGHT="62"
                          WIDTH="213"
                          VPOS="2574"
                          HPOS="240"
                          CONTENT="Secundarius"/>
                  <SP HEIGHT="62" WIDTH="14" VPOS="2574" HPOS="452"/>
                  <String HEIGHT="62"
                          WIDTH="128"
                          VPOS="2574"
                          HPOS="410"
                          CONTENT="autem"/>
                  <SP HEIGHT="62" WIDTH="14" VPOS="2574" HPOS="537"/>
                  <String HEIGHT="62"
                          WIDTH="170"
                          VPOS="2574"
                          HPOS="495"
                          CONTENT="secundum"/>
                  <SP HEIGHT="62" WIDTH="14" VPOS="2574" HPOS="665"/>
                  <String HEIGHT="62"
                          WIDTH="128"
                          VPOS="2574"
                          HPOS="623"
                          CONTENT="modum"/>
                  <SP HEIGHT="62" WIDTH="14" VPOS="2574" HPOS="750"/>
                  <String HEIGHT="62"
                          WIDTH="142"
                          VPOS="2574"
                          HPOS="708"
                          CONTENT="operis"/>
                  <SP HEIGHT="62" WIDTH="14" VPOS="2574" HPOS="849"/>
                  <String HEIGHT="62" WIDTH="71" VPOS="2574" HPOS="807" CONTENT="&amp;"/>
                  <SP HEIGHT="62" WIDTH="14" VPOS="2574" HPOS="878"/>
                  <String HEIGHT="62"
                          WIDTH="213"
                          VPOS="2574"
                          HPOS="835"
                          CONTENT="quantitatem"/>
                  <SP HEIGHT="62" WIDTH="14" VPOS="2574" HPOS="1048"/>
                  <String HEIGHT="62"
                          WIDTH="156"
                          VPOS="2574"
                          HPOS="1005"
                          CONTENT="laboris"/>
                  <SP HEIGHT="62" WIDTH="14" VPOS="2574" HPOS="1161"/>
                  <String HEIGHT="62" WIDTH="85" VPOS="2574" HPOS="1119" CONTENT="in"/>
                  <SP HEIGHT="62" WIDTH="14" VPOS="2574" HPOS="1204"/>
                  <String HEIGHT="62"
                          WIDTH="128"
                          VPOS="2574"
                          HPOS="1161"
                          CONTENT="illo."/>
                  <SP HEIGHT="62" WIDTH="14" VPOS="2574" HPOS="1289"/>
                  <String HEIGHT="62"
                          WIDTH="99"
                          VPOS="2574"
                          HPOS="1246"
                          CONTENT="Sed"/>
                  <SP HEIGHT="62" WIDTH="14" VPOS="2574" HPOS="1345"/>
                  <String HEIGHT="62"
                          WIDTH="99"
                          VPOS="2574"
                          HPOS="1303"
                          CONTENT="non"/>
                  <SP HEIGHT="62" WIDTH="14" VPOS="2574" HPOS="1402"/>
                  <String HEIGHT="62"
                          WIDTH="99"
                          VPOS="2574"
                          HPOS="1359"
                          CONTENT="est"/>
                  <SP HEIGHT="62" WIDTH="14" VPOS="2574" HPOS="1459"/>
                  <String HEIGHT="62"
                          WIDTH="128"
                          VPOS="2574"
                          HPOS="1416"
                          CONTENT="modus"/>
                  <SP HEIGHT="62" WIDTH="14" VPOS="2574" HPOS="1544"/>
                  <String HEIGHT="62"
                          WIDTH="113"
                          VPOS="2574"
                          HPOS="1501"
                          CONTENT="iste"/>
                  <SP HEIGHT="62" WIDTH="14" VPOS="2574" HPOS="1615"/>
                  <String HEIGHT="62"
                          WIDTH="198"
                          VPOS="2574"
                          HPOS="1572"
                          CONTENT="deteriatus"/>
                  <SP HEIGHT="62" WIDTH="14" VPOS="2574" HPOS="1770"/>
                  <String HEIGHT="62" WIDTH="85" VPOS="2574" HPOS="1728" CONTENT="in"/>
                  <SP HEIGHT="62" WIDTH="14" VPOS="2574" HPOS="1813"/>
                  <String HEIGHT="62" WIDTH="57" VPOS="2574" HPOS="1756" CONTENT="na"/>
               </TextLine>
               <TextLine ID="r3l51"
                         BASELINE="2689"
                         HEIGHT="63"
                         WIDTH="1648"
                         VPOS="2626"
                         HPOS="167">
                  <String HEIGHT="63"
                          WIDTH="116"
                          VPOS="2626"
                          HPOS="153"
                          CONTENT="tura"/>
                  <SP HEIGHT="63" WIDTH="14" VPOS="2626" HPOS="268"/>
                  <String HEIGHT="63"
                          WIDTH="116"
                          VPOS="2626"
                          HPOS="225"
                          CONTENT="rei:"/>
                  <SP HEIGHT="63" WIDTH="14" VPOS="2626" HPOS="340"/>
                  <String HEIGHT="63"
                          WIDTH="101"
                          VPOS="2626"
                          HPOS="297"
                          CONTENT="sed"/>
                  <SP HEIGHT="63" WIDTH="14" VPOS="2626" HPOS="398"/>
                  <String HEIGHT="63" WIDTH="87" VPOS="2626" HPOS="355" CONTENT="sm"/>
                  <SP HEIGHT="63" WIDTH="14" VPOS="2626" HPOS="442"/>
                  <String HEIGHT="63"
                          WIDTH="231"
                          VPOS="2626"
                          HPOS="398"
                          CONTENT="diuersitatem"/>
                  <SP HEIGHT="63" WIDTH="14" VPOS="2626" HPOS="630"/>
                  <String HEIGHT="63"
                          WIDTH="188"
                          VPOS="2626"
                          HPOS="586"
                          CONTENT="causarum,"/>
                  <SP HEIGHT="63" WIDTH="14" VPOS="2626" HPOS="774"/>
                  <String HEIGHT="63" WIDTH="72" VPOS="2626" HPOS="731" CONTENT="&amp;"/>
                  <SP HEIGHT="63" WIDTH="14" VPOS="2626" HPOS="803"/>
                  <String HEIGHT="63"
                          WIDTH="188"
                          VPOS="2626"
                          HPOS="760"
                          CONTENT="temporum,"/>
                  <SP HEIGHT="63" WIDTH="14" VPOS="2626" HPOS="948"/>
                  <String HEIGHT="63"
                          WIDTH="173"
                          VPOS="2626"
                          HPOS="904"
                          CONTENT="locorum,"/>
                  <SP HEIGHT="63" WIDTH="14" VPOS="2626" HPOS="1078"/>
                  <String HEIGHT="63" WIDTH="72" VPOS="2626" HPOS="1034" CONTENT="&amp;"/>
                  <SP HEIGHT="63" WIDTH="14" VPOS="2626" HPOS="1107"/>
                  <String HEIGHT="63"
                          WIDTH="202"
                          VPOS="2626"
                          HPOS="1063"
                          CONTENT="personarum"/>
                  <SP HEIGHT="63" WIDTH="14" VPOS="2626" HPOS="1266"/>
                  <String HEIGHT="63"
                          WIDTH="188"
                          VPOS="2626"
                          HPOS="1222"
                          CONTENT="deteriari"/>
                  <SP HEIGHT="63" WIDTH="14" VPOS="2626" HPOS="1410"/>
                  <String HEIGHT="63"
                          WIDTH="130"
                          VPOS="2626"
                          HPOS="1367"
                          CONTENT="debet"/>
                  <SP HEIGHT="63" WIDTH="14" VPOS="2626" HPOS="1497"/>
                  <String HEIGHT="63"
                          WIDTH="173"
                          VPOS="2626"
                          HPOS="1454"
                          CONTENT="secundum"/>
                  <SP HEIGHT="63" WIDTH="14" VPOS="2626" HPOS="1627"/>
                  <String HEIGHT="63"
                          WIDTH="173"
                          VPOS="2626"
                          HPOS="1584"
                          CONTENT="iudicium"/>
                  <SP HEIGHT="63" WIDTH="14" VPOS="2626" HPOS="1757"/>
                  <String HEIGHT="63"
                          WIDTH="116"
                          VPOS="2626"
                          HPOS="1699"
                          CONTENT="rectae"/>
               </TextLine>
               <TextLine ID="r3l52"
                         BASELINE="2749"
                         HEIGHT="69"
                         WIDTH="1640"
                         VPOS="2680"
                         HPOS="164">
                  <String HEIGHT="69"
                          WIDTH="163"
                          VPOS="2680"
                          HPOS="150"
                          CONTENT="rationis"/>
                  <SP HEIGHT="69" WIDTH="14" VPOS="2680" HPOS="313"/>
                  <String HEIGHT="69"
                          WIDTH="122"
                          VPOS="2680"
                          HPOS="272"
                          CONTENT="prout"/>
                  <SP HEIGHT="69" WIDTH="14" VPOS="2680" HPOS="394"/>
                  <String HEIGHT="69"
                          WIDTH="149"
                          VPOS="2680"
                          HPOS="354"
                          CONTENT="sapiens"/>
                  <SP HEIGHT="69" WIDTH="14" VPOS="2680" HPOS="503"/>
                  <String HEIGHT="69"
                          WIDTH="203"
                          VPOS="2680"
                          HPOS="462"
                          CONTENT="deteriaret:"/>
                  <SP HEIGHT="69" WIDTH="14" VPOS="2680" HPOS="665"/>
                  <String HEIGHT="69" WIDTH="68" VPOS="2680" HPOS="625" CONTENT="&amp;"/>
                  <SP HEIGHT="69" WIDTH="14" VPOS="2680" HPOS="693"/>
                  <String HEIGHT="69" WIDTH="95" VPOS="2680" HPOS="652" CONTENT="hoc"/>
                  <SP HEIGHT="69" WIDTH="14" VPOS="2680" HPOS="747"/>
                  <String HEIGHT="69"
                          WIDTH="136"
                          VPOS="2680"
                          HPOS="706"
                          CONTENT="iustum"/>
                  <SP HEIGHT="69" WIDTH="14" VPOS="2680" HPOS="842"/>
                  <String HEIGHT="69" WIDTH="95" VPOS="2680" HPOS="801" CONTENT="est"/>
                  <SP HEIGHT="69" WIDTH="14" VPOS="2680" HPOS="896"/>
                  <String HEIGHT="69"
                          WIDTH="163"
                          VPOS="2680"
                          HPOS="855"
                          CONTENT="secundum"/>
                  <SP HEIGHT="69" WIDTH="14" VPOS="2680" HPOS="1018"/>
                  <String HEIGHT="69"
                          WIDTH="149"
                          VPOS="2680"
                          HPOS="977"
                          CONTENT="regulas"/>
                  <SP HEIGHT="69" WIDTH="14" VPOS="2680" HPOS="1126"/>
                  <String HEIGHT="69"
                          WIDTH="176"
                          VPOS="2680"
                          HPOS="1086"
                          CONTENT="iustitiae"/>
                  <SP HEIGHT="69" WIDTH="14" VPOS="2680" HPOS="1262"/>
                  <String HEIGHT="69"
                          WIDTH="122"
                          VPOS="2680"
                          HPOS="1221"
                          CONTENT="primo"/>
                  <SP HEIGHT="69" WIDTH="14" VPOS="2680" HPOS="1343"/>
                  <String HEIGHT="69"
                          WIDTH="108"
                          VPOS="2680"
                          HPOS="1303"
                          CONTENT="modo"/>
                  <SP HEIGHT="69" WIDTH="14" VPOS="2680" HPOS="1411"/>
                  <String HEIGHT="69"
                          WIDTH="149"
                          VPOS="2680"
                          HPOS="1370"
                          CONTENT="dictae,"/>
                  <SP HEIGHT="69" WIDTH="14" VPOS="2680" HPOS="1519"/>
                  <String HEIGHT="69"
                          WIDTH="108"
                          VPOS="2680"
                          HPOS="1479"
                          CONTENT="quae"/>
                  <SP HEIGHT="69" WIDTH="14" VPOS="2680" HPOS="1587"/>
                  <String HEIGHT="69"
                          WIDTH="149"
                          VPOS="2680"
                          HPOS="1546"
                          CONTENT="propria"/>
                  <SP HEIGHT="69" WIDTH="14" VPOS="2680" HPOS="1696"/>
                  <String HEIGHT="69"
                          WIDTH="95"
                          VPOS="2680"
                          HPOS="1655"
                          CONTENT="est"/>
                  <SP HEIGHT="69" WIDTH="14" VPOS="2680" HPOS="1750"/>
                  <String HEIGHT="69"
                          WIDTH="122"
                          VPOS="2680"
                          HPOS="1709"
                          CONTENT="indul"/>
                  <SP HEIGHT="69" WIDTH="14" VPOS="2680" HPOS="1831"/>
                  <String HEIGHT="69" WIDTH="27" VPOS="2680" HPOS="1777" CONTENT=""/>
               </TextLine>
               <TextLine ID="r3l53"
                         BASELINE="2799"
                         HEIGHT="57"
                         WIDTH="1652"
                         VPOS="2742"
                         HPOS="169">
                  <String HEIGHT="57"
                          WIDTH="162"
                          VPOS="2742"
                          HPOS="155"
                          CONTENT="gentiis,"/>
                  <SP HEIGHT="57" WIDTH="14" VPOS="2742" HPOS="318"/>
                  <String HEIGHT="57"
                          WIDTH="122"
                          VPOS="2742"
                          HPOS="277"
                          CONTENT="licet"/>
                  <SP HEIGHT="57" WIDTH="14" VPOS="2742" HPOS="399"/>
                  <String HEIGHT="57"
                          WIDTH="108"
                          VPOS="2742"
                          HPOS="359"
                          CONTENT="non."/>
                  <SP HEIGHT="57" WIDTH="14" VPOS="2742" HPOS="467"/>
                  <String HEIGHT="57"
                          WIDTH="162"
                          VPOS="2742"
                          HPOS="426"
                          CONTENT="secundum"/>
                  <SP HEIGHT="57" WIDTH="14" VPOS="2742" HPOS="589"/>
                  <String HEIGHT="57"
                          WIDTH="149"
                          VPOS="2742"
                          HPOS="548"
                          CONTENT="regulas"/>
                  <SP HEIGHT="57" WIDTH="14" VPOS="2742" HPOS="697"/>
                  <String HEIGHT="57"
                          WIDTH="176"
                          VPOS="2742"
                          HPOS="656"
                          CONTENT="iustitiae"/>
                  <SP HEIGHT="57" WIDTH="14" VPOS="2742" HPOS="833"/>
                  <String HEIGHT="57"
                          WIDTH="149"
                          VPOS="2742"
                          HPOS="792"
                          CONTENT="secundo"/>
                  <SP HEIGHT="57" WIDTH="14" VPOS="2742" HPOS="941"/>
                  <String HEIGHT="57"
                          WIDTH="108"
                          VPOS="2742"
                          HPOS="900"
                          CONTENT="modo"/>
                  <SP HEIGHT="57" WIDTH="14" VPOS="2742" HPOS="1009"/>
                  <String HEIGHT="57"
                          WIDTH="149"
                          VPOS="2742"
                          HPOS="968"
                          CONTENT="dictae:"/>
                  <SP HEIGHT="57" WIDTH="14" VPOS="2742" HPOS="1117"/>
                  <String HEIGHT="57"
                          WIDTH="108"
                          VPOS="2742"
                          HPOS="1076"
                          CONTENT="quae"/>
                  <SP HEIGHT="57" WIDTH="14" VPOS="2742" HPOS="1185"/>
                  <String HEIGHT="57"
                          WIDTH="162"
                          VPOS="2742"
                          HPOS="1144"
                          CONTENT="repugnat"/>
                  <SP HEIGHT="57" WIDTH="14" VPOS="2742" HPOS="1306"/>
                  <String HEIGHT="57"
                          WIDTH="230"
                          VPOS="2742"
                          HPOS="1266"
                          CONTENT="indulgentiis,"/>
                  <SP HEIGHT="57" WIDTH="14" VPOS="2742" HPOS="1496"/>
                  <String HEIGHT="57" WIDTH="81" VPOS="2742" HPOS="1455" CONTENT="vt"/>
                  <SP HEIGHT="57" WIDTH="14" VPOS="2742" HPOS="1537"/>
                  <String HEIGHT="57"
                          WIDTH="122"
                          VPOS="2742"
                          HPOS="1496"
                          CONTENT="patet"/>
                  <SP HEIGHT="57" WIDTH="14" VPOS="2742" HPOS="1618"/>
                  <String HEIGHT="57" WIDTH="81" VPOS="2742" HPOS="1577" CONTENT="ex"/>
                  <SP HEIGHT="57" WIDTH="14" VPOS="2742" HPOS="1659"/>
                  <String HEIGHT="57"
                          WIDTH="217"
                          VPOS="2742"
                          HPOS="1604"
                          CONTENT="praedeteriatis"/>
               </TextLine>
               <TextLine ID="r3l54"
                         BASELINE="2862"
                         HEIGHT="70"
                         WIDTH="1634"
                         VPOS="2792"
                         HPOS="178">
                  <String HEIGHT="70"
                          WIDTH="123"
                          VPOS="2792"
                          HPOS="163"
                          CONTENT="Vnde"/>
                  <SP HEIGHT="70" WIDTH="15" VPOS="2792" HPOS="286"/>
                  <String HEIGHT="70"
                          WIDTH="108"
                          VPOS="2792"
                          HPOS="240"
                          CONTENT="non"/>
                  <SP HEIGHT="70" WIDTH="15" VPOS="2792" HPOS="348"/>
                  <String HEIGHT="70"
                          WIDTH="108"
                          VPOS="2792"
                          HPOS="301"
                          CONTENT="est"/>
                  <SP HEIGHT="70" WIDTH="15" VPOS="2792" HPOS="409"/>
                  <String HEIGHT="70"
                          WIDTH="154"
                          VPOS="2792"
                          HPOS="363"
                          CONTENT="medium"/>
                  <SP HEIGHT="70" WIDTH="15" VPOS="2792" HPOS="517"/>
                  <String HEIGHT="70"
                          WIDTH="200"
                          VPOS="2792"
                          HPOS="471"
                          CONTENT="strictum:"/>
                  <SP HEIGHT="70" WIDTH="15" VPOS="2792" HPOS="671"/>
                  <String HEIGHT="70"
                          WIDTH="108"
                          VPOS="2792"
                          HPOS="625"
                          CONTENT="sed"/>
                  <SP HEIGHT="70" WIDTH="15" VPOS="2792" HPOS="733"/>
                  <String HEIGHT="70"
                          WIDTH="185"
                          VPOS="2792"
                          HPOS="687"
                          CONTENT="immensae"/>
                  <SP HEIGHT="70" WIDTH="15" VPOS="2792" HPOS="872"/>
                  <String HEIGHT="70"
                          WIDTH="231"
                          VPOS="2792"
                          HPOS="825"
                          CONTENT="latitudinis"/>
                  <SP HEIGHT="70" WIDTH="15" VPOS="2792" HPOS="1057"/>
                  <String HEIGHT="70" WIDTH="92" VPOS="2792" HPOS="1010" CONTENT="in"/>
                  <SP HEIGHT="70" WIDTH="15" VPOS="2792" HPOS="1103"/>
                  <String HEIGHT="70"
                          WIDTH="216"
                          VPOS="2792"
                          HPOS="1057"
                          CONTENT="mensurando"/>
                  <SP HEIGHT="70" WIDTH="15" VPOS="2792" HPOS="1272"/>
                  <String HEIGHT="70"
                          WIDTH="108"
                          VPOS="2792"
                          HPOS="1226"
                          CONTENT="hoc"/>
                  <SP HEIGHT="70" WIDTH="15" VPOS="2792" HPOS="1334"/>
                  <String HEIGHT="70"
                          WIDTH="123"
                          VPOS="2792"
                          HPOS="1288"
                          CONTENT="modo"/>
                  <SP HEIGHT="70" WIDTH="15" VPOS="2792" HPOS="1411"/>
                  <String HEIGHT="70"
                          WIDTH="262"
                          VPOS="2792"
                          HPOS="1365"
                          CONTENT="indulgentias:"/>
                  <SP HEIGHT="70" WIDTH="15" VPOS="2792" HPOS="1627"/>
                  <String HEIGHT="70" WIDTH="77" VPOS="2792" HPOS="1581" CONTENT="&amp;"/>
                  <SP HEIGHT="70" WIDTH="15" VPOS="2792" HPOS="1658"/>
                  <String HEIGHT="70"
                          WIDTH="154"
                          VPOS="2792"
                          HPOS="1612"
                          CONTENT="potest"/>
                  <SP HEIGHT="70" WIDTH="15" VPOS="2792" HPOS="1766"/>
                  <String HEIGHT="70"
                          WIDTH="108"
                          VPOS="2792"
                          HPOS="1704"
                          CONTENT="prae"
                          SUBS_TYPE="HypPart1"
                          SUBS_CONTENT="praelatus"/>
                  <HYP CONTENT="-"/>
               </TextLine>
               <TextLine ID="r3l55"
                         BASELINE="2912"
                         HEIGHT="70"
                         WIDTH="1651"
                         VPOS="2842"
                         HPOS="167">
                  <String HEIGHT="70"
                          WIDTH="162"
                          VPOS="2842"
                          HPOS="149"
                          CONTENT="latus"
                          SUBS_TYPE="HypPart2"
                          SUBS_CONTENT="praelatus"/>
                  <SP HEIGHT="70" WIDTH="18" VPOS="2842" HPOS="311"/>
                  <String HEIGHT="70"
                          WIDTH="126"
                          VPOS="2842"
                          HPOS="257"
                          CONTENT="pro"/>
                  <SP HEIGHT="70" WIDTH="18" VPOS="2842" HPOS="382"/>
                  <String HEIGHT="70"
                          WIDTH="197"
                          VPOS="2842"
                          HPOS="329"
                          CONTENT="penitus"/>
                  <SP HEIGHT="70" WIDTH="18" VPOS="2842" HPOS="526"/>
                  <String HEIGHT="70"
                          WIDTH="126"
                          VPOS="2842"
                          HPOS="472"
                          CONTENT="vno"/>
                  <SP HEIGHT="70" WIDTH="18" VPOS="2842" HPOS="598"/>
                  <String HEIGHT="70" WIDTH="90" VPOS="2842" HPOS="544" CONTENT="&amp;"/>
                  <SP HEIGHT="70" WIDTH="18" VPOS="2842" HPOS="634"/>
                  <String HEIGHT="70"
                          WIDTH="162"
                          VPOS="2842"
                          HPOS="580"
                          CONTENT="eodem"/>
                  <SP HEIGHT="70" WIDTH="18" VPOS="2842" HPOS="741"/>
                  <String HEIGHT="70"
                          WIDTH="197"
                          VPOS="2842"
                          HPOS="687"
                          CONTENT="negotio"/>
                  <SP HEIGHT="70" WIDTH="18" VPOS="2842" HPOS="885"/>
                  <String HEIGHT="70"
                          WIDTH="144"
                          VPOS="2842"
                          HPOS="831"
                          CONTENT="bene"/>
                  <SP HEIGHT="70" WIDTH="18" VPOS="2842" HPOS="975"/>
                  <String HEIGHT="70"
                          WIDTH="215"
                          VPOS="2842"
                          HPOS="921"
                          CONTENT="secundum"/>
                  <SP HEIGHT="70" WIDTH="18" VPOS="2842" HPOS="1136"/>
                  <String HEIGHT="70"
                          WIDTH="197"
                          VPOS="2842"
                          HPOS="1082"
                          CONTENT="libitum"/>
                  <SP HEIGHT="70" WIDTH="18" VPOS="2842" HPOS="1280"/>
                  <String HEIGHT="70"
                          WIDTH="251"
                          VPOS="2842"
                          HPOS="1226"
                          CONTENT="voluntatis"/>
                  <SP HEIGHT="70" WIDTH="18" VPOS="2842" HPOS="1477"/>
                  <String HEIGHT="70"
                          WIDTH="144"
                          VPOS="2842"
                          HPOS="1423"
                          CONTENT="suae"/>
                  <SP HEIGHT="70" WIDTH="18" VPOS="2842" HPOS="1567"/>
                  <String HEIGHT="70"
                          WIDTH="144"
                          VPOS="2842"
                          HPOS="1513"
                          CONTENT="dare"/>
                  <SP HEIGHT="70" WIDTH="18" VPOS="2842" HPOS="1656"/>
                  <String HEIGHT="70"
                          WIDTH="197"
                          VPOS="2842"
                          HPOS="1603"
                          CONTENT="maiores"/>
                  <SP HEIGHT="70" WIDTH="18" VPOS="2842" HPOS="1800"/>
                  <String HEIGHT="70"
                          WIDTH="90"
                          VPOS="2842"
                          HPOS="1728"
                          CONTENT="vel"/>
               </TextLine>
               <TextLine ID="r3l56"
                         BASELINE="2967"
                         HEIGHT="58"
                         WIDTH="1657"
                         VPOS="2909"
                         HPOS="164">
                  <String HEIGHT="58"
                          WIDTH="172"
                          VPOS="2909"
                          HPOS="148"
                          CONTENT="minores"/>
                  <SP HEIGHT="58" WIDTH="16" VPOS="2909" HPOS="320"/>
                  <String HEIGHT="58"
                          WIDTH="250"
                          VPOS="2909"
                          HPOS="273"
                          CONTENT="indulgentias"/>
                  <SP HEIGHT="58" WIDTH="16" VPOS="2909" HPOS="524"/>
                  <String HEIGHT="58" WIDTH="78" VPOS="2909" HPOS="477" CONTENT="&amp;"/>
                  <SP HEIGHT="58" WIDTH="16" VPOS="2909" HPOS="555"/>
                  <String HEIGHT="58"
                          WIDTH="188"
                          VPOS="2909"
                          HPOS="508"
                          CONTENT="aequales"/>
                  <SP HEIGHT="58" WIDTH="16" VPOS="2909" HPOS="695"/>
                  <String HEIGHT="58"
                          WIDTH="266"
                          VPOS="2909"
                          HPOS="649"
                          CONTENT="inaequaelibus"/>
                  <SP HEIGHT="58" WIDTH="16" VPOS="2909" HPOS="914"/>
                  <String HEIGHT="58"
                          WIDTH="109"
                          VPOS="2909"
                          HPOS="867"
                          CONTENT="quo"/>
                  <SP HEIGHT="58" WIDTH="16" VPOS="2909" HPOS="977"/>
                  <String HEIGHT="58" WIDTH="94" VPOS="2909" HPOS="930" CONTENT="ad"/>
                  <SP HEIGHT="58" WIDTH="16" VPOS="2909" HPOS="1024"/>
                  <String HEIGHT="58"
                          WIDTH="234"
                          VPOS="2909"
                          HPOS="977"
                          CONTENT="conditiones"/>
                  <SP HEIGHT="58" WIDTH="16" VPOS="2909" HPOS="1211"/>
                  <String HEIGHT="58"
                          WIDTH="234"
                          VPOS="2909"
                          HPOS="1164"
                          CONTENT="personarum,"/>
                  <SP HEIGHT="58" WIDTH="16" VPOS="2909" HPOS="1399"/>
                  <String HEIGHT="58" WIDTH="78" VPOS="2909" HPOS="1352" CONTENT="&amp;"/>
                  <SP HEIGHT="58" WIDTH="16" VPOS="2909" HPOS="1430"/>
                  <String HEIGHT="58"
                          WIDTH="172"
                          VPOS="2909"
                          HPOS="1383"
                          CONTENT="operum:"/>
                  <SP HEIGHT="58" WIDTH="16" VPOS="2909" HPOS="1555"/>
                  <String HEIGHT="58" WIDTH="94" VPOS="2909" HPOS="1508" CONTENT="vt"/>
                  <SP HEIGHT="58" WIDTH="16" VPOS="2909" HPOS="1602"/>
                  <String HEIGHT="58"
                          WIDTH="156"
                          VPOS="2909"
                          HPOS="1555"
                          CONTENT="tantum"/>
                  <SP HEIGHT="58" WIDTH="16" VPOS="2909" HPOS="1712"/>
                  <String HEIGHT="58"
                          WIDTH="172"
                          VPOS="2909"
                          HPOS="1649"
                          CONTENT="simplici"
                          SUBS_TYPE="HypPart1"
                          SUBS_CONTENT="simpliciter"/>
                  <HYP CONTENT="-"/>
               </TextLine>
               <TextLine ID="r3l57"
                         BASELINE="3021"
                         HEIGHT="69"
                         WIDTH="1648"
                         VPOS="2952"
                         HPOS="168">
                  <String HEIGHT="69"
                          WIDTH="107"
                          VPOS="2952"
                          HPOS="153"
                          CONTENT="ter"
                          SUBS_TYPE="HypPart2"
                          SUBS_CONTENT="simpliciter"/>
                  <SP HEIGHT="69" WIDTH="15" VPOS="2952" HPOS="260"/>
                  <String HEIGHT="69"
                          WIDTH="168"
                          VPOS="2952"
                          HPOS="214"
                          CONTENT="valeant"/>
                  <SP HEIGHT="69" WIDTH="15" VPOS="2952" HPOS="382"/>
                  <String HEIGHT="69"
                          WIDTH="168"
                          VPOS="2952"
                          HPOS="336"
                          CONTENT="quantum"/>
                  <SP HEIGHT="69" WIDTH="15" VPOS="2952" HPOS="504"/>
                  <String HEIGHT="69"
                          WIDTH="153"
                          VPOS="2952"
                          HPOS="458"
                          CONTENT="sonant"/>
                  <SP HEIGHT="69" WIDTH="15" VPOS="2952" HPOS="611"/>
                  <String HEIGHT="69"
                          WIDTH="275"
                          VPOS="2952"
                          HPOS="565"
                          CONTENT="tecipientibus."/>
                  <SP HEIGHT="69" WIDTH="15" VPOS="2952" HPOS="839"/>
                  <String HEIGHT="69" WIDTH="92" VPOS="2952" HPOS="794" CONTENT="Si"/>
                  <SP HEIGHT="69" WIDTH="15" VPOS="2952" HPOS="885"/>
                  <String HEIGHT="69"
                          WIDTH="122"
                          VPOS="2952"
                          HPOS="839"
                          CONTENT="vero"/>
                  <SP HEIGHT="69" WIDTH="15" VPOS="2952" HPOS="961"/>
                  <String HEIGHT="69"
                          WIDTH="153"
                          VPOS="2952"
                          HPOS="916"
                          CONTENT="medium"/>
                  <SP HEIGHT="69" WIDTH="15" VPOS="2952" HPOS="1068"/>
                  <String HEIGHT="69"
                          WIDTH="137"
                          VPOS="2952"
                          HPOS="1023"
                          CONTENT="illud"/>
                  <SP HEIGHT="69" WIDTH="15" VPOS="2952" HPOS="1160"/>
                  <String HEIGHT="69"
                          WIDTH="198"
                          VPOS="2952"
                          HPOS="1114"
                          CONTENT="transeat,"/>
                  <SP HEIGHT="69" WIDTH="15" VPOS="2952" HPOS="1312"/>
                  <String HEIGHT="69"
                          WIDTH="259"
                          VPOS="2952"
                          HPOS="1267"
                          CONTENT="abundantiores"/>
                  <SP HEIGHT="69" WIDTH="15" VPOS="2952" HPOS="1526"/>
                  <String HEIGHT="69"
                          WIDTH="122"
                          VPOS="2952"
                          HPOS="1480"
                          CONTENT="siue"/>
                  <SP HEIGHT="69" WIDTH="15" VPOS="2952" HPOS="1602"/>
                  <String HEIGHT="69"
                          WIDTH="198"
                          VPOS="2952"
                          HPOS="1557"
                          CONTENT="pauciores"/>
                  <SP HEIGHT="69" WIDTH="15" VPOS="2952" HPOS="1755"/>
                  <String HEIGHT="69"
                          WIDTH="137"
                          VPOS="2952"
                          HPOS="1709"
                          CONTENT="indul"/>
                  <SP HEIGHT="69" WIDTH="15" VPOS="2952" HPOS="1847"/>
                  <String HEIGHT="69" WIDTH="31" VPOS="2952" HPOS="1785" CONTENT=""/>
               </TextLine>
               <TextLine ID="r3l58"
                         BASELINE="3078"
                         HEIGHT="73"
                         WIDTH="1649"
                         VPOS="3005"
                         HPOS="168">
                  <String HEIGHT="73"
                          WIDTH="168"
                          VPOS="3005"
                          HPOS="153"
                          CONTENT="gentias"/>
                  <SP HEIGHT="73" WIDTH="15" VPOS="3005" HPOS="321"/>
                  <String HEIGHT="73"
                          WIDTH="214"
                          VPOS="3005"
                          HPOS="275"
                          CONTENT="conferendo"/>
                  <SP HEIGHT="73" WIDTH="15" VPOS="3005" HPOS="489"/>
                  <String HEIGHT="73"
                          WIDTH="122"
                          VPOS="3005"
                          HPOS="443"
                          CONTENT="quam"/>
                  <SP HEIGHT="73" WIDTH="15" VPOS="3005" HPOS="565"/>
                  <String HEIGHT="73"
                          WIDTH="137"
                          VPOS="3005"
                          HPOS="519"
                          CONTENT="honor"/>
                  <SP HEIGHT="73" WIDTH="15" VPOS="3005" HPOS="657"/>
                  <String HEIGHT="73"
                          WIDTH="107"
                          VPOS="3005"
                          HPOS="611"
                          CONTENT="dei"/>
                  <SP HEIGHT="73" WIDTH="15" VPOS="3005" HPOS="718"/>
                  <String HEIGHT="73" WIDTH="76" VPOS="3005" HPOS="672" CONTENT="&amp;"/>
                  <SP HEIGHT="73" WIDTH="15" VPOS="3005" HPOS="748"/>
                  <String HEIGHT="73"
                          WIDTH="198"
                          VPOS="3005"
                          HPOS="702"
                          CONTENT="ecclesiae"/>
                  <SP HEIGHT="73" WIDTH="15" VPOS="3005" HPOS="901"/>
                  <String HEIGHT="73"
                          WIDTH="198"
                          VPOS="3005"
                          HPOS="855"
                          CONTENT="profectus"/>
                  <SP HEIGHT="73" WIDTH="15" VPOS="3005" HPOS="1054"/>
                  <String HEIGHT="73"
                          WIDTH="198"
                          VPOS="3005"
                          HPOS="1008"
                          CONTENT="requirat:"/>
                  <SP HEIGHT="73" WIDTH="15" VPOS="3005" HPOS="1206"/>
                  <String HEIGHT="73"
                          WIDTH="107"
                          VPOS="3005"
                          HPOS="1160"
                          CONTENT="non"/>
                  <SP HEIGHT="73" WIDTH="15" VPOS="3005" HPOS="1267"/>
                  <String HEIGHT="73"
                          WIDTH="137"
                          VPOS="3005"
                          HPOS="1222"
                          CONTENT="video"/>
                  <SP HEIGHT="73" WIDTH="15" VPOS="3005" HPOS="1359"/>
                  <String HEIGHT="73"
                          WIDTH="168"
                          VPOS="3005"
                          HPOS="1313"
                          CONTENT="quomodo"/>
                  <SP HEIGHT="73" WIDTH="15" VPOS="3005" HPOS="1481"/>
                  <String HEIGHT="73"
                          WIDTH="183"
                          VPOS="3005"
                          HPOS="1435"
                          CONTENT="valeant,"/>
                  <SP HEIGHT="73" WIDTH="15" VPOS="3005" HPOS="1619"/>
                  <String HEIGHT="73" WIDTH="76" VPOS="3005" HPOS="1573" CONTENT="&amp;"/>
                  <SP HEIGHT="73" WIDTH="15" VPOS="3005" HPOS="1649"/>
                  <String HEIGHT="73"
                          WIDTH="153"
                          VPOS="3005"
                          HPOS="1603"
                          CONTENT="maxime"/>
                  <SP HEIGHT="73" WIDTH="15" VPOS="3005" HPOS="1756"/>
                  <String HEIGHT="73"
                          WIDTH="122"
                          VPOS="3005"
                          HPOS="1695"
                          CONTENT="tantum"/>
               </TextLine>
               <TextLine ID="r3l59"
                         BASELINE="3130"
                         HEIGHT="67"
                         WIDTH="1663"
                         VPOS="3063"
                         HPOS="166">
                  <String HEIGHT="67"
                          WIDTH="162"
                          VPOS="3063"
                          HPOS="151"
                          CONTENT="quantum"/>
                  <SP HEIGHT="67" WIDTH="15" VPOS="3063" HPOS="313"/>
                  <String HEIGHT="67"
                          WIDTH="162"
                          VPOS="3063"
                          HPOS="269"
                          CONTENT="sonant."/>
                  <SP HEIGHT="67" WIDTH="15" VPOS="3063" HPOS="431"/>
                  <String HEIGHT="67"
                          WIDTH="103"
                          VPOS="3063"
                          HPOS="387"
                          CONTENT="Sed"/>
                  <SP HEIGHT="67" WIDTH="15" VPOS="3063" HPOS="490"/>
                  <String HEIGHT="67" WIDTH="74" VPOS="3063" HPOS="446" CONTENT="&amp;"/>
                  <SP HEIGHT="67" WIDTH="15" VPOS="3063" HPOS="519"/>
                  <String HEIGHT="67" WIDTH="88" VPOS="3063" HPOS="475" CONTENT="ne"/>
                  <SP HEIGHT="67" WIDTH="15" VPOS="3063" HPOS="563"/>
                  <String HEIGHT="67"
                          WIDTH="147"
                          VPOS="3063"
                          HPOS="519"
                          CONTENT="peccet"/>
                  <SP HEIGHT="67" WIDTH="15" VPOS="3063" HPOS="666"/>
                  <String HEIGHT="67"
                          WIDTH="191"
                          VPOS="3063"
                          HPOS="622"
                          CONTENT="praelatus"/>
                  <SP HEIGHT="67" WIDTH="15" VPOS="3063" HPOS="814"/>
                  <String HEIGHT="67" WIDTH="88" VPOS="3063" HPOS="769" CONTENT="in"/>
                  <SP HEIGHT="67" WIDTH="15" VPOS="3063" HPOS="858"/>
                  <String HEIGHT="67"
                          WIDTH="206"
                          VPOS="3063"
                          HPOS="814"
                          CONTENT="mensurando"/>
                  <SP HEIGHT="67" WIDTH="15" VPOS="3063" HPOS="1020"/>
                  <String HEIGHT="67"
                          WIDTH="147"
                          VPOS="3063"
                          HPOS="975"
                          CONTENT="illas,"/>
                  <SP HEIGHT="67" WIDTH="15" VPOS="3063" HPOS="1123"/>
                  <String HEIGHT="67"
                          WIDTH="265"
                          VPOS="3063"
                          HPOS="1078"
                          CONTENT="diligentissime"/>
                  <SP HEIGHT="67" WIDTH="15" VPOS="3063" HPOS="1343"/>
                  <String HEIGHT="67"
                          WIDTH="132"
                          VPOS="3063"
                          HPOS="1299"
                          CONTENT="debet"/>
                  <SP HEIGHT="67" WIDTH="15" VPOS="3063" HPOS="1432"/>
                  <String HEIGHT="67"
                          WIDTH="191"
                          VPOS="3063"
                          HPOS="1387"
                          CONTENT="attendere"/>
                  <SP HEIGHT="67" WIDTH="15" VPOS="3063" HPOS="1579"/>
                  <String HEIGHT="67" WIDTH="88" VPOS="3063" HPOS="1535" CONTENT="vt"/>
                  <SP HEIGHT="67" WIDTH="15" VPOS="3063" HPOS="1623"/>
                  <String HEIGHT="67"
                          WIDTH="118"
                          VPOS="3063"
                          HPOS="1579"
                          CONTENT="tali"/>
                  <SP HEIGHT="67" WIDTH="15" VPOS="3063" HPOS="1697"/>
                  <String HEIGHT="67"
                          WIDTH="118"
                          VPOS="3063"
                          HPOS="1652"
                          CONTENT="modo"/>
                  <SP HEIGHT="67" WIDTH="15" VPOS="3063" HPOS="1770"/>
                  <String HEIGHT="67"
                          WIDTH="118"
                          VPOS="3063"
                          HPOS="1711"
                          CONTENT="mensu"
                          SUBS_TYPE="HypPart1"
                          SUBS_CONTENT="mensuret"/>
                  <HYP CONTENT="-"/>
               </TextLine>
               <TextLine ID="line_1586802721464_6171"
                         BASELINE="3186"
                         HEIGHT="74"
                         WIDTH="1663"
                         VPOS="3112"
                         HPOS="160">
                  <String HEIGHT="74"
                          WIDTH="96"
                          VPOS="3112"
                          HPOS="146"
                          CONTENT="ret"
                          SUBS_TYPE="HypPart2"
                          SUBS_CONTENT="mensuret"/>
                  <SP HEIGHT="74" WIDTH="14" VPOS="3112" HPOS="242"/>
                  <String HEIGHT="74" WIDTH="96" VPOS="3112" HPOS="201" CONTENT="eas"/>
                  <SP HEIGHT="74" WIDTH="14" VPOS="3112" HPOS="297"/>
                  <String HEIGHT="74" WIDTH="82" VPOS="3112" HPOS="256" CONTENT="ex"/>
                  <SP HEIGHT="74" WIDTH="14" VPOS="3112" HPOS="339"/>
                  <String HEIGHT="74"
                          WIDTH="124"
                          VPOS="3112"
                          HPOS="297"
                          CONTENT="quali"/>
                  <SP HEIGHT="74" WIDTH="14" VPOS="3112" HPOS="421"/>
                  <String HEIGHT="74"
                          WIDTH="151"
                          VPOS="3112"
                          HPOS="380"
                          CONTENT="amplius"/>
                  <SP HEIGHT="74" WIDTH="14" VPOS="3112" HPOS="531"/>
                  <String HEIGHT="74"
                          WIDTH="124"
                          VPOS="3112"
                          HPOS="490"
                          CONTENT="honor"/>
                  <SP HEIGHT="74" WIDTH="14" VPOS="3112" HPOS="614"/>
                  <String HEIGHT="74" WIDTH="96" VPOS="3112" HPOS="572" CONTENT="dei"/>
                  <SP HEIGHT="74" WIDTH="14" VPOS="3112" HPOS="669"/>
                  <String HEIGHT="74" WIDTH="69" VPOS="3112" HPOS="627" CONTENT="&amp;"/>
                  <SP HEIGHT="74" WIDTH="14" VPOS="3112" HPOS="696"/>
                  <String HEIGHT="74"
                          WIDTH="179"
                          VPOS="3112"
                          HPOS="655"
                          CONTENT="ecclesiae"/>
                  <SP HEIGHT="74" WIDTH="14" VPOS="3112" HPOS="833"/>
                  <String HEIGHT="74"
                          WIDTH="179"
                          VPOS="3112"
                          HPOS="792"
                          CONTENT="profectus"/>
                  <SP HEIGHT="74" WIDTH="14" VPOS="3112" HPOS="971"/>
                  <String HEIGHT="74"
                          WIDTH="220"
                          VPOS="3112"
                          HPOS="930"
                          CONTENT="procurentur."/>
                  <SP HEIGHT="74" WIDTH="14" VPOS="3112" HPOS="1150"/>
                  <String HEIGHT="74" WIDTH="82" VPOS="3112" HPOS="1108" CONTENT="Et"/>
                  <SP HEIGHT="74" WIDTH="14" VPOS="3112" HPOS="1191"/>
                  <String HEIGHT="74"
                          WIDTH="110"
                          VPOS="3112"
                          HPOS="1150"
                          CONTENT="quid"/>
                  <SP HEIGHT="74" WIDTH="14" VPOS="3112" HPOS="1260"/>
                  <String HEIGHT="74"
                          WIDTH="179"
                          VPOS="3112"
                          HPOS="1218"
                          CONTENT="assumitur"/>
                  <SP HEIGHT="74" WIDTH="14" VPOS="3112" HPOS="1397"/>
                  <String HEIGHT="74" WIDTH="82" VPOS="3112" HPOS="1356" CONTENT="in"/>
                  <SP HEIGHT="74" WIDTH="14" VPOS="3112" HPOS="1438"/>
                  <String HEIGHT="74"
                          WIDTH="192"
                          VPOS="3112"
                          HPOS="1397"
                          CONTENT="argumento:"/>
                  <SP HEIGHT="74" WIDTH="14" VPOS="3112" HPOS="1589"/>
                  <String HEIGHT="74"
                          WIDTH="110"
                          VPOS="3112"
                          HPOS="1548"
                          CONTENT="quod"/>
                  <SP HEIGHT="74" WIDTH="14" VPOS="3112" HPOS="1658"/>
                  <String HEIGHT="74"
                          WIDTH="96"
                          VPOS="3112"
                          HPOS="1617"
                          CONTENT="non"/>
                  <SP HEIGHT="74" WIDTH="14" VPOS="3112" HPOS="1713"/>
                  <String HEIGHT="74"
                          WIDTH="96"
                          VPOS="3112"
                          HPOS="1672"
                          CONTENT="est"/>
                  <SP HEIGHT="74" WIDTH="14" VPOS="3112" HPOS="1768"/>
                  <String HEIGHT="74"
                          WIDTH="110"
                          VPOS="3112"
                          HPOS="1713"
                          CONTENT="iusti."/>
               </TextLine>
               <TextLine ID="line_1586802727138_6180"
                         BASELINE="3242"
                         HEIGHT="74"
                         WIDTH="1657"
                         VPOS="3168"
                         HPOS="159">
                  <String HEIGHT="74" WIDTH="99" VPOS="3168" HPOS="145" CONTENT="tia"/>
                  <SP HEIGHT="74" WIDTH="14" VPOS="3168" HPOS="244"/>
                  <String HEIGHT="74"
                          WIDTH="227"
                          VPOS="3168"
                          HPOS="201"
                          CONTENT="indulgentias"/>
                  <SP HEIGHT="74" WIDTH="14" VPOS="3168" HPOS="428"/>
                  <String HEIGHT="74"
                          WIDTH="198"
                          VPOS="3168"
                          HPOS="386"
                          CONTENT="aequaliter"/>
                  <SP HEIGHT="74" WIDTH="14" VPOS="3168" HPOS="584"/>
                  <String HEIGHT="74"
                          WIDTH="198"
                          VPOS="3168"
                          HPOS="541"
                          CONTENT="dispensare"/>
                  <SP HEIGHT="74" WIDTH="14" VPOS="3168" HPOS="740"/>
                  <String HEIGHT="74"
                          WIDTH="241"
                          VPOS="3168"
                          HPOS="697"
                          CONTENT="inaequalibus:"/>
                  <SP HEIGHT="74" WIDTH="14" VPOS="3168" HPOS="938"/>
                  <String HEIGHT="74"
                          WIDTH="127"
                          VPOS="3168"
                          HPOS="895"
                          CONTENT="quare"/>
                  <SP HEIGHT="74" WIDTH="14" VPOS="3168" HPOS="1023"/>
                  <String HEIGHT="74"
                          WIDTH="113"
                          VPOS="3168"
                          HPOS="980"
                          CONTENT="deus"/>
                  <SP HEIGHT="74" WIDTH="14" VPOS="3168" HPOS="1094"/>
                  <String HEIGHT="74"
                          WIDTH="99"
                          VPOS="3168"
                          HPOS="1051"
                          CONTENT="non"/>
                  <SP HEIGHT="74" WIDTH="14" VPOS="3168" HPOS="1150"/>
                  <String HEIGHT="74"
                          WIDTH="170"
                          VPOS="3168"
                          HPOS="1108"
                          CONTENT="acceptat"/>
                  <SP HEIGHT="74" WIDTH="14" VPOS="3168" HPOS="1278"/>
                  <String HEIGHT="74"
                          WIDTH="127"
                          VPOS="3168"
                          HPOS="1235"
                          CONTENT="talem"/>
                  <SP HEIGHT="74" WIDTH="14" VPOS="3168" HPOS="1363"/>
                  <String HEIGHT="74"
                          WIDTH="269"
                          VPOS="3168"
                          HPOS="1320"
                          CONTENT="dispenlationem,"/>
                  <SP HEIGHT="74" WIDTH="14" VPOS="3168" HPOS="1589"/>
                  <String HEIGHT="74"
                          WIDTH="99"
                          VPOS="3168"
                          HPOS="1547"
                          CONTENT="nec"/>
                  <SP HEIGHT="74" WIDTH="14" VPOS="3168" HPOS="1646"/>
                  <String HEIGHT="74"
                          WIDTH="142"
                          VPOS="3168"
                          HPOS="1604"
                          CONTENT="valent"/>
                  <SP HEIGHT="74" WIDTH="14" VPOS="3168" HPOS="1745"/>
                  <String HEIGHT="74"
                          WIDTH="127"
                          VPOS="3168"
                          HPOS="1703"
                          CONTENT="illis"/>
                  <SP HEIGHT="74" WIDTH="14" VPOS="3168" HPOS="1830"/>
                  <String HEIGHT="74" WIDTH="42" VPOS="3168" HPOS="1774" CONTENT="i"/>
               </TextLine>
               <TextLine ID="r3l62"
                         BASELINE="3300"
                         HEIGHT="80"
                         WIDTH="1638"
                         VPOS="3220"
                         HPOS="180">
                  <String HEIGHT="80"
                          WIDTH="229"
                          VPOS="3220"
                          HPOS="164"
                          CONTENT="aequaliter"/>
                  <SP HEIGHT="80" WIDTH="16" VPOS="3220" HPOS="393"/>
                  <String HEIGHT="80"
                          WIDTH="180"
                          VPOS="3220"
                          HPOS="344"
                          CONTENT="quantum"/>
                  <SP HEIGHT="80" WIDTH="16" VPOS="3220" HPOS="524"/>
                  <String HEIGHT="80"
                          WIDTH="164"
                          VPOS="3220"
                          HPOS="475"
                          CONTENT="sonant"/>
                  <SP HEIGHT="80" WIDTH="16" VPOS="3220" HPOS="639"/>
                  <String HEIGHT="80"
                          WIDTH="180"
                          VPOS="3220"
                          HPOS="590"
                          CONTENT="valere."/>
                  <SP HEIGHT="80" WIDTH="16" VPOS="3220" HPOS="770"/>
                  <String HEIGHT="80"
                          WIDTH="131"
                          VPOS="3220"
                          HPOS="721"
                          CONTENT="Dico"/>
                  <SP HEIGHT="80" WIDTH="16" VPOS="3220" HPOS="852"/>
                  <String HEIGHT="80"
                          WIDTH="131"
                          VPOS="3220"
                          HPOS="802"
                          CONTENT="quod"/>
                  <SP HEIGHT="80" WIDTH="16" VPOS="3220" HPOS="933"/>
                  <String HEIGHT="80"
                          WIDTH="147"
                          VPOS="3220"
                          HPOS="884"
                          CONTENT="verum"/>
                  <SP HEIGHT="80" WIDTH="16" VPOS="3220" HPOS="1032"/>
                  <String HEIGHT="80"
                          WIDTH="115"
                          VPOS="3220"
                          HPOS="983"
                          CONTENT="est"/>
                  <SP HEIGHT="80" WIDTH="16" VPOS="3220" HPOS="1097"/>
                  <String HEIGHT="80" WIDTH="98" VPOS="3220" HPOS="1048" CONTENT="in"/>
                  <SP HEIGHT="80" WIDTH="16" VPOS="3220" HPOS="1146"/>
                  <String HEIGHT="80"
                          WIDTH="278"
                          VPOS="3220"
                          HPOS="1097"
                          CONTENT="dispensatione"/>
                  <SP HEIGHT="80" WIDTH="16" VPOS="3220" HPOS="1376"/>
                  <String HEIGHT="80"
                          WIDTH="131"
                          VPOS="3220"
                          HPOS="1327"
                          CONTENT="quae"/>
                  <SP HEIGHT="80" WIDTH="16" VPOS="3220" HPOS="1458"/>
                  <String HEIGHT="80"
                          WIDTH="229"
                          VPOS="3220"
                          HPOS="1409"
                          CONTENT="mensuranda"/>
                  <SP HEIGHT="80" WIDTH="16" VPOS="3220" HPOS="1638"/>
                  <String HEIGHT="80"
                          WIDTH="115"
                          VPOS="3220"
                          HPOS="1589"
                          CONTENT="est"/>
                  <SP HEIGHT="80" WIDTH="16" VPOS="3220" HPOS="1703"/>
                  <String HEIGHT="80"
                          WIDTH="197"
                          VPOS="3220"
                          HPOS="1654"
                          CONTENT="secundum"/>
                  <SP HEIGHT="80" WIDTH="16" VPOS="3220" HPOS="1851"/>
                  <String HEIGHT="80" WIDTH="33" VPOS="3220" HPOS="1785" CONTENT=""/>
               </TextLine>
            </TextBlock>
         </PrintSpace>
      </Page>
   </Layout>
</alto>
