3152 3806
1173 159 175 120 tatis,
1296 159 123 120 cum
1366 159 281 120 magnanimitas
1595 159 175 120 virtus
1717 159 140 120 sit.
1805 159 105 120 et
1858 159 211 120 secundum
2016 159 263 120 Augustinum,
2226 159 246 120 virtutibus
2419 159 123 120 non
2489 159 228 120 contingit
2665 159 140 120 male
2752 159 140 120 vti,
2840 159 158 120 neque

1168 253 116 72 ad
1226 253 213 72 agendum
1381 253 175 72 malum
1497 253 175 72 opus.
1614 253 155 72 ergo
1711 253 136 72 &c.
1788 253 194 72 CONtra
1924 253 155 72 est:
2021 253 155 72 quod
2118 253 252 72 scribitur
2312 253 194 72 Canti.
2447 253 213 72 vltimo.
2603 253 194 72 Fortis
2738 253 136 72 est
2816 253 116 72 vt
2855 253 116 72 mors

1168 296 229 80 dilectio.
1344 296 88 80 &
1380 296 123 80 hoc
1450 296 158 80 ideo,
1555 296 141 80 quia
1643 296 211 80 zelanter
1802 296 211 80 diligens
1960 296 123 80 pro
2031 296 194 80 dilecto
2171 296 106 80 in
2224 296 282 80 necessitatis
2453 296 211 80 articulo
2611 296 176 80 mortem
2734 296 246 80 contemnit,
2910 296 53 80 &

1161 349 134 84 illi
1245 349 100 84 se
1295 349 201 84 exponit,
1446 349 134 84 quod
1529 349 117 84 est
1596 349 134 84 opus
1680 349 318 84 magnanimitatis.
1948 349 151 84 talis
2048 349 117 84 est
2115 349 134 84 ille
2198 349 151 84 miles
2299 349 234 84 praeuolans
2483 349 201 84 operatus
2633 349 184 84 ponendo
2767 349 167 84 animam
2868 349 100 84 suam

1174 407 120 83 pro
1242 407 171 83 amicis
1362 407 137 83 suis
1448 407 103 83 in
1499 407 137 83 fide
1585 407 86 83 &
1619 407 240 83 charitate,
1808 407 137 83 quod
1894 407 120 83 est
1962 407 137 83 opus
2048 407 188 83 maximae
2185 407 257 83 charitatis:
2390 407 86 83 &
2425 407 120 83 ita
2493 407 188 83 maximae
2630 407 206 83 virtutis
2785 407 103 83 in
2819 407 154 83 agibili

1180 458 132 85 gus,
1262 458 132 85 quae
1344 458 214 85 consistit
1509 458 99 85 in
1558 458 296 85 magnanimitate.
1805 458 132 85 ergo
1887 458 115 85 &c.
1953 458 82 85 I
1986 458 132 85 Quia
2068 458 132 85 ista
2150 458 197 85 quaestio
2298 458 181 85 tangit,
2430 458 82 85 &
2463 458 99 85 in
2512 458 197 85 exemplum
2660 458 197 85 proponit
2792 458 181 85 captionem

1175 514 294 73 subuersionem,
1417 514 155 73 atque
1520 514 294 73 destructionem
1762 514 225 73 ciuitatis
1935 514 207 73 Acconenm
2090 514 155 73 atque
2194 514 311 73 Christianorum,
2453 514 86 73 &
2487 514 225 73 incolarum
2660 514 207 73 eiusdem:
2816 514 104 73 de
2867 514 138 73 qui-

1187 562 123 83 bus
1258 562 229 83 mentionem
1434 562 159 83 facit
1540 562 194 83 dominus
1681 562 141 83 papa
1769 562 106 83 in
1822 562 176 83 litera
1946 562 300 83 exhortatoria,
2193 562 106 83 de
2246 562 123 83 qua
2316 562 176 83 mentio
2440 562 176 83 habita
2563 562 123 83 est
2634 562 159 83 supra
2740 562 106 83 in
2775 562 194 83 quaestio-

1188 623 112 72 ne
1244 623 112 72 de
1300 623 317 72 indulgentiis,
1561 623 130 72 sic
1635 623 242 72 inquiens.
1822 623 205 72 Ciuitas
1971 623 261 72 Acconensis
2176 623 410 72 quadragintaquatuor
2530 623 186 72 diebus
2660 623 261 72 arctissima
2846 623 112 72 Baby

1187 684 193 60 lonicae
1328 684 228 60 potentiae
1503 684 228 60 obsidione
1678 684 263 60 circundata,
1888 684 280 60 terribilibus
2115 684 210 60 machinis
2273 684 123 60 die
2343 684 210 60 noctuque
2500 684 193 60 vexata,
2640 684 210 60 impetita
2798 684 193 60 crebris
2920 684 53 60 &

1185 724 146 81 duris
1282 724 243 81 insultibus:
1476 724 194 81 mcenibus
1621 724 146 81 puiis
1719 724 81 81 &
1751 724 113 81 per
1816 724 210 81 cuniculos
1977 724 194 81 occultos
2123 724 194 81 excisis.
2268 724 178 81 xliiii.
2398 724 113 81 die
2462 724 243 81 obsidentium
2657 724 178 81 viribus
2786 724 113 81 dei
2834 724 146 81 permis-

1186 783 161 70 sione
1293 783 214 70 mirabili
1454 783 89 70 &
1489 783 214 70 stupenda
1650 783 250 70 succubuit:
1846 783 161 70 capta
1953 783 125 70 per
2025 783 125 70 eos
2096 783 89 70 &
2132 783 143 70 igni
2221 783 232 70 exposita:
2399 783 285 70 christicolis
2631 783 161 70 inibi
2720 783 250 70 existentibus

1196 849 171 53 caesis
1315 849 239 53 innumeris,
1503 849 85 53 &
1537 849 222 53 caeteris,
1708 849 119 53 qui
1776 849 171 53 habere
1895 849 256 53 nequiuerunt
2100 849 102 53 ad
2151 849 205 53 maritima
2305 849 136 53 vasa
2390 849 239 53 succursum,
2578 849 102 53 in
2629 849 273 53 captiuitatem
2851 849 154 53 abdu-

1202 895 142 66 ctis.
1297 895 126 66 Quae
1376 895 158 66 quidem
1486 895 142 66 facta
1581 895 205 66 narrantur
1739 895 126 66 anno
1818 895 174 66 domini.
1944 895 95 66 M.
1991 895 110 66 cc.
2055 895 221 66 nonagesimo
2228 895 158 66 primo.
2339 895 95 66 x.
2386 895 110 66 die
2449 895 158 66 mensis
2560 895 142 66 maii.
2654 895 95 66 In
2702 895 110 66 qua
2765 895 205 66 ciuitate,
2907 895 63 66 vt

1202 953 185 56 aestimo,
1340 953 216 56 congregati
1510 953 139 56 erant
1602 953 108 56 non
1664 953 154 56 tantum
1772 953 216 56 populares,
1941 953 77 56 &
1972 953 216 56 simplices:
2142 953 108 56 sed
2203 953 108 56 est
2265 953 185 56 praelati
2404 953 77 56 &
2435 953 216 56 principes.
2604 953 170 56 Idcirco
2727 953 231 56 quaestionem
2897 953 77 56 pau

1206 998 92 69 lo
1252 998 153 69 altius
1359 998 230 69 subleuando,
1542 998 184 69 bellorum
1680 998 245 69 celebritatem
1879 998 138 69 paulo
1971 998 168 69 altius,
2093 998 122 69 quam
2170 998 184 69 quaestio
2308 998 199 69 proponat,
2461 998 214 69 exequamur:
2629 998 168 69 dicendo
2752 998 92 69 in
2798 998 153 69 primis
2889 998 77 69 cum

1207 1049 159 70 Tullio
1318 1049 95 70 in
1366 1049 143 70 libro
1461 1049 143 70 primo
1557 1049 95 70 de
1604 1049 143 70 offi.
1700 1049 111 70 sic
1763 1049 191 70 dicente.
1906 1049 95 70 In
1954 1049 207 70 republica
2113 1049 159 70 maxime
2224 1049 238 70 conseruanda
2415 1049 127 70 sunt
2494 1049 127 70 iura
2574 1049 159 70 belli.
2685 1049 111 70 Nam
2749 1049 111 70 cum
2812 1049 127 70 sint
2892 1049 111 70 duo

1199 1110 150 67 genera
1304 1110 225 67 decertandi:
1484 1110 120 67 vnum
1559 1110 105 67 per
1619 1110 285 67 disceptationem:
1859 1110 165 67 alterum
1979 1110 105 67 per
2039 1110 120 67 vim,
2114 1110 150 67 cumque
2219 1110 135 67 illud
2309 1110 180 67 proprium
2444 1110 105 67 sit
2504 1110 195 67 hominium,
2654 1110 105 67 hoc
2714 1110 195 67 beluarum.
2849 1110 120 67 confu-

1200 1151 166 86 giendum
1321 1151 91 86 ad
1366 1151 196 86 posterius
1517 1151 91 86 si
1562 1151 106 86 vti
1623 1151 106 86 non
1683 1151 136 86 licet
1774 1151 211 86 superiori.
1940 1151 91 86 Et
1985 1151 106 86 sic
2046 1151 121 86 illi
2121 1151 196 86 quipotest
2272 1151 106 86 ius
2333 1151 121 86 suum
2408 1151 106 86 iam
2469 1151 166 86 habitum
2589 1151 196 86 retinere,
2740 1151 106 86 aut
2801 1151 166 86 amissum
2907 1151 60 86 si

1211 1209 86 60 ue
1254 1209 143 60 nondum
1354 1209 143 60 hintum
1454 1209 215 60 recuparare,
1626 1209 100 60 non
1683 1209 129 60 licet
1769 1209 100 60 pro
1827 1209 115 60 illo
1898 1209 143 60 bellum
1999 1209 229 60 constituere.
2185 1209 129 60 Quare
2271 1209 86 60 vt
2314 1209 115 60 idem
2386 1209 215 60 prosequitur
2557 1209 186 60 continuo,
2701 1209 215 60 suscipienda
2858 1209 115 60 quidem

1215 1263 115 69 sunt
1286 1263 129 69 bella
1372 1263 86 69 ob
1415 1263 100 69 eam
1473 1263 158 69 causam,
1588 1263 86 69 vt
1631 1263 115 69 sine
1702 1263 158 69 iniuria
1817 1263 86 69 in
1860 1263 115 69 pace
1932 1263 172 69 viuatur.
2061 1263 72 69 &
2090 1263 86 69 vt
2133 1263 129 69 dicit
2219 1263 201 69 Augustinus
2377 1263 86 69 in
2420 1263 172 69 epistola
2549 1263 86 69 ab
2592 1263 201 69 Bonifacium
2749 1263 172 69 comitem,
2864 1263 115 69 Bellum

1210 1310 142 81 debet
1305 1310 127 81 esse
1384 1310 269 81 necessitatis,
1606 1310 95 81 vt
1653 1310 174 81 liberet
1780 1310 127 81 deus
1859 1310 95 81 de
1907 1310 253 81 necessitate,
2112 1310 79 81 &
2144 1310 206 81 conseruet
2302 1310 95 81 in
2350 1310 142 81 pace.
2445 1310 111 81 Non
2508 1310 127 81 enim
2587 1310 206 81 quaeritur
2746 1310 127 81 pax,
2825 1310 95 81 vt
2856 1310 127 81 bellum

1206 1372 231 71 exerceatur:
1390 1372 108 71 sed
1452 1372 154 71 bellum
1559 1372 169 71 geritur
1683 1372 92 71 vt
1729 1372 108 71 pax
1790 1372 231 71 acquiratur.
1975 1372 123 71 Esto
2052 1372 123 71 ergo
2129 1372 185 71 bellando
2267 1372 215 71 pacificus,
2436 1372 92 71 vt
2483 1372 108 71 eos
2544 1372 123 71 quos
2621 1372 200 71 expugnas,
2775 1372 92 71 ad
2821 1372 138 71 pacis
2898 1372 77 71 vti

1209 1427 170 67 litatem
1332 1427 170 67 vicendo
1455 1427 201 67 perducas.
1610 1427 108 67 ita
1671 1427 123 67 quod
1749 1427 154 67 hostem
1857 1427 201 67 pugnantem
2011 1427 216 67 necessitas
2181 1427 201 67 deprimat,
2335 1427 108 67 non
2397 1427 201 67 voluntas.
2551 1427 139 67 Sicut
2644 1427 185 67 bellanti
2782 1427 77 67 &
2798 1427 185 67 resistenti

1207 1482 209 68 violentia
1368 1482 209 68 redditur,
1528 1482 113 68 ita
1593 1482 145 68 capto
1689 1482 257 68 misericordia
1898 1482 113 68 iam
1962 1482 193 68 debetur:
2107 1482 161 68 maxime
2220 1482 96 68 in
2268 1482 113 68 quo
2332 1482 145 68 pacis
2429 1482 225 68 prturbatio
2605 1482 113 68 non
2670 1482 193 68 timetur.
2814 1482 129 68 Quod
2879 1482 96 68 Tul-

1209 1532 124 68 lius
1287 1532 109 68 per
1349 1532 124 68 alia
1427 1532 140 68 verba
1520 1532 186 68 continuo
1659 1532 140 68 dicit
1752 1532 109 68 vbi
1815 1532 155 68 supra.
1923 1532 140 68 Parta
2016 1532 140 68 autem
2109 1532 186 68 victoria
2249 1532 233 68 conseruandi
2435 1532 124 68 sunt
2513 1532 109 68 ii,
2575 1532 109 68 qui
2637 1532 109 68 non
2699 1532 186 68 crudeles
2838 1532 93 68 in
2869 1532 109 68 bello

1208 1587 101 65 nec
1265 1587 159 65 immanes
1381 1587 174 65 fuerunt.
1512 1587 101 65 Mea
1570 1587 145 65 quidem
1671 1587 188 65 sententia
1816 1587 130 65 paci,
1903 1587 116 65 quae
1976 1587 130 65 nihil
2063 1587 174 65 habitura
2193 1587 101 65 sit
2251 1587 217 65 insidiarum,
2425 1587 145 65 semper
2527 1587 101 65 est
2585 1587 232 65 consulendum,
2773 1587 101 65 tum
2831 1587 87 65 ii
2875 1587 101 65 qui
2918 1587 58 65 ar

1216 1645 111 65 mis
1280 1645 175 65 positis
1407 1645 95 65 ad
1454 1645 238 65 imparatorum
1645 1645 143 65 fidem
1740 1645 238 65 confugient,
1931 1645 175 65 quamuis
2058 1645 143 65 murum
2153 1645 143 65 aries
2248 1645 254 65 percusserit,
2455 1645 222 65 recipiendi
2630 1645 143 65 sunt.
2725 1645 95 65 Ex
2773 1645 159 65 quo(ut
2868 1645 111 65 dicit

1224 1695 162 66 Tullius
1342 1695 148 66 paucis
1446 1695 236 66 interpositis
1638 1695 192 66 intelligi
1785 1695 148 66 potest
1889 1695 148 66 nullum
1992 1695 148 66 bellum
2096 1695 118 66 esse
2169 1695 162 66 iustum,
2288 1695 118 66 nisi
2361 1695 118 66 quid
2435 1695 103 66 aut
2494 1695 133 66 rebus
2583 1695 192 66 repetitis
2731 1695 177 66 geratur,
2864 1695 103 66 aut
2908 1695 59 66 de

1212 1748 197 68 nunciatum
1363 1748 121 68 ante
1439 1748 121 68 sit,
1515 1748 76 68 &
1545 1748 197 68 indictum.
1697 1748 91 68 De
1742 1748 106 68 quo
1803 1748 136 68 dicit
1894 1748 152 68 lsido.
2000 1748 91 68 in
2045 1748 152 68 etymo.
2152 1748 152 68 lustum
2258 1748 106 68 est
2318 1748 167 68 bellum,
2440 1748 121 68 quid
2515 1748 91 68 ex
2561 1748 152 68 edicto
2667 1748 91 68 de
2712 1748 136 68 rebus
2788 1748 182 68 repetendis

1219 1807 149 65 geritur
1328 1807 95 65 aut
1382 1807 243 65 propulsandorum
1584 1807 149 65 hostium
1692 1807 108 65 cam.
1760 1807 81 65 Et
1800 1807 189 65 Augustinus
1949 1807 81 65 in
1990 1807 122 65 libro
2071 1807 216 65 quaestionum.
2246 1807 122 65 lusta
2327 1807 122 65 bella
2409 1807 135 65 solent
2503 1807 162 65 definiri
2625 1807 108 65 quae
2692 1807 203 65 vlciscuntur
2841 1807 135 65 iniurias

1218 1858 103 71 sic
1277 1858 118 71 gens
1351 1858 103 71 vel
1409 1858 162 71 ciuitas
1527 1858 162 71 petenda
1644 1858 118 71 est,
1718 1858 118 71 quae
1791 1858 103 71 vel
1850 1858 191 71 vindicare
1997 1858 206 71 neglexerit
2159 1858 118 71 quid
2232 1858 73 71 a
2262 1858 118 71 suis
2335 1858 162 71 improbe
2453 1858 147 71 factum
2556 1858 118 71 est,
2629 1858 103 71 vel
2688 1858 176 71 reddere,
2820 1858 118 71 quid
2894 1858 103 71 per

1220 1912 186 60 iniurias
1359 1912 170 60 ablatum
1483 1912 124 60 est.
1560 1912 108 60 Sed
1622 1912 93 60 vt
1669 1912 139 60 dicit
1762 1912 217 60 Augustinus
1932 1912 155 60 contra
2041 1912 217 60 Manicheos,
2211 1912 170 60 nocendi
2335 1912 217 60 cupiditas,
2505 1912 217 60 vlciscendi
2676 1912 232 60 crudelitas,
2846 1912 124 60 impla-

1221 1972 147 64 catus,
1324 1972 132 64 atque
1412 1972 235 64 implacabilis
1603 1972 161 64 animus,
1720 1972 161 64 feritas
1837 1972 220 64 debellandi,
2013 1972 147 64 libido
2116 1972 205 64 dominandi:
2277 1972 73 64 &
2306 1972 132 64 siqua
2394 1972 176 64 similia,
2526 1972 117 64 haec
2599 1972 117 64 sunt
2673 1972 117 64 quae
2746 1972 88 64 in
2790 1972 147 64 bellis
2878 1972 88 64 iure

1218 2017 231 62 culpantur.
1399 2017 99 62 Et
1448 2017 99 62 vt
1498 2017 198 62 sequitur
1646 2017 165 62 ibidem
1762 2017 132 62 post
1844 2017 165 62 pauca,
1960 2017 132 62 ordo
2042 2017 132 62 ille
2125 2017 247 62 naturaliter
2323 2017 214 62 mortalium
2488 2017 132 62 paci
2570 2017 264 62 accommodatus
2785 2017 115 62 hoc
2834 2017 132 62 poscit

1223 2080 92 61 vt
1269 2080 230 61 suscipiendi
1452 2080 138 61 belli
1544 2080 230 61 auctoritas,
1728 2080 138 61 atque
1820 2080 199 61 consilium
1973 2080 138 61 penes
2065 2080 199 61 principes
2218 2080 122 61 sit.
2294 2080 122 61 Sed,
2371 2080 92 61 vt
2417 2080 107 61 ait
2478 2080 168 61 Tullius
2601 2080 107 61 vbi
2662 2080 138 61 supra
2754 2080 153 61 incap.
2861 2080 92 61 de
2891 2080 77 61 for

1216 2124 190 62 titudine.
1363 2124 88 62 Ea
1406 2124 132 62 animi
1494 2124 161 62 elatio,
1611 2124 117 62 quae
1684 2124 175 62 cernitur
1816 2124 88 62 in
1859 2124 190 62 pariculis
2006 2124 73 62 &
2035 2124 205 62 laboribus:
2195 2124 88 62 si
2239 2124 175 62 iustitia
2371 2124 146 62 vacat,
2473 2124 190 62 pugnatque
2619 2124 102 62 non
2678 2124 102 62 pro
2736 2124 146 62 salute
2824 2124 146 62 communi,

1217 2174 111 60 sed
1281 2174 191 60 propriis
1424 2174 207 60 commodis,
1583 2174 95 60 in
1630 2174 143 60 vitio
1726 2174 127 60 est.
1805 2174 111 60 Non
1869 2174 127 60 enim
1948 2174 127 60 modo
2027 2174 95 60 id
2075 2174 191 60 virtutis
2218 2174 111 60 non
2282 2174 127 60 est,
2361 2174 111 60 sed
2425 2174 159 60 potius
2536 2174 238 60 immanitatis
2727 2174 143 60 omnem
2806 2174 159 60 humanita

1217 2231 105 62 tem
1277 2231 240 62 repellentis.
1472 2231 90 62 Vt
1517 2231 135 62 autem
1607 2231 225 62 descendamus
1787 2231 90 62 ad
1832 2231 225 62 propositum,
2012 2231 90 62 de
2057 2231 135 62 bello
2146 2231 135 62 iusto
2236 2231 105 62 est
2296 2231 270 62 distinguendum,
2521 2231 120 62 quia
2596 2231 105 62 aut
2656 2231 105 62 est
2716 2231 90 62 ad
2761 2231 240 62 recuperandum

1216 2287 127 59 bona
1295 2287 174 59 iniuste
1422 2287 174 59 ablata:
1549 2287 95 59 de
1596 2287 111 59 quo
1659 2287 142 59 nihil
1754 2287 95 59 ad
1802 2287 206 59 praesens,
1960 2287 111 59 aut
2023 2287 127 59 est.
2103 2287 95 59 ad
2150 2287 237 59 repellendum
2340 2287 190 59 iniuriam
2482 2287 111 59 qua
2546 2287 190 59 nituntur
2688 2287 158 59 hostes
2799 2287 142 59 bello
2878 2287 95 59 bona

1215 2339 181 60 auferre,
1350 2339 135 60 puta,
1441 2339 151 60 vitam,
1546 2339 181 60 patriam,
1682 2339 226 60 libertatem,
1862 2339 151 60 leges,
1968 2339 75 60 &
1998 2339 166 60 caetera
2118 2339 135 60 bona,
2208 2339 120 60 siue
2284 2339 226 60 spiritalia,
2464 2339 135 60 quale
2555 2339 151 60 bellum
2660 2339 241 60 instruxerunt
2841 2339 135 60 Sarrace

1209 2394 93 61 ni
1255 2394 155 61 contra
1363 2394 186 61 Acconen:
1502 2394 93 61 in
1549 2394 108 61 quo
1611 2394 170 61 mortuus
1734 2394 108 61 est
1796 2394 139 61 miles
1889 2394 93 61 de
1936 2394 108 61 quo
1997 2394 186 61 quaestio
2137 2394 108 61 nia
2199 2394 201 61 proposita
2353 2394 124 61 est,
2431 2394 139 61 vtrum
2523 2394 186 61 irruendo
2663 2394 248 61 praeuolanter
2864 2394 93 61 in
2895 2394 77 61 Sar

1204 2447 183 57 racenos
1337 2447 149 57 fecit
1437 2447 133 57 opus
1520 2447 315 57 magnanimitatis.
1785 2447 100 57 Et
1835 2447 133 57 dico
1918 2447 133 57 quod
2001 2447 266 57 magnanimitas
2217 2447 116 57 est
2283 2447 133 57 pars
2366 2447 282 57 fortitudinis,
2598 2447 83 57 &
2632 2447 166 57 virtus
2748 2447 133 57 quae
2814 2447 166 57 versatur

1214 2499 139 64 circa
1306 2499 139 64 opera
1398 2499 139 64 magna
1491 2499 77 64 &
1522 2499 154 64 ardua.
1629 2499 169 64 dicente
1752 2499 216 64 philosopho
1922 2499 92 64 in
1968 2499 139 64 iiii.
2060 2499 139 64 Ethi.
2153 2499 246 64 Magnanimitas
2353 2499 139 64 circa
2445 2499 139 64 magna
2538 2499 92 64 ex
2584 2499 154 64 nomine
2692 2499 169 64 videtur
2815 2499 139 64 esse:
2907 2499 108 64 sed

1202 2555 154 74 tamen
1304 2555 119 74 non
1373 2555 136 74 omne
1458 2555 136 74 opus
1543 2555 171 74 magnum
1663 2555 222 74 pertinens
1833 2555 102 74 de
1884 2555 171 74 genere
2004 2555 119 74 suo
2072 2555 102 74 ad
2123 2555 273 74 fortitudinem
2345 2555 119 74 est
2413 2555 136 74 opus
2498 2555 324 74 magnanimitatis:
2771 2555 136 74 nisi
2857 2555 119 74 sit
2908 2555 68 74 ex

1206 2605 167 78 habitu
1323 2605 201 78 virtutis
1474 2605 117 78 non
1541 2605 100 78 ex
1591 2605 284 78 praesumptione
1825 2605 184 78 aliqua,
1959 2605 117 78 aut
2026 2605 251 78 cupiditate,
2227 2605 100 78 vt
2277 2605 117 78 cum
2344 2605 268 78 magnanimitas
2562 2605 218 78 fortitudo
2729 2605 184 78 quaedam
2863 2605 134 78 sit,
2930 2605 50 78 &

1205 2664 140 57 alias
1299 2664 202 57 fortitudo
1454 2664 109 57 non
1517 2664 109 57 sit
1579 2664 171 57 virtus,
1704 2664 93 57 vt
1750 2664 140 57 pater
1844 2664 93 57 ex
1890 2664 109 57 iam
1953 2664 171 57 dictis.
2077 2664 125 57 Vnde
2155 2664 78 57 &
2186 2664 171 57 Tullius
2311 2664 125 57 post
2388 2664 156 57 dicta,
2497 2664 171 57 proxime
2622 2664 249 57 praecedentia
2824 2664 187 57 continuo

1211 2717 159 59 addit,
1322 2717 175 59 dicens.
1449 2717 159 59 ltaque
1561 2717 143 59 probe
1656 2717 207 59 definitur
1815 2717 79 59 a
1847 2717 175 59 stoicis
1974 2717 222 59 Fortitudo,
2149 2717 111 59 cum
2212 2717 111 59 eam
2276 2717 191 59 virtutem
2419 2717 127 59 esse
2498 2717 175 59 dicunt,
2625 2717 207 59 pugnantem
2784 2717 111 59 pro
2848 2717 159 59 aequi-

1204 2772 154 57 tate.
1307 2772 205 57 Quocirca
1461 2772 137 57 nemo
1546 2772 120 57 qui
1615 2772 274 57 fortitudinis
1837 2772 188 57 gloriam
1974 2772 257 57 consequutus
2180 2772 137 57 est,
2265 2772 205 57 infidiis
2419 2772 86 57 &
2453 2772 188 57 malitia
2590 2772 171 57 laudem
2710 2772 120 57 est
2779 2772 205 57 adeptus.
2916 2772 68 57 Ni

1213 2822 123 73 hil.
1290 2822 123 73 enim
1367 2822 185 73 honestum
1505 2822 154 73 potest
1613 2822 123 73 esse
1690 2822 123 73 quod
1767 2822 185 73 iustitia
1906 2822 154 73 vacat.
2014 2822 216 73 Praeclarum
2184 2822 154 73 igitur
2291 2822 185 73 Platonis
2430 2822 154 73 illud.
2538 2822 108 73 Non
2600 2822 139 73 solum
2692 2822 185 73 (inquit)
2815 2822 170 73 scientia.

1206 2882 127 65 quae
1286 2882 111 65 est
1349 2882 159 65 remota
1461 2882 80 65 a
1493 2882 207 65 iustitia,
1652 2882 223 65 calliditas
1827 2882 159 65 potius
1939 2882 127 65 quam
2018 2882 207 65 sapientia
2178 2882 111 65 est
2241 2882 239 65 appellanda:
2433 2882 223 65 verunetiam
2608 2882 159 65 animus
2719 2882 175 65 paratus
2847 2882 96 65 ad
2879 2882 111 65 peri-

1204 2945 136 71 culum
1295 2945 91 71 si
1340 2945 106 71 sua
1400 2945 212 71 cupiditate
1567 2945 106 71 non
1627 2945 196 71 vtilitate
1778 2945 151 71 commni
1884 2945 227 71 impellitur,
2065 2945 181 71 audaciae
2201 2945 166 71 potius,
2322 2945 121 71 quam
2398 2945 242 71 fortitudinis
2594 2945 136 71 nomen
2685 2945 151 71 habet.
2791 2945 151 71 ltaque
2881 2945 106 71 viros

1206 2981 170 66 fortes
1325 2981 85 66 &
1359 2981 238 66 magnaimos,
1546 2981 170 66 eosdem
1665 2981 170 66 bonos,
1784 2981 85 66 &
1818 2981 221 66 simplicis
1988 2981 204 66 virtutis
2141 2981 187 66 amicos,
2277 2981 221 66 minimeque
2447 2981 204 66 fallaces
2600 2981 136 66 esse
2685 2981 204 66 volumus,
2838 2981 119 66 qui
2889 2981 102 66 sunt

1204 3034 111 73 ex
1260 3034 167 73 media
1371 3034 185 73 laude,
1501 3034 260 73 iustitiae.
1705 3034 93 73 &
1742 3034 185 73 infra.
1872 3034 185 73 Omnino
2002 3034 185 73 fortis
2131 3034 185 73 animus
2261 3034 93 73 &
2298 3034 185 73 magnus
2428 3034 185 73 duabus
2558 3034 167 73 rebus
2669 3034 185 73 maxime
2780 3034 204 73 cernitur,
