2701 3813
172 289 187 85 quarum
303 289 131 85 vna
378 289 112 85 in
435 289 169 85 rerum
547 289 262 85 externarum
753 289 300 85 despicientia
997 289 225 85 ponitur:
1165 289 206 85 altera,
1315 289 112 85 vt
1371 289 131 85 res
1446 289 169 85 geras
1559 289 206 85 magnas,
1708 289 94 85 &
1746 289 187 85 maxime
1858 289 94 85 vti

171 354 138 58 les,
257 354 190 58 arduas,
396 354 225 58 plenasque
568 354 208 58 laborum,
724 354 86 58 &
759 354 259 58 periculorum
966 354 121 58 &c.
1035 354 208 58 Quamquam
1191 354 138 58 ergo
1278 354 173 58 factum
1399 354 190 58 militis
1537 354 173 58 nostri
1658 354 173 58 arduum
1779 354 138 58 fuit
1866 354 86 58 &
1883 354 69 58 ma

177 410 145 71 gnum,
274 410 129 71 quia
354 410 145 71 circa
451 410 161 71 mortis
564 410 226 71 periculum,
741 410 145 71 atque
838 410 226 71 terribile,
1015 410 145 71 circa
1112 410 129 71 quid
1192 410 161 71 maxime
1305 410 210 71 consistit
1466 410 226 71 fortitudo:
1644 410 177 71 dicente
1757 410 193 71 philosopho

173 475 107 57 in
227 475 178 57 tertio
351 475 160 57 Ethi.
458 475 160 57 Circa
564 475 178 57 qualia
688 475 178 57 igitur
813 475 249 57 terribilia
1008 475 195 57 fortis,
1150 475 124 57 vel
1222 475 160 57 circa
1328 475 195 57 maxima:
1470 475 338 57 terribilissimum
1755 475 160 57 autem
1843 475 107 57 mors

171 517 136 57 est:
256 517 204 57 terminus
410 517 136 57 enim
495 517 136 57 est:
580 517 119 57 non
648 517 153 57 tamen
750 517 102 57 ex
801 517 119 57 hoc
870 517 222 57 sequitur,
1040 517 136 57 quod
1125 517 136 57 fuit
1210 517 136 57 opus
1296 517 290 57 fortitudinis,
1534 517 119 57 seu
1602 517 324 57 magnanimitatis,
1858 517 85 57 aut

174 568 193 60 alicuius
319 568 209 60 virtutis,
479 568 96 60 si
528 568 145 60 forte
624 568 145 60 illud
720 568 209 60 aggressus
881 568 113 60 est
945 568 96 60 ex
994 568 289 60 praesumptione,
1235 568 113 60 aut
1299 568 209 60 ambitione
1460 568 193 60 gloriae,
1604 568 113 60 aut
1669 568 225 60 cupiditate
1829 568 113 60 alia,

170 623 102 62 aut
229 623 131 62 forte
316 623 160 62 temere,
432 623 73 62 &
461 623 218 62 inconsulte,
635 623 116 62 quod
708 623 160 62 videtur
824 623 160 62 innuere
941 623 116 62 ipsa
1013 623 174 62 quaestio
1144 623 87 62 in
1187 623 87 62 eo
1231 623 116 62 quod
1304 623 131 62 dicit
1391 623 160 62 militem
1507 623 232 62 praeuolasse.
1696 623 87 62 Si
1740 623 116 62 enim
1812 623 102 62 ita
1856 623 87 62 fuis

169 678 141 68 set,
257 678 123 68 non
328 678 141 68 opus
416 678 229 68 virtutis,
592 678 88 68 &
627 678 123 68 ita
697 678 123 68 nec
767 678 299 68 fortitudinis,
1014 678 123 68 nec
1084 678 317 68 magnanimitatis
1348 678 158 68 fuit.
1453 678 141 68 Vnde
1541 678 106 68 de
1594 678 141 68 modo
1682 678 264 68 aggrediendi
1876 678 70 68 fa

174 734 131 60 cta
249 734 355 60 magnanimitatis,
548 734 168 60 dicit
660 734 205 60 Tullius
809 734 149 60 post
902 734 261 60 praedicta.
1108 734 112 60 Ad
1164 734 131 60 rem
1239 734 168 60 autem
1351 734 224 60 gerendam
1519 734 131 60 qui
1593 734 224 60 accedit,
1761 734 187 60 caueat
1873 734 75 60 ne

182 784 92 68 id
228 784 123 68 modo
304 784 230 68 consideret,
488 784 123 68 quam
565 784 123 68 illa
641 784 107 68 res
702 784 168 68 fonesta
825 784 123 68 sit,
902 784 107 68 sed
963 784 138 68 etiam
1055 784 92 68 vt
1101 784 153 68 habeat
1208 784 214 68 efficiendi
1376 784 230 68 facultatem.
1560 784 92 68 In
1606 784 107 68 quo
1667 784 123 68 ipso
1744 784 230 68 consideran-

176 839 132 59 dum
252 839 113 59 ne
308 839 132 59 aut
384 839 189 59 temere
517 839 227 59 desperet
687 839 208 59 propter
838 839 246 59 ignauiam,
1027 839 132 59 aut
1103 839 170 59 nimis
1216 839 227 59 confidat
1387 839 208 59 propter
1538 839 303 59 cupiditatem.
1784 839 95 59 &
1803 839 151 59 infra.

177 892 163 55 Omnino
291 892 130 55 enim
372 892 146 55 illud
469 892 211 55 honestum,
632 892 130 55 quid
713 892 98 55 ex
762 892 146 55 animo
859 892 195 55 excelso,
1006 892 260 55 magnificoque
1217 892 228 55 quaerimus,
1396 892 146 55 animi
1493 892 211 55 efficitur
1656 892 114 55 non
1721 892 195 55 corporis
1851 892 98 55 viri

174 942 135 64 bus:
258 942 236 64 exercendum
443 942 151 64 tamen
544 942 185 64 corpus,
679 942 84 64 &
713 942 118 64 ita
780 942 252 64 afficiendum
982 942 135 64 est,
1066 942 101 64 vt
1117 942 185 64 obedire
1251 942 219 64 consilio,
1419 942 236 64 rationique
1605 942 168 64 possit
1722 942 101 64 in
1756 942 202 64 exequendis

172 999 223 64 negotiis,
343 999 86 64 &
378 999 103 64 in
429 999 223 64 laboribus
601 999 257 64 tolerandis.
807 999 86 64 &
841 999 172 64 infra.
961 999 154 64 Quare
1064 999 223 64 expetenda
1236 999 172 64 quidem
1356 999 154 64 magis
1459 999 120 64 est
1527 999 257 64 discernendi
1733 999 172 64 ratio,
1836 999 103 64 quam

179 1054 238 58 decertandi
366 1054 238 58 fortitudo.
553 1054 170 58 Fortis
672 1054 153 58 autem
774 1054 85 58 &
808 1054 238 58 constantis
995 1054 153 58 animi
1096 1054 119 58 est
1164 1054 119 58 non
1232 1054 221 58 prturbari
1402 1054 102 58 in
1453 1054 153 58 rebus
1555 1054 204 58 asperis,
1708 1054 119 58 nec
1759 1054 187 58 tumultuam

180 1107 117 61 tem
247 1107 117 61 (ut
314 1107 184 61 dicitur
448 1107 84 61 )
482 1107 101 61 de
532 1107 151 61 gradu
633 1107 168 61 eiici,
750 1107 117 61 sed
817 1107 235 61 praesentis
1001 1107 151 61 animi
1102 1107 218 61 consilio,
1269 1107 117 61 nec
1336 1107 84 61 a
1370 1107 184 61 ratione
1504 1107 235 61 discedere,
1688 1107 117 61 nec
1738 1107 218 61 committere,

184 1160 102 70 vt
235 1160 222 70 aliquando
405 1160 204 70 dicendum
559 1160 119 70 sit
627 1160 119 70 non
695 1160 204 70 putaram.
848 1160 136 70 Haec
934 1160 136 70 sunt
1019 1160 153 70 opera
1121 1160 153 70 magni
1223 1160 85 70 &
1257 1160 187 70 excelsi
1394 1160 170 70 animi,
1513 1160 85 70 &
1547 1160 239 70 prudentia.
1734 1160 256 70 consilioque

165 1213 235 60 fidentis
342 1213 216 60 ITemere
499 1213 177 60 autem
617 1213 118 60 in
676 1213 157 60 acie
774 1213 235 60 versari,
950 1213 98 60 &
990 1213 216 60 manucum
1146 1213 177 60 hoste
1264 1213 294 60 confligere,
1500 1213 196 60 immane
1637 1213 216 60 quiddam
1794 1213 98 60 &
1814 1213 137 60 belua

167 1268 124 60 rum
238 1268 177 60 simile
362 1268 141 60 est.
450 1268 124 60 Sed
521 1268 124 60 cum
591 1268 194 60 tempus,
733 1268 300 60 necessitasque
980 1268 230 60 postulat,
1157 1268 265 60 decertandum
1369 1268 141 60 manu
1457 1268 124 60 est
1528 1268 88 60 &
1563 1268 141 60 mors
1652 1268 230 60 seruituti
1811 1268 141 60 turpi-

173 1319 234 59 tudinique
353 1319 288 59 anteponenda.
587 1319 126 59 Sed
659 1319 234 59 fugiendum
839 1319 126 59 est
911 1319 162 59 illud
1019 1319 108 59 ne
1073 1319 234 59 offeramus
1252 1319 126 59 nos
1324 1319 234 59 periculis
1504 1319 144 59 sine
1594 1319 180 59 causa,
1720 1319 126 59 quo
1792 1319 162 59 nihil
1882 1319 72 59 po

172 1369 133 62 test
256 1369 133 62 esse
339 1369 217 62 stultius.
506 1369 133 62 Haec
589 1369 150 62 ille.
689 1369 133 62 Hinc
773 1369 150 62 dicit
873 1369 200 62 Vegetius
1023 1369 167 62 libro.
1140 1369 133 62 iii.
1223 1369 133 62 cap.
1307 1369 167 62 vltimo
1423 1369 100 62 de
1473 1369 133 62 arte
1557 1369 217 62 militari.
1723 1369 133 62 Boni
1807 1369 150 62 duces
1890 1369 67 62 pu

167 1422 157 71 blico
271 1422 227 71 certamine
445 1422 192 71 nunquam
585 1422 139 71 nisi
672 1422 105 71 ex
724 1422 244 71 occasione,
916 1422 122 71 aut
986 1422 157 71 nimia
1090 1422 261 71 necessitate
1300 1422 261 71 confligunt.
1509 1422 105 71 Si
1561 1422 139 71 ergo
1648 1422 157 71 miles
1753 1422 174 71 noster
1875 1422 122 71 non

173 1479 240 63 confidens
357 1479 111 63 de
413 1479 296 63 commilitonum
653 1479 259 63 adiutorio,
856 1479 129 63 nec
930 1479 185 63 putans
1060 1479 129 63 eos
1133 1479 222 63 paratos,
1300 1479 111 63 vt
1355 1479 166 63 simul
1466 1479 111 63 ad
1521 1479 185 63 bellum
1651 1479 259 63 procedant,
1836 1479 129 63 solus

169 1528 100 69 in
219 1528 167 69 hostes
336 1528 251 69 praeuolando
537 1528 217 69 insiliit,
704 1528 134 69 ipse
788 1528 167 69 absque
905 1528 134 69 omni
988 1528 251 69 rationabili
1189 1528 150 69 causa
1289 1528 150 69 morti
1390 1528 100 69 se
1440 1528 201 69 obtulit,
1590 1528 167 69 debens
1707 1528 167 69 scire,
1824 1528 134 69 quod
1891 1528 67 69 ni

169 1587 116 69 hil
236 1587 116 69 per
302 1587 100 69 se
352 1587 149 69 solum
452 1587 216 69 proficere
618 1587 183 69 potuit:
750 1587 83 69 &
784 1587 116 69 sic
850 1587 133 69 opus
933 1587 116 69 non
999 1587 232 69 magnanimi,
1182 1587 116 69 sed
1248 1587 166 69 stulti
1364 1587 149 69 egit.
1464 1587 116 69 Sed
1530 1587 116 69 nec
1597 1587 100 69 ex
1647 1587 116 69 hoc
1713 1587 133 69 quod
1796 1587 133 69 iste
1862 1587 100 69 prae

173 1642 164 64 uolans
287 1642 147 64 solus
385 1642 98 64 in
435 1642 164 64 hostes
549 1642 180 64 irruit,
680 1642 82 64 &
713 1642 196 64 periculo
860 1642 164 64 mortis
975 1642 98 64 se
1024 1642 213 64 exposuit,
1188 1642 196 64 iudicari
1335 1642 164 64 potest
1450 1642 344 64 certitudinaliter,
1744 1642 131 64 quod
1826 1642 131 64 opus
1892 1642 65 64 ma

177 1702 193 57 gnanimi
318 1702 123 57 non
388 1702 158 57 egit,
494 1702 141 57 quia
582 1702 106 57 vt
635 1702 193 57 dicitur
775 1702 229 57 Sarraceni
951 1702 141 57 ante
1039 1702 193 57 auroram
1180 1702 176 57 subito
1303 1702 229 57 ciuitatem
1479 1702 229 57 Acconenm.
1655 1702 281 57 intrauerunt,
1866 1702 88 57 nec

166 1750 144 60 fuit
256 1750 144 60 tunc
346 1750 288 60 christicolis
580 1750 108 60 in
634 1750 144 60 illa
724 1750 252 60 contentis,
922 1750 180 60 tempus
1048 1750 324 60 deliberationis
1317 1750 216 60 maioris,
1479 1750 126 60 sed
1551 1750 234 60 solummodo
1731 1750 180 60 statim
1839 1750 108 60 exer

181 1809 147 64 cendae
284 1809 192 64 virtutis,
432 1809 118 64 quae
506 1809 177 64 secundum
638 1809 236 64 philosophum.
830 1809 103 64 ii.
889 1809 133 64 Ethi.
977 1809 147 64 maxime
1080 1809 88 64 in
1125 1809 206 64 repentinis
1287 1809 192 64 probatur.
1434 1809 133 64 Miles
1523 1809 147 64 igitur
1626 1809 162 64 noster,
1744 1809 103 64 qui
1803 1809 88 64 vt
1847 1809 133 64 audi-

171 1864 102 58 ui
222 1864 153 58 dici,
324 1864 119 58 dux
392 1864 187 58 aliorum
527 1864 102 58 in
578 1864 153 58 bello
680 1864 136 58 esse
765 1864 187 58 debuit,
900 1864 136 58 quam
985 1864 170 58 citius
1104 1864 271 58 occurrisset,
1324 1864 153 58 forte
1426 1864 170 58 iacens
1545 1864 102 58 in
1596 1864 204 58 excubiis
1748 1864 187 58 armatus
1867 1864 85 58 cum

173 1906 175 68 aliis,
296 1906 88 68 &
331 1906 193 68 paratus
471 1906 105 68 ad
524 1906 193 68 bellum,
664 1906 175 68 statim
786 1906 175 68 audito
909 1906 193 68 tunultu
1049 1906 88 68 &
1084 1906 315 68 discurrentibus
1346 1906 245 68 Sarracenis
1539 1906 123 68 per
1609 1906 158 68 vicos
1714 1906 210 68 exiliit,
1871 1906 88 68 &
1889 1906 70 68 pu

179 1958 144 68 tans
269 1958 289 68 commilitones
504 1958 144 68 suos
594 1958 108 68 se
649 1958 289 68 consecuturos
883 1958 108 68 in
938 1958 181 68 hostes
1064 1958 163 68 solus
1172 1958 217 68 irrupit,
1335 1958 235 68 attendens
1516 1958 163 68 illud
1624 1958 199 68 Vegetii
1768 1958 108 68 de
1805 1958 144 68 artemi

174 2014 163 64 litari
288 2014 147 64 libro
386 2014 130 64 iii.
467 2014 130 64 cap.
549 2014 147 64 viii.
647 2014 98 64 Ne
695 2014 130 64 vero
777 2014 228 64 repentinus
956 2014 196 64 tumultus
1103 2014 179 64 amplius
1234 2014 179 64 noceat,
1364 2014 130 64 ante
1446 2014 228 64 commonendi
1625 2014 130 64 sunt
1706 2014 196 64 milites,
1853 2014 98 64 vt
1886 2014 65 64 pa

178 2077 134 60 rati
262 2077 134 60 sint
346 2077 185 60 omnino,
481 2077 101 60 vt
531 2077 134 60 arma
615 2077 101 60 in
666 2077 185 60 manibus
800 2077 202 60 habeant.
951 2077 101 60 In
1002 2077 252 60 necessitate
1204 2077 134 60 enim
1288 2077 168 60 subita
1405 2077 134 60 quae
1489 2077 202 60 terrent,
1641 2077 134 60 ante
1725 2077 202 60 praeuisa
1876 2077 118 60 non

157 2125 186 66 solent
287 2125 149 66 esse
380 2125 260 66 formidini.
585 2125 93 66 &
622 2125 149 66 cap.
715 2125 130 66 vi.
789 2125 167 66 Multa
900 2125 186 66 quidem
1030 2125 149 66 sunt
1123 2125 223 66 dicenda,
1290 2125 167 66 atque
1402 2125 260 66 obseruanda
1606 2125 297 66 pugnantibus.
1829 2125 130 66 Siqui

171 2176 110 64 dem
234 2176 141 64 nulla
328 2176 110 64 sit
390 2176 250 64 negligentiae
594 2176 156 64 venia,
703 2176 110 64 vbi
766 2176 94 64 de
813 2176 156 64 salute
922 2176 203 64 certetur.
1079 2176 94 64 Et
1126 2176 141 64 libro
1220 2176 94 64 i.
1267 2176 125 64 cap.
1345 2176 156 64 xiiii.
1454 2176 94 64 In
1501 2176 141 64 aliis
1595 2176 156 64 rebus,
1705 2176 141 64 sicut
1799 2176 110 64 ait
1845 2176 110 64 Cato,

160 2225 175 70 siquid
282 2225 192 70 erratum
421 2225 175 70 fuerit
544 2225 227 70 postmodum
718 2225 192 70 corrigi
858 2225 192 70 potest,
998 2225 244 70 praeliorum
1190 2225 192 70 delicta
1329 2225 279 70 emendationem
1556 2225 122 70 non
1626 2225 244 70 recipiunt,
1818 2225 122 70 cum
1871 2225 87 70 poe

160 2283 100 61 na
210 2283 166 61 statim
327 2283 200 61 sequatur
476 2283 200 61 errorem.
626 2283 100 61 Et
676 2283 150 61 libro
776 2283 150 61 iiii.
876 2283 133 61 cap.
959 2283 166 61 xxxix.
1075 2283 150 61 Sicut
1175 2283 133 61 enim
1258 2283 200 61 prouidos
1408 2283 183 61 cautela
1541 2283 200 61 tutatur,
1691 2283 116 61 sic
1741 2283 216 61 negligentes

169 2337 219 57 extinguit
337 2337 202 57 ignauia.
489 2337 135 57 Quia
573 2337 101 57 si
624 2337 118 57 ita
691 2337 151 57 fuit,
792 2337 135 57 quia
876 2337 135 57 tunc
960 2337 202 57 tempors,
1112 2337 286 57 necessitasque
1347 2337 252 57 postulabant
1549 2337 252 57 decertandum
1751 2337 135 57 esse
1835 2337 135 57 manu
1903 2337 50 57 &

166 2391 188 66 mortem
298 2391 244 66 seruituti
485 2391 338 66 turpitudinique
766 2391 150 66 esse
860 2391 300 66 anteponendam
1104 2391 94 66 &
1142 2391 169 66 malum
1254 2391 263 66 fugiendum,
1460 2391 150 66 quod
1554 2391 188 66 reuera
1685 2391 131 66 ita
1760 2391 150 66 puto
1835 2391 113 66 com-

179 2446 204 54 tigisse,
332 2446 187 54 idcirco
468 2446 136 54 dico
553 2446 187 54 credens
689 2446 204 54 firmiter
842 2446 136 54 quod
927 2446 136 54 opus
1012 2446 187 54 militis
1147 2446 170 54 nostri
1266 2446 136 54 erat
1351 2446 136 54 opus
1436 2446 323 54 magnanimitatis,
1708 2446 102 54 ex
1759 2446 153 54 cuius
1861 2446 119 54 ha-

182 2494 129 64 bitu
262 2494 177 64 repente
391 2494 161 64 elegit
504 2494 129 64 opus
585 2494 145 64 summe
682 2494 177 64 arduum,
811 2494 177 64 honeste
939 2494 193 64 scilicet
1085 2494 129 64 mori
1165 2494 113 64 pro
1230 2494 145 64 fide,
1326 2494 81 64 &
1359 2494 210 64 ciuitate,
1520 2494 129 64 quam
1600 2494 193 64 fugiendo
1745 2494 210 64 inhoneste
1891 2494 64 64 vi

181 2551 151 62 uere,
282 2551 84 62 &
316 2551 151 62 forte
416 2551 134 62 fuga
500 2551 185 62 incerta
635 2551 118 62 non
702 2551 252 62 subueniente
903 2551 151 62 iugum
1004 2551 235 62 seruitutis
1189 2551 269 62 Sarracenorum
1407 2551 185 62 subire.
1541 2551 134 62 Quia
1625 2551 101 62 si
1675 2551 185 62 caeteri
1810 2551 151 62 ciues
1894 2551 50 62 &

179 2607 262 57 commilitones
391 2607 115 57 sic
457 2607 229 57 fecissent,
637 2607 82 57 &
670 2607 147 57 tales
768 2607 196 57 fuissent
915 2607 98 57 vt
965 2607 147 57 ille,
1063 2607 147 57 credo
1161 2607 131 57 quod
1243 2607 246 57 proculdubio
1439 2607 98 57 in
1489 2607 213 57 adiutorio
1652 2607 115 57 dei
1718 2607 213 57 victoriam
1865 2607 82 57 ob-

171 2661 252 62 tinuissent,
373 2661 84 62 &
407 2661 185 62 ciuitas
541 2661 185 62 staret.
675 2661 101 62 Vt
726 2661 134 62 enim
810 2661 202 62 dicitur.
961 2661 101 62 i.
1012 2661 168 62 Macca.
1129 2661 134 62 iii.
1213 2661 168 62 Facile
1331 2661 118 62 est
1398 2661 202 62 concludi
1550 2661 168 62 multos
1667 2661 101 62 in
1718 2661 134 62 manu
1785 2661 168 62 paucorum

174 2715 83 55 &
208 2715 116 55 non
274 2715 116 55 est
341 2715 249 55 differentia
540 2715 100 55 in
590 2715 216 55 conspectu
756 2715 116 55 dei
822 2715 150 55 caeli
922 2715 199 55 liberare
1072 2715 100 55 in
1121 2715 166 55 multis
1238 2715 83 55 &
1271 2715 100 55 in
1321 2715 183 55 paucis,
1454 2715 183 55 quoniam
1587 2715 116 55 non
1653 2715 100 55 ex
1703 2715 249 55 multitudine
1886 2715 66 55 ex

176 2767 173 57 ercitus
302 2767 188 57 victoria
443 2767 157 57 belli,
553 2767 110 57 sed
616 2767 94 57 de
663 2767 141 57 caelo
757 2767 220 57 fortitudo.
930 2767 94 57 Et
977 2767 94 57 vt
1024 2767 141 57 dicit
1119 2767 188 57 Vegetius
1260 2767 110 57 vbi
1323 2767 157 57 supra.
1433 2767 110 57 li.
1496 2767 126 57 iii.
1574 2767 126 57 cap.
1653 2767 141 57 xxii.
1747 2767 188 57 Victoria
1872 2767 79 57 sem

171 2822 129 75 per
244 2822 129 75 per
318 2822 185 75 paucos
448 2822 166 75 fieri
559 2822 259 75 consueuit.
762 2822 92 75 &
799 2822 185 75 maxime
928 2822 129 75 per
1002 2822 203 75 homines
1150 2822 240 75 virtutis.
1335 2822 111 75 Vt
1390 2822 148 75 enim
1483 2822 185 75 ibidem
1612 2822 166 75 dicit
1723 2822 166 75 libro
1816 2822 129 75 primo

173 2876 129 64 cap.
254 2876 178 64 decimo,
383 2876 97 64 in
431 2876 129 64 omni
512 2876 226 64 conflictum
690 2876 113 64 non
754 2876 113 64 tam
819 2876 178 64 prodest
948 2876 210 64 multitudo
1110 2876 129 64 quam
1191 2876 178 64 virtus.
1320 2876 97 64 Et
1368 2876 145 64 libro
1465 2876 145 64 iiii.
1562 2876 113 64 ca.
1627 2876 162 64 xxxii.
1740 2876 97 64 In
1788 2876 145 64 rebus
1869 2876 81 64 bel

172 2926 142 63 licis
267 2926 204 63 celeritas
424 2926 173 63 amplius
550 2926 142 63 solet
644 2926 204 63 prodesse,
801 2926 126 63 quam
880 2926 173 63 virtus.
1006 2926 94 63 Et
1053 2926 157 63 libro.
1163 2926 126 63 iii.
1241 2926 126 63 cap.
1320 2926 157 63 xxxix.
1430 2926 220 63 Necessario
1603 2926 173 63 amplior
1729 2926 204 63 securitas
1870 2926 79 63 se-

176 2981 109 57 let
239 2981 171 57 grauius
363 2981 155 57 habere
471 2981 217 57 discrimen,
642 2981 124 57 quod
719 2981 217 57 imparatis,
890 2981 93 57 ac
936 2981 140 57 nihil
1029 2981 264 57 suspicantibus
1246 2981 248 57 superueniens
1448 2981 171 57 assolet
1572 2981 155 57 fieri.
1680 2981 109 57 hoc
1742 2981 124 57 casu
1804 2981 140 57 oppres-

163 3037 140 64 sis,
250 3037 122 64 nec
320 3037 174 64 virtus
442 3037 192 64 potest,
581 3037 122 64 nec
651 3037 227 64 multitudo
825 3037 227 64 prodesse.
1000 3037 140 64 Vnde
1087 3037 209 64 Acconen.
1244 3037 105 64 vt
1296 3037 174 64 credo,
1418 3037 227 64 victoriam
1593 3037 297 64 obtinuissent,
1837 3037 105 64 si
1872 3037 87 64 bel

171 3089 241 66 ligerassent
364 3089 112 66 pro
428 3089 144 66 posse
524 3089 128 66 suo,
604 3089 80 66 &
636 3089 177 66 confisi
765 3089 160 66 domino
877 3089 209 66 dixissent
1037 3089 241 66 vnanimiter,
1230 3089 241 66 vnusquisque
1423 3089 177 66 illorum
1551 3089 96 66 ad
1599 3089 209 66 caeteros,
1759 3089 144 66 illud
1856 3089 128 66 quod

180 3150 145 72 dixit
277 3150 145 72 ludas
374 3150 194 72 continuo
519 3150 129 72 post
600 3150 226 72 praedicta.
778 3150 97 72 i.
826 3150 178 72 Maccab.
955 3150 129 72 iii.
1036 3150 129 72 lpsi
1117 3150 178 72 veniunt
1246 3150 97 72 ad
1295 3150 113 72 nos
1359 3150 97 72 in
1408 3150 275 72 multitudinae,
1634 3150 81 72 &
1666 3150 210 72 superbia,
1828 3150 97 72 vt
1860 3150 97 72 dis
