<?xml version="1.0" encoding="UTF-8"?>
<alto xmlns:xsi="http://www.w3.org/2001/XMLSchema-instance"
      xmlns="http://www.loc.gov/standards/alto/ns-v2#"
      xmlns:page="http://schema.primaresearch.org/PAGE/gts/pagecontent/2013-07-15"
      xsi:schemaLocation="http://www.loc.gov/standards/alto/ns-v2# http://www.loc.gov/standards/alto/alto.xsd">
   <Description>
      <MeasurementUnit>pixel</MeasurementUnit>
      <OCRProcessing ID="IdOcr">
         <ocrProcessingStep>
            <processingDateTime>2020-04-22T20:10:06.383-04:00</processingDateTime>
            <processingSoftware>
               <softwareCreator>READ COOP</softwareCreator>
               <softwareName>Transkribus</softwareName>
            </processingSoftware>
         </ocrProcessingStep>
      </OCRProcessing>
   </Description>
   <Layout>
      <Page ID="Page1" PHYSICAL_IMG_NR="1" HEIGHT="3699" WIDTH="2456">
         <TopMargin HEIGHT="0" WIDTH="2456" VPOS="0" HPOS="0"/>
         <LeftMargin HEIGHT="3699" WIDTH="0" VPOS="0" HPOS="0"/>
         <RightMargin HEIGHT="3699" WIDTH="0" VPOS="0" HPOS="2456"/>
         <BottomMargin HEIGHT="0" WIDTH="2456" VPOS="3699" HPOS="0"/>
         <PrintSpace HEIGHT="3699" WIDTH="2456" VPOS="0" HPOS="0">
            <TextBlock ID="TextRegion_1580945797342_973"
                       HEIGHT="2917"
                       WIDTH="1771"
                       VPOS="299"
                       HPOS="208">
               <Shape>
                  <Polygon POINTS="208,299 1979,300 1979,3216 208,3215"/>
               </Shape>
               <TextLine ID="r2l3"
                         BASELINE="372"
                         HEIGHT="95"
                         WIDTH="1780"
                         VPOS="277"
                         HPOS="210">
                  <String HEIGHT="95"
                          WIDTH="153"
                          VPOS="277"
                          HPOS="195"
                          CONTENT="causat"/>
                  <SP HEIGHT="95" WIDTH="15" VPOS="277" HPOS="348"/>
                  <String HEIGHT="95" WIDTH="92" VPOS="277" HPOS="302" CONTENT="in"/>
                  <SP HEIGHT="95" WIDTH="15" VPOS="277" HPOS="394"/>
                  <String HEIGHT="95"
                          WIDTH="184"
                          VPOS="277"
                          HPOS="348"
                          CONTENT="corpore:"/>
                  <SP HEIGHT="95" WIDTH="15" VPOS="277" HPOS="532"/>
                  <String HEIGHT="95"
                          WIDTH="123"
                          VPOS="277"
                          HPOS="486"
                          CONTENT="sinc"/>
                  <SP HEIGHT="95" WIDTH="15" VPOS="277" HPOS="609"/>
                  <String HEIGHT="95"
                          WIDTH="153"
                          VPOS="277"
                          HPOS="563"
                          CONTENT="quibus"/>
                  <SP HEIGHT="95" WIDTH="15" VPOS="277" HPOS="716"/>
                  <String HEIGHT="95" WIDTH="92" VPOS="277" HPOS="670" CONTENT="in"/>
                  <SP HEIGHT="95" WIDTH="15" VPOS="277" HPOS="762"/>
                  <String HEIGHT="95" WIDTH="92" VPOS="277" HPOS="716" CONTENT="eo"/>
                  <SP HEIGHT="95" WIDTH="15" VPOS="277" HPOS="808"/>
                  <String HEIGHT="95"
                          WIDTH="123"
                          VPOS="277"
                          HPOS="762"
                          CONTENT="esse"/>
                  <SP HEIGHT="95" WIDTH="15" VPOS="277" HPOS="885"/>
                  <String HEIGHT="95" WIDTH="107" VPOS="277" HPOS="839" CONTENT="non"/>
                  <SP HEIGHT="95" WIDTH="15" VPOS="277" HPOS="947"/>
                  <String HEIGHT="95"
                          WIDTH="169"
                          VPOS="277"
                          HPOS="901"
                          CONTENT="potest:"/>
                  <SP HEIGHT="95" WIDTH="15" VPOS="277" HPOS="1069"/>
                  <String HEIGHT="95"
                          WIDTH="123"
                          VPOS="277"
                          HPOS="1023"
                          CONTENT="quae"/>
                  <SP HEIGHT="95" WIDTH="15" VPOS="277" HPOS="1146"/>
                  <String HEIGHT="95"
                          WIDTH="107"
                          VPOS="277"
                          HPOS="1100"
                          CONTENT="non"/>
                  <SP HEIGHT="95" WIDTH="15" VPOS="277" HPOS="1207"/>
                  <String HEIGHT="95"
                          WIDTH="123"
                          VPOS="277"
                          HPOS="1161"
                          CONTENT="sunt"/>
                  <SP HEIGHT="95" WIDTH="15" VPOS="277" HPOS="1284"/>
                  <String HEIGHT="95"
                          WIDTH="153"
                          VPOS="277"
                          HPOS="1238"
                          CONTENT="causae"/>
                  <SP HEIGHT="95" WIDTH="15" VPOS="277" HPOS="1392"/>
                  <String HEIGHT="95" WIDTH="77" VPOS="277" HPOS="1346" CONTENT="&amp;"/>
                  <SP HEIGHT="95" WIDTH="15" VPOS="277" HPOS="1422"/>
                  <String HEIGHT="95"
                          WIDTH="138"
                          VPOS="277"
                          HPOS="1376"
                          CONTENT="media"/>
                  <SP HEIGHT="95" WIDTH="15" VPOS="277" HPOS="1514"/>
                  <String HEIGHT="95"
                          WIDTH="184"
                          VPOS="277"
                          HPOS="1468"
                          CONTENT="vnionis:"/>
                  <SP HEIGHT="95" WIDTH="15" VPOS="277" HPOS="1652"/>
                  <String HEIGHT="95"
                          WIDTH="107"
                          VPOS="277"
                          HPOS="1606"
                          CONTENT="sed"/>
                  <SP HEIGHT="95" WIDTH="15" VPOS="277" HPOS="1714"/>
                  <String HEIGHT="95"
                          WIDTH="123"
                          VPOS="277"
                          HPOS="1668"
                          CONTENT="sunt"/>
                  <SP HEIGHT="95" WIDTH="15" VPOS="277" HPOS="1791"/>
                  <String HEIGHT="95"
                          WIDTH="169"
                          VPOS="277"
                          HPOS="1744"
                          CONTENT="tanquam"/>
                  <SP HEIGHT="95" WIDTH="15" VPOS="277" HPOS="1913"/>
                  <String HEIGHT="95"
                          WIDTH="153"
                          VPOS="277"
                          HPOS="1867"
                          CONTENT="natura"/>
                  <SP HEIGHT="95" WIDTH="15" VPOS="277" HPOS="2021"/>
                  <String HEIGHT="95" WIDTH="31" VPOS="277" HPOS="1959" CONTENT=""/>
               </TextLine>
               <TextLine ID="line_1580945807275_980"
                         BASELINE="427"
                         HEIGHT="68"
                         WIDTH="1787"
                         VPOS="359"
                         HPOS="202">
                  <String HEIGHT="68"
                          WIDTH="131"
                          VPOS="359"
                          HPOS="187"
                          CONTENT="liter"/>
                  <SP HEIGHT="68" WIDTH="15" VPOS="359" HPOS="318"/>
                  <String HEIGHT="68"
                          WIDTH="189"
                          VPOS="359"
                          HPOS="275"
                          CONTENT="sequentia"/>
                  <SP HEIGHT="68" WIDTH="15" VPOS="359" HPOS="464"/>
                  <String HEIGHT="68"
                          WIDTH="116"
                          VPOS="359"
                          HPOS="420"
                          CONTENT="sine"/>
                  <SP HEIGHT="68" WIDTH="15" VPOS="359" HPOS="536"/>
                  <String HEIGHT="68"
                          WIDTH="145"
                          VPOS="359"
                          HPOS="493"
                          CONTENT="quibus"/>
                  <SP HEIGHT="68" WIDTH="15" VPOS="359" HPOS="638"/>
                  <String HEIGHT="68" WIDTH="102" VPOS="359" HPOS="594" CONTENT="non"/>
                  <SP HEIGHT="68" WIDTH="15" VPOS="359" HPOS="696"/>
                  <String HEIGHT="68"
                          WIDTH="116"
                          VPOS="359"
                          HPOS="652"
                          CONTENT="stat"/>
                  <SP HEIGHT="68" WIDTH="15" VPOS="359" HPOS="769"/>
                  <String HEIGHT="68" WIDTH="102" VPOS="359" HPOS="725" CONTENT="nec"/>
                  <SP HEIGHT="68" WIDTH="15" VPOS="359" HPOS="827"/>
                  <String HEIGHT="68"
                          WIDTH="131"
                          VPOS="359"
                          HPOS="783"
                          CONTENT="fieri"/>
                  <SP HEIGHT="68" WIDTH="15" VPOS="359" HPOS="914"/>
                  <String HEIGHT="68"
                          WIDTH="145"
                          VPOS="359"
                          HPOS="870"
                          CONTENT="potest"/>
                  <SP HEIGHT="68" WIDTH="15" VPOS="359" HPOS="1016"/>
                  <String HEIGHT="68"
                          WIDTH="116"
                          VPOS="359"
                          HPOS="972"
                          CONTENT="ipsa"/>
                  <SP HEIGHT="68" WIDTH="15" VPOS="359" HPOS="1088"/>
                  <String HEIGHT="68"
                          WIDTH="116"
                          VPOS="359"
                          HPOS="1045"
                          CONTENT="vnio"/>
                  <SP HEIGHT="68" WIDTH="15" VPOS="359" HPOS="1161"/>
                  <String HEIGHT="68"
                          WIDTH="116"
                          VPOS="359"
                          HPOS="1117"
                          CONTENT="quin"/>
                  <SP HEIGHT="68" WIDTH="15" VPOS="359" HPOS="1234"/>
                  <String HEIGHT="68"
                          WIDTH="131"
                          VPOS="359"
                          HPOS="1190"
                          CONTENT="simul"/>
                  <SP HEIGHT="68" WIDTH="15" VPOS="359" HPOS="1321"/>
                  <String HEIGHT="68"
                          WIDTH="131"
                          VPOS="359"
                          HPOS="1277"
                          CONTENT="fiant"/>
                  <SP HEIGHT="68" WIDTH="15" VPOS="359" HPOS="1408"/>
                  <String HEIGHT="68"
                          WIDTH="131"
                          VPOS="359"
                          HPOS="1364"
                          CONTENT="illae"/>
                  <SP HEIGHT="68" WIDTH="15" VPOS="359" HPOS="1495"/>
                  <String HEIGHT="68"
                          WIDTH="262"
                          VPOS="359"
                          HPOS="1451"
                          CONTENT="dispositiones."/>
                  <SP HEIGHT="68" WIDTH="15" VPOS="359" HPOS="1713"/>
                  <String HEIGHT="68" WIDTH="87" VPOS="359" HPOS="1669" CONTENT="DE"/>
                  <SP HEIGHT="68" WIDTH="15" VPOS="359" HPOS="1757"/>
                  <String HEIGHT="68"
                          WIDTH="276"
                          VPOS="359"
                          HPOS="1713"
                          CONTENT="dispositionibus"/>
                  <SP HEIGHT="68" WIDTH="15" VPOS="359" HPOS="1989"/>
                  <String HEIGHT="68" WIDTH="58" VPOS="359" HPOS="1931" CONTENT="er"/>
               </TextLine>
               <TextLine ID="r2l5"
                         BASELINE="475"
                         HEIGHT="71"
                         WIDTH="1767"
                         VPOS="404"
                         HPOS="223">
                  <String HEIGHT="71" WIDTH="88" VPOS="404" HPOS="208" CONTENT="go"/>
                  <SP HEIGHT="71" WIDTH="15" VPOS="404" HPOS="296"/>
                  <String HEIGHT="71"
                          WIDTH="263"
                          VPOS="404"
                          HPOS="252"
                          CONTENT="accidentalibus"/>
                  <SP HEIGHT="71" WIDTH="15" VPOS="404" HPOS="515"/>
                  <String HEIGHT="71"
                          WIDTH="117"
                          VPOS="404"
                          HPOS="471"
                          CONTENT="quae"/>
                  <SP HEIGHT="71" WIDTH="15" VPOS="404" HPOS="588"/>
                  <String HEIGHT="71"
                          WIDTH="146"
                          VPOS="404"
                          HPOS="544"
                          CONTENT="habent"/>
                  <SP HEIGHT="71" WIDTH="15" VPOS="404" HPOS="690"/>
                  <String HEIGHT="71" WIDTH="88" VPOS="404" HPOS="646" CONTENT="in"/>
                  <SP HEIGHT="71" WIDTH="15" VPOS="404" HPOS="734"/>
                  <String HEIGHT="71"
                          WIDTH="175"
                          VPOS="404"
                          HPOS="690"
                          CONTENT="generato"/>
                  <SP HEIGHT="71" WIDTH="15" VPOS="404" HPOS="866"/>
                  <String HEIGHT="71"
                          WIDTH="117"
                          VPOS="404"
                          HPOS="822"
                          CONTENT="esse"/>
                  <SP HEIGHT="71" WIDTH="15" VPOS="404" HPOS="939"/>
                  <String HEIGHT="71" WIDTH="102" VPOS="404" HPOS="895" CONTENT="per"/>
                  <SP HEIGHT="71" WIDTH="15" VPOS="404" HPOS="997"/>
                  <String HEIGHT="71"
                          WIDTH="175"
                          VPOS="404"
                          HPOS="953"
                          CONTENT="naturam,"/>
                  <SP HEIGHT="71" WIDTH="15" VPOS="404" HPOS="1128"/>
                  <String HEIGHT="71"
                          WIDTH="175"
                          VPOS="404"
                          HPOS="1085"
                          CONTENT="sciendum"/>
                  <SP HEIGHT="71" WIDTH="15" VPOS="404" HPOS="1260"/>
                  <String HEIGHT="71"
                          WIDTH="117"
                          VPOS="404"
                          HPOS="1216"
                          CONTENT="quod"/>
                  <SP HEIGHT="71" WIDTH="15" VPOS="404" HPOS="1333"/>
                  <String HEIGHT="71" WIDTH="88" VPOS="404" HPOS="1289" CONTENT="in"/>
                  <SP HEIGHT="71" WIDTH="15" VPOS="404" HPOS="1377"/>
                  <String HEIGHT="71"
                          WIDTH="161"
                          VPOS="404"
                          HPOS="1333"
                          CONTENT="duplici"/>
                  <SP HEIGHT="71" WIDTH="15" VPOS="404" HPOS="1493"/>
                  <String HEIGHT="71"
                          WIDTH="146"
                          VPOS="404"
                          HPOS="1450"
                          CONTENT="genere"/>
                  <SP HEIGHT="71" WIDTH="15" VPOS="404" HPOS="1596"/>
                  <String HEIGHT="71"
                          WIDTH="131"
                          VPOS="404"
                          HPOS="1552"
                          CONTENT="sunt."/>
                  <SP HEIGHT="71" WIDTH="15" VPOS="404" HPOS="1683"/>
                  <String HEIGHT="71"
                          WIDTH="161"
                          VPOS="404"
                          HPOS="1640"
                          CONTENT="Quaedam"/>
                  <SP HEIGHT="71" WIDTH="15" VPOS="404" HPOS="1800"/>
                  <String HEIGHT="71"
                          WIDTH="117"
                          VPOS="404"
                          HPOS="1756"
                          CONTENT="enim"/>
                  <SP HEIGHT="71" WIDTH="15" VPOS="404" HPOS="1873"/>
                  <String HEIGHT="71"
                          WIDTH="117"
                          VPOS="404"
                          HPOS="1829"
                          CONTENT="sunt"/>
                  <SP HEIGHT="71" WIDTH="15" VPOS="404" HPOS="1946"/>
                  <String HEIGHT="71"
                          WIDTH="102"
                          VPOS="404"
                          HPOS="1888"
                          CONTENT="dispo"/>
               </TextLine>
               <TextLine ID="r2l6"
                         BASELINE="540"
                         HEIGHT="66"
                         WIDTH="1765"
                         VPOS="474"
                         HPOS="218">
                  <String HEIGHT="66"
                          WIDTH="178"
                          VPOS="474"
                          HPOS="203"
                          CONTENT="sitiones"/>
                  <SP HEIGHT="66" WIDTH="15" VPOS="474" HPOS="381"/>
                  <String HEIGHT="66"
                          WIDTH="193"
                          VPOS="474"
                          HPOS="337"
                          CONTENT="symbolae:"/>
                  <SP HEIGHT="66" WIDTH="15" VPOS="474" HPOS="529"/>
                  <String HEIGHT="66"
                          WIDTH="178"
                          VPOS="474"
                          HPOS="485"
                          CONTENT="comomnes"/>
                  <SP HEIGHT="66" WIDTH="15" VPOS="474" HPOS="663"/>
                  <String HEIGHT="66"
                          WIDTH="178"
                          VPOS="474"
                          HPOS="618"
                          CONTENT="scilicet"/>
                  <SP HEIGHT="66" WIDTH="15" VPOS="474" HPOS="796"/>
                  <String HEIGHT="66"
                          WIDTH="148"
                          VPOS="474"
                          HPOS="752"
                          CONTENT="genito"/>
                  <SP HEIGHT="66" WIDTH="15" VPOS="474" HPOS="900"/>
                  <String HEIGHT="66" WIDTH="74" VPOS="474" HPOS="856" CONTENT="&amp;"/>
                  <SP HEIGHT="66" WIDTH="15" VPOS="474" HPOS="930"/>
                  <String HEIGHT="66"
                          WIDTH="119"
                          VPOS="474"
                          HPOS="885"
                          CONTENT="illi"/>
                  <SP HEIGHT="66" WIDTH="15" VPOS="474" HPOS="1004"/>
                  <String HEIGHT="66" WIDTH="89" VPOS="474" HPOS="960" CONTENT="ex"/>
                  <SP HEIGHT="66" WIDTH="15" VPOS="474" HPOS="1049"/>
                  <String HEIGHT="66"
                          WIDTH="104"
                          VPOS="474"
                          HPOS="1004"
                          CONTENT="quo"/>
                  <SP HEIGHT="66" WIDTH="15" VPOS="474" HPOS="1108"/>
                  <String HEIGHT="66"
                          WIDTH="208"
                          VPOS="474"
                          HPOS="1063"
                          CONTENT="generatur."/>
                  <SP HEIGHT="66" WIDTH="15" VPOS="474" HPOS="1271"/>
                  <String HEIGHT="66"
                          WIDTH="163"
                          VPOS="474"
                          HPOS="1227"
                          CONTENT="Quaedam"/>
                  <SP HEIGHT="66" WIDTH="15" VPOS="474" HPOS="1390"/>
                  <String HEIGHT="66"
                          WIDTH="119"
                          VPOS="474"
                          HPOS="1345"
                          CONTENT="vero"/>
                  <SP HEIGHT="66" WIDTH="15" VPOS="474" HPOS="1464"/>
                  <String HEIGHT="66"
                          WIDTH="119"
                          VPOS="474"
                          HPOS="1419"
                          CONTENT="sunt"/>
                  <SP HEIGHT="66" WIDTH="15" VPOS="474" HPOS="1538"/>
                  <String HEIGHT="66"
                          WIDTH="252"
                          VPOS="474"
                          HPOS="1494"
                          CONTENT="dispositiones"/>
                  <SP HEIGHT="66" WIDTH="15" VPOS="474" HPOS="1746"/>
                  <String HEIGHT="66"
                          WIDTH="193"
                          VPOS="474"
                          HPOS="1701"
                          CONTENT="singulae:"/>
                  <SP HEIGHT="66" WIDTH="15" VPOS="474" HPOS="1894"/>
                  <String HEIGHT="66"
                          WIDTH="119"
                          VPOS="474"
                          HPOS="1850"
                          CONTENT="quae"/>
                  <SP HEIGHT="66" WIDTH="15" VPOS="474" HPOS="1968"/>
                  <String HEIGHT="66" WIDTH="74" VPOS="474" HPOS="1909" CONTENT="ita"/>
               </TextLine>
               <TextLine ID="r2l7"
                         BASELINE="580"
                         HEIGHT="65"
                         WIDTH="1767"
                         VPOS="515"
                         HPOS="215">
                  <String HEIGHT="65"
                          WIDTH="208"
                          VPOS="515"
                          HPOS="200"
                          CONTENT="conueniunt"/>
                  <SP HEIGHT="65" WIDTH="15" VPOS="515" HPOS="408"/>
                  <String HEIGHT="65"
                          WIDTH="148"
                          VPOS="515"
                          HPOS="363"
                          CONTENT="genito"/>
                  <SP HEIGHT="65" WIDTH="15" VPOS="515" HPOS="512"/>
                  <String HEIGHT="65"
                          WIDTH="119"
                          VPOS="515"
                          HPOS="467"
                          CONTENT="quod"/>
                  <SP HEIGHT="65" WIDTH="15" VPOS="515" HPOS="586"/>
                  <String HEIGHT="65" WIDTH="104" VPOS="515" HPOS="542" CONTENT="non"/>
                  <SP HEIGHT="65" WIDTH="15" VPOS="515" HPOS="646"/>
                  <String HEIGHT="65" WIDTH="89" VPOS="515" HPOS="601" CONTENT="ei"/>
                  <SP HEIGHT="65" WIDTH="15" VPOS="515" HPOS="690"/>
                  <String HEIGHT="65" WIDTH="89" VPOS="515" HPOS="646" CONTENT="ex"/>
                  <SP HEIGHT="65" WIDTH="15" VPOS="515" HPOS="735"/>
                  <String HEIGHT="65" WIDTH="104" VPOS="515" HPOS="690" CONTENT="quo"/>
                  <SP HEIGHT="65" WIDTH="15" VPOS="515" HPOS="794"/>
                  <String HEIGHT="65"
                          WIDTH="208"
                          VPOS="515"
                          HPOS="750"
                          CONTENT="generatur,"/>
                  <SP HEIGHT="65" WIDTH="15" VPOS="515" HPOS="957"/>
                  <String HEIGHT="65" WIDTH="74" VPOS="515" HPOS="913" CONTENT="&amp;"/>
                  <SP HEIGHT="65" WIDTH="15" VPOS="515" HPOS="987"/>
                  <String HEIGHT="65"
                          WIDTH="208"
                          VPOS="515"
                          HPOS="943"
                          CONTENT="econuerso."/>
                  <SP HEIGHT="65" WIDTH="15" VPOS="515" HPOS="1150"/>
                  <String HEIGHT="65"
                          WIDTH="104"
                          VPOS="515"
                          HPOS="1106"
                          CONTENT="Non"/>
                  <SP HEIGHT="65" WIDTH="15" VPOS="515" HPOS="1210"/>
                  <String HEIGHT="65"
                          WIDTH="119"
                          VPOS="515"
                          HPOS="1165"
                          CONTENT="enim"/>
                  <SP HEIGHT="65" WIDTH="15" VPOS="515" HPOS="1284"/>
                  <String HEIGHT="65"
                          WIDTH="119"
                          VPOS="515"
                          HPOS="1240"
                          CONTENT="sunt"/>
                  <SP HEIGHT="65" WIDTH="15" VPOS="515" HPOS="1358"/>
                  <String HEIGHT="65"
                          WIDTH="148"
                          VPOS="515"
                          HPOS="1314"
                          CONTENT="aliqua"/>
                  <SP HEIGHT="65" WIDTH="15" VPOS="515" HPOS="1462"/>
                  <String HEIGHT="65"
                          WIDTH="252"
                          VPOS="515"
                          HPOS="1418"
                          CONTENT="dispositiones"/>
                  <SP HEIGHT="65" WIDTH="15" VPOS="515" HPOS="1670"/>
                  <String HEIGHT="65"
                          WIDTH="104"
                          VPOS="515"
                          HPOS="1626"
                          CONTENT="ita"/>
                  <SP HEIGHT="65" WIDTH="15" VPOS="515" HPOS="1730"/>
                  <String HEIGHT="65"
                          WIDTH="178"
                          VPOS="515"
                          HPOS="1685"
                          CONTENT="symbolae"/>
                  <SP HEIGHT="65" WIDTH="15" VPOS="515" HPOS="1863"/>
                  <String HEIGHT="65" WIDTH="74" VPOS="515" HPOS="1819" CONTENT="&amp;"/>
                  <SP HEIGHT="65" WIDTH="15" VPOS="515" HPOS="1893"/>
                  <String HEIGHT="65"
                          WIDTH="148"
                          VPOS="515"
                          HPOS="1834"
                          CONTENT="commones"/>
               </TextLine>
               <TextLine ID="r2l8"
                         BASELINE="642"
                         HEIGHT="71"
                         WIDTH="1756"
                         VPOS="571"
                         HPOS="224">
                  <String HEIGHT="71"
                          WIDTH="183"
                          VPOS="571"
                          HPOS="209"
                          CONTENT="vtrique,"/>
                  <SP HEIGHT="71" WIDTH="15" VPOS="571" HPOS="392"/>
                  <String HEIGHT="71"
                          WIDTH="122"
                          VPOS="571"
                          HPOS="346"
                          CONTENT="quin"/>
                  <SP HEIGHT="71" WIDTH="15" VPOS="571" HPOS="468"/>
                  <String HEIGHT="71" WIDTH="107" VPOS="571" HPOS="423" CONTENT="sub"/>
                  <SP HEIGHT="71" WIDTH="15" VPOS="571" HPOS="529"/>
                  <String HEIGHT="71"
                          WIDTH="122"
                          VPOS="571"
                          HPOS="484"
                          CONTENT="alio"/>
                  <SP HEIGHT="71" WIDTH="15" VPOS="571" HPOS="606"/>
                  <String HEIGHT="71"
                          WIDTH="122"
                          VPOS="571"
                          HPOS="560"
                          CONTENT="esse"/>
                  <SP HEIGHT="71" WIDTH="15" VPOS="571" HPOS="682"/>
                  <String HEIGHT="71"
                          WIDTH="229"
                          VPOS="571"
                          HPOS="636"
                          CONTENT="determinato"/>
                  <SP HEIGHT="71" WIDTH="15" VPOS="571" HPOS="865"/>
                  <String HEIGHT="71"
                          WIDTH="214"
                          VPOS="571"
                          HPOS="820"
                          CONTENT="conueniant"/>
                  <SP HEIGHT="71" WIDTH="15" VPOS="571" HPOS="1033"/>
                  <String HEIGHT="71" WIDTH="107" VPOS="571" HPOS="987" CONTENT="vni"/>
                  <SP HEIGHT="71" WIDTH="15" VPOS="571" HPOS="1094"/>
                  <String HEIGHT="71" WIDTH="76" VPOS="571" HPOS="1049" CONTENT="&amp;"/>
                  <SP HEIGHT="71" WIDTH="15" VPOS="571" HPOS="1125"/>
                  <String HEIGHT="71"
                          WIDTH="168"
                          VPOS="571"
                          HPOS="1079"
                          CONTENT="alteri:"/>
                  <SP HEIGHT="71" WIDTH="15" VPOS="571" HPOS="1247"/>
                  <String HEIGHT="71"
                          WIDTH="107"
                          VPOS="571"
                          HPOS="1201"
                          CONTENT="nec"/>
                  <SP HEIGHT="71" WIDTH="15" VPOS="571" HPOS="1308"/>
                  <String HEIGHT="71"
                          WIDTH="122"
                          VPOS="571"
                          HPOS="1262"
                          CONTENT="sunt"/>
                  <SP HEIGHT="71" WIDTH="15" VPOS="571" HPOS="1384"/>
                  <String HEIGHT="71"
                          WIDTH="137"
                          VPOS="571"
                          HPOS="1339"
                          CONTENT="cones"/>
                  <SP HEIGHT="71" WIDTH="15" VPOS="571" HPOS="1476"/>
                  <String HEIGHT="71"
                          WIDTH="122"
                          VPOS="571"
                          HPOS="1430"
                          CONTENT="nisi"/>
                  <SP HEIGHT="71" WIDTH="15" VPOS="571" HPOS="1552"/>
                  <String HEIGHT="71"
                          WIDTH="183"
                          VPOS="571"
                          HPOS="1507"
                          CONTENT="secundum"/>
                  <SP HEIGHT="71" WIDTH="15" VPOS="571" HPOS="1690"/>
                  <String HEIGHT="71"
                          WIDTH="168"
                          VPOS="571"
                          HPOS="1644"
                          CONTENT="aliquod"/>
                  <SP HEIGHT="71" WIDTH="15" VPOS="571" HPOS="1812"/>
                  <String HEIGHT="71"
                          WIDTH="122"
                          VPOS="571"
                          HPOS="1766"
                          CONTENT="esse"/>
                  <SP HEIGHT="71" WIDTH="15" VPOS="571" HPOS="1888"/>
                  <String HEIGHT="71"
                          WIDTH="168"
                          VPOS="571"
                          HPOS="1843"
                          CONTENT="indeter"/>
                  <SP HEIGHT="71" WIDTH="15" VPOS="571" HPOS="2011"/>
                  <String HEIGHT="71" WIDTH="31" VPOS="571" HPOS="1949" CONTENT=""/>
               </TextLine>
               <TextLine ID="r2l9"
                         BASELINE="694"
                         HEIGHT="67"
                         WIDTH="1762"
                         VPOS="627"
                         HPOS="218">
                  <String HEIGHT="67"
                          WIDTH="185"
                          VPOS="627"
                          HPOS="203"
                          CONTENT="minatum."/>
                  <SP HEIGHT="67" WIDTH="15" VPOS="627" HPOS="388"/>
                  <String HEIGHT="67"
                          WIDTH="201"
                          VPOS="627"
                          HPOS="342"
                          CONTENT="Quaelibet"/>
                  <SP HEIGHT="67" WIDTH="15" VPOS="627" HPOS="543"/>
                  <String HEIGHT="67"
                          WIDTH="124"
                          VPOS="627"
                          HPOS="496"
                          CONTENT="enim"/>
                  <SP HEIGHT="67" WIDTH="15" VPOS="627" HPOS="620"/>
                  <String HEIGHT="67"
                          WIDTH="139"
                          VPOS="627"
                          HPOS="573"
                          CONTENT="forma"/>
                  <SP HEIGHT="67" WIDTH="15" VPOS="627" HPOS="713"/>
                  <String HEIGHT="67"
                          WIDTH="263"
                          VPOS="627"
                          HPOS="666"
                          CONTENT="substantialis"/>
                  <SP HEIGHT="67" WIDTH="15" VPOS="627" HPOS="929"/>
                  <String HEIGHT="67"
                          WIDTH="216"
                          VPOS="627"
                          HPOS="883"
                          CONTENT="determinat"/>
                  <SP HEIGHT="67" WIDTH="15" VPOS="627" HPOS="1099"/>
                  <String HEIGHT="67"
                          WIDTH="124"
                          VPOS="627"
                          HPOS="1053"
                          CONTENT="sibi"/>
                  <SP HEIGHT="67" WIDTH="15" VPOS="627" HPOS="1176"/>
                  <String HEIGHT="67"
                          WIDTH="139"
                          VPOS="627"
                          HPOS="1130"
                          CONTENT="omnia"/>
                  <SP HEIGHT="67" WIDTH="15" VPOS="627" HPOS="1269"/>
                  <String HEIGHT="67"
                          WIDTH="216"
                          VPOS="627"
                          HPOS="1223"
                          CONTENT="accidentia"/>
                  <SP HEIGHT="67" WIDTH="15" VPOS="627" HPOS="1439"/>
                  <String HEIGHT="67"
                          WIDTH="124"
                          VPOS="627"
                          HPOS="1393"
                          CONTENT="quae"/>
                  <SP HEIGHT="67" WIDTH="15" VPOS="627" HPOS="1516"/>
                  <String HEIGHT="67"
                          WIDTH="124"
                          VPOS="627"
                          HPOS="1470"
                          CONTENT="sunt"/>
                  <SP HEIGHT="67" WIDTH="15" VPOS="627" HPOS="1594"/>
                  <String HEIGHT="67" WIDTH="93" VPOS="627" HPOS="1547" CONTENT="in"/>
                  <SP HEIGHT="67" WIDTH="15" VPOS="627" HPOS="1640"/>
                  <String HEIGHT="67"
                          WIDTH="216"
                          VPOS="627"
                          HPOS="1594"
                          CONTENT="composito:"/>
                  <SP HEIGHT="67" WIDTH="15" VPOS="627" HPOS="1810"/>
                  <String HEIGHT="67" WIDTH="77" VPOS="627" HPOS="1764" CONTENT="&amp;"/>
                  <SP HEIGHT="67" WIDTH="15" VPOS="627" HPOS="1841"/>
                  <String HEIGHT="67"
                          WIDTH="108"
                          VPOS="627"
                          HPOS="1795"
                          CONTENT="quo"/>
                  <SP HEIGHT="67" WIDTH="15" VPOS="627" HPOS="1903"/>
                  <String HEIGHT="67" WIDTH="93" VPOS="627" HPOS="1856" CONTENT="ad"/>
                  <SP HEIGHT="67" WIDTH="15" VPOS="627" HPOS="1949"/>
                  <String HEIGHT="67"
                          WIDTH="108"
                          VPOS="627"
                          HPOS="1903"
                          CONTENT="hoc"/>
                  <SP HEIGHT="67" WIDTH="15" VPOS="627" HPOS="2011"/>
                  <String HEIGHT="67" WIDTH="31" VPOS="627" HPOS="1949" CONTENT=""/>
               </TextLine>
               <TextLine ID="r2l10"
                         BASELINE="752"
                         HEIGHT="76"
                         WIDTH="1761"
                         VPOS="676"
                         HPOS="221">
                  <String HEIGHT="76"
                          WIDTH="178"
                          VPOS="676"
                          HPOS="205"
                          CONTENT="propria"/>
                  <SP HEIGHT="76" WIDTH="16" VPOS="676" HPOS="383"/>
                  <String HEIGHT="76"
                          WIDTH="145"
                          VPOS="676"
                          HPOS="334"
                          CONTENT="forma"/>
                  <SP HEIGHT="76" WIDTH="16" VPOS="676" HPOS="479"/>
                  <String HEIGHT="76" WIDTH="113" VPOS="676" HPOS="431" CONTENT="est"/>
                  <SP HEIGHT="76" WIDTH="16" VPOS="676" HPOS="544"/>
                  <String HEIGHT="76"
                          WIDTH="162"
                          VPOS="676"
                          HPOS="496"
                          CONTENT="causa,"/>
                  <SP HEIGHT="76" WIDTH="16" VPOS="676" HPOS="657"/>
                  <String HEIGHT="76"
                          WIDTH="226"
                          VPOS="676"
                          HPOS="609"
                          CONTENT="propriorum"/>
                  <SP HEIGHT="76" WIDTH="16" VPOS="676" HPOS="835"/>
                  <String HEIGHT="76"
                          WIDTH="242"
                          VPOS="676"
                          HPOS="786"
                          CONTENT="accidentium"/>
                  <SP HEIGHT="76" WIDTH="16" VPOS="676" HPOS="1029"/>
                  <String HEIGHT="76"
                          WIDTH="307"
                          VPOS="676"
                          HPOS="980"
                          CONTENT="determinatorum:"/>
                  <SP HEIGHT="76" WIDTH="16" VPOS="676" HPOS="1287"/>
                  <String HEIGHT="76" WIDTH="81" VPOS="676" HPOS="1239" CONTENT="&amp;"/>
                  <SP HEIGHT="76" WIDTH="16" VPOS="676" HPOS="1320"/>
                  <String HEIGHT="76"
                          WIDTH="242"
                          VPOS="676"
                          HPOS="1271"
                          CONTENT="accidentium"/>
                  <SP HEIGHT="76" WIDTH="16" VPOS="676" HPOS="1513"/>
                  <String HEIGHT="76"
                          WIDTH="323"
                          VPOS="676"
                          HPOS="1465"
                          CONTENT="indeterminatorum"/>
                  <SP HEIGHT="76" WIDTH="16" VPOS="676" HPOS="1788"/>
                  <String HEIGHT="76"
                          WIDTH="129"
                          VPOS="676"
                          HPOS="1740"
                          CONTENT="sunt"/>
                  <SP HEIGHT="76" WIDTH="16" VPOS="676" HPOS="1869"/>
                  <String HEIGHT="76"
                          WIDTH="145"
                          VPOS="676"
                          HPOS="1820"
                          CONTENT="quasi"/>
                  <SP HEIGHT="76" WIDTH="16" VPOS="676" HPOS="1966"/>
                  <String HEIGHT="76" WIDTH="81" VPOS="676" HPOS="1901" CONTENT="vna"/>
               </TextLine>
               <TextLine ID="r2l11"
                         BASELINE="793"
                         HEIGHT="62"
                         WIDTH="1771"
                         VPOS="731"
                         HPOS="216">
                  <String HEIGHT="62"
                          WIDTH="191"
                          VPOS="731"
                          HPOS="200"
                          CONTENT="communis"/>
                  <SP HEIGHT="62" WIDTH="16" VPOS="731" HPOS="392"/>
                  <String HEIGHT="62"
                          WIDTH="144"
                          VPOS="731"
                          HPOS="344"
                          CONTENT="causa"/>
                  <SP HEIGHT="62" WIDTH="16" VPOS="731" HPOS="487"/>
                  <String HEIGHT="62"
                          WIDTH="160"
                          VPOS="731"
                          HPOS="439"
                          CONTENT="formae"/>
                  <SP HEIGHT="62" WIDTH="16" VPOS="731" HPOS="599"/>
                  <String HEIGHT="62"
                          WIDTH="191"
                          VPOS="731"
                          HPOS="551"
                          CONTENT="diuersae"/>
                  <SP HEIGHT="62" WIDTH="16" VPOS="731" HPOS="743"/>
                  <String HEIGHT="62" WIDTH="80" VPOS="731" HPOS="695" CONTENT="&amp;"/>
                  <SP HEIGHT="62" WIDTH="16" VPOS="731" HPOS="774"/>
                  <String HEIGHT="62"
                          WIDTH="239"
                          VPOS="731"
                          HPOS="727"
                          CONTENT="contrariae,"/>
                  <SP HEIGHT="62" WIDTH="16" VPOS="731" HPOS="966"/>
                  <String HEIGHT="62"
                          WIDTH="239"
                          VPOS="731"
                          HPOS="918"
                          CONTENT="quemadmodum"/>
                  <SP HEIGHT="62" WIDTH="16" VPOS="731" HPOS="1157"/>
                  <String HEIGHT="62"
                          WIDTH="223"
                          VPOS="731"
                          HPOS="1109"
                          CONTENT="determinat"/>
                  <SP HEIGHT="62" WIDTH="16" VPOS="731" HPOS="1333"/>
                  <String HEIGHT="62"
                          WIDTH="191"
                          VPOS="731"
                          HPOS="1285"
                          CONTENT="Auicenna"/>
                  <SP HEIGHT="62" WIDTH="16" VPOS="731" HPOS="1476"/>
                  <String HEIGHT="62" WIDTH="96" VPOS="731" HPOS="1429" CONTENT="in"/>
                  <SP HEIGHT="62" WIDTH="16" VPOS="731" HPOS="1524"/>
                  <String HEIGHT="62"
                          WIDTH="160"
                          VPOS="731"
                          HPOS="1476"
                          CONTENT="tertio"/>
                  <SP HEIGHT="62" WIDTH="16" VPOS="731" HPOS="1636"/>
                  <String HEIGHT="62"
                          WIDTH="271"
                          VPOS="731"
                          HPOS="1588"
                          CONTENT="Metaphysicae,"/>
                  <SP HEIGHT="62" WIDTH="16" VPOS="731" HPOS="1859"/>
                  <String HEIGHT="62"
                          WIDTH="128"
                          VPOS="731"
                          HPOS="1811"
                          CONTENT="quod"/>
                  <SP HEIGHT="62" WIDTH="16" VPOS="731" HPOS="1939"/>
                  <String HEIGHT="62"
                          WIDTH="112"
                          VPOS="731"
                          HPOS="1875"
                          CONTENT="forma"/>
               </TextLine>
               <TextLine ID="r2l12"
                         BASELINE="849"
                         HEIGHT="64"
                         WIDTH="1772"
                         VPOS="785"
                         HPOS="216">
                  <String HEIGHT="64" WIDTH="101" VPOS="785" HPOS="202" CONTENT="est"/>
                  <SP HEIGHT="64" WIDTH="14" VPOS="785" HPOS="302"/>
                  <String HEIGHT="64"
                          WIDTH="130"
                          VPOS="785"
                          HPOS="259"
                          CONTENT="causa"/>
                  <SP HEIGHT="64" WIDTH="14" VPOS="785" HPOS="389"/>
                  <String HEIGHT="64"
                          WIDTH="115"
                          VPOS="785"
                          HPOS="346"
                          CONTENT="esse"/>
                  <SP HEIGHT="64" WIDTH="14" VPOS="785" HPOS="461"/>
                  <String HEIGHT="64"
                          WIDTH="187"
                          VPOS="785"
                          HPOS="418"
                          CONTENT="materiae:"/>
                  <SP HEIGHT="64" WIDTH="14" VPOS="785" HPOS="605"/>
                  <String HEIGHT="64" WIDTH="101" VPOS="785" HPOS="562" CONTENT="sed"/>
                  <SP HEIGHT="64" WIDTH="14" VPOS="785" HPOS="663"/>
                  <String HEIGHT="64" WIDTH="101" VPOS="785" HPOS="619" CONTENT="non"/>
                  <SP HEIGHT="64" WIDTH="14" VPOS="785" HPOS="720"/>
                  <String HEIGHT="64" WIDTH="101" VPOS="785" HPOS="677" CONTENT="vna"/>
                  <SP HEIGHT="64" WIDTH="14" VPOS="785" HPOS="778"/>
                  <String HEIGHT="64"
                          WIDTH="158"
                          VPOS="785"
                          HPOS="735"
                          CONTENT="tantum:"/>
                  <SP HEIGHT="64" WIDTH="14" VPOS="785" HPOS="893"/>
                  <String HEIGHT="64"
                          WIDTH="115"
                          VPOS="785"
                          HPOS="850"
                          CONTENT="quia"/>
                  <SP HEIGHT="64" WIDTH="14" VPOS="785" HPOS="965"/>
                  <String HEIGHT="64"
                          WIDTH="115"
                          VPOS="785"
                          HPOS="922"
                          CONTENT="illa"/>
                  <SP HEIGHT="64" WIDTH="14" VPOS="785" HPOS="1037"/>
                  <String HEIGHT="64"
                          WIDTH="173"
                          VPOS="785"
                          HPOS="994"
                          CONTENT="separata"/>
                  <SP HEIGHT="64" WIDTH="14" VPOS="785" HPOS="1167"/>
                  <String HEIGHT="64"
                          WIDTH="245"
                          VPOS="785"
                          HPOS="1124"
                          CONTENT="corrumperetur"/>
                  <SP HEIGHT="64" WIDTH="14" VPOS="785" HPOS="1369"/>
                  <String HEIGHT="64"
                          WIDTH="173"
                          VPOS="785"
                          HPOS="1325"
                          CONTENT="materia:"/>
                  <SP HEIGHT="64" WIDTH="14" VPOS="785" HPOS="1498"/>
                  <String HEIGHT="64"
                          WIDTH="101"
                          VPOS="785"
                          HPOS="1455"
                          CONTENT="sed"/>
                  <SP HEIGHT="64" WIDTH="14" VPOS="785" HPOS="1556"/>
                  <String HEIGHT="64"
                          WIDTH="173"
                          VPOS="785"
                          HPOS="1513"
                          CONTENT="diuersae"/>
                  <SP HEIGHT="64" WIDTH="14" VPOS="785" HPOS="1685"/>
                  <String HEIGHT="64" WIDTH="72" VPOS="785" HPOS="1642" CONTENT="&amp;"/>
                  <SP HEIGHT="64" WIDTH="14" VPOS="785" HPOS="1714"/>
                  <String HEIGHT="64"
                          WIDTH="216"
                          VPOS="785"
                          HPOS="1671"
                          CONTENT="contrariae:"/>
                  <SP HEIGHT="64" WIDTH="14" VPOS="785" HPOS="1887"/>
                  <String HEIGHT="64"
                          WIDTH="173"
                          VPOS="785"
                          HPOS="1844"
                          CONTENT="secundum"/>
                  <SP HEIGHT="64" WIDTH="14" VPOS="785" HPOS="2017"/>
                  <String HEIGHT="64" WIDTH="29" VPOS="785" HPOS="1959" CONTENT=""/>
               </TextLine>
               <TextLine ID="r2l13"
                         BASELINE="904"
                         HEIGHT="62"
                         WIDTH="1760"
                         VPOS="842"
                         HPOS="218">
                  <String HEIGHT="62"
                          WIDTH="113"
                          VPOS="842"
                          HPOS="204"
                          CONTENT="quod"/>
                  <SP HEIGHT="62" WIDTH="14" VPOS="842" HPOS="317"/>
                  <String HEIGHT="62"
                          WIDTH="211"
                          VPOS="842"
                          HPOS="274"
                          CONTENT="communicant"/>
                  <SP HEIGHT="62" WIDTH="14" VPOS="842" HPOS="486"/>
                  <String HEIGHT="62" WIDTH="84" VPOS="842" HPOS="443" CONTENT="in"/>
                  <SP HEIGHT="62" WIDTH="14" VPOS="842" HPOS="528"/>
                  <String HEIGHT="62" WIDTH="99" VPOS="842" HPOS="486" CONTENT="hoc"/>
                  <SP HEIGHT="62" WIDTH="14" VPOS="842" HPOS="584"/>
                  <String HEIGHT="62"
                          WIDTH="113"
                          VPOS="842"
                          HPOS="542"
                          CONTENT="quod"/>
                  <SP HEIGHT="62" WIDTH="14" VPOS="842" HPOS="654"/>
                  <String HEIGHT="62"
                          WIDTH="113"
                          VPOS="842"
                          HPOS="612"
                          CONTENT="sunt"/>
                  <SP HEIGHT="62" WIDTH="14" VPOS="842" HPOS="725"/>
                  <String HEIGHT="62"
                          WIDTH="141"
                          VPOS="842"
                          HPOS="683"
                          CONTENT="forma."/>
                  <SP HEIGHT="62" WIDTH="14" VPOS="842" HPOS="823"/>
                  <String HEIGHT="62" WIDTH="99" VPOS="842" HPOS="781" CONTENT="Sed"/>
                  <SP HEIGHT="62" WIDTH="14" VPOS="842" HPOS="880"/>
                  <String HEIGHT="62" WIDTH="84" VPOS="842" HPOS="838" CONTENT="in"/>
                  <SP HEIGHT="62" WIDTH="14" VPOS="842" HPOS="922"/>
                  <String HEIGHT="62" WIDTH="99" VPOS="842" HPOS="880" CONTENT="hoc"/>
                  <SP HEIGHT="62" WIDTH="14" VPOS="842" HPOS="978"/>
                  <String HEIGHT="62"
                          WIDTH="113"
                          VPOS="842"
                          HPOS="936"
                          CONTENT="quod"/>
                  <SP HEIGHT="62" WIDTH="14" VPOS="842" HPOS="1049"/>
                  <String HEIGHT="62"
                          WIDTH="183"
                          VPOS="842"
                          HPOS="1006"
                          CONTENT="differunt"/>
                  <SP HEIGHT="62" WIDTH="14" VPOS="842" HPOS="1190"/>
                  <String HEIGHT="62"
                          WIDTH="127"
                          VPOS="842"
                          HPOS="1147"
                          CONTENT="inter"/>
                  <SP HEIGHT="62" WIDTH="14" VPOS="842" HPOS="1274"/>
                  <String HEIGHT="62" WIDTH="99" VPOS="842" HPOS="1232" CONTENT="se,"/>
                  <SP HEIGHT="62" WIDTH="14" VPOS="842" HPOS="1330"/>
                  <String HEIGHT="62"
                          WIDTH="183"
                          VPOS="842"
                          HPOS="1288"
                          CONTENT="quaelibet"/>
                  <SP HEIGHT="62" WIDTH="14" VPOS="842" HPOS="1471"/>
                  <String HEIGHT="62"
                          WIDTH="155"
                          VPOS="842"
                          HPOS="1429"
                          CONTENT="illorum"/>
                  <SP HEIGHT="62" WIDTH="14" VPOS="842" HPOS="1584"/>
                  <String HEIGHT="62" WIDTH="99" VPOS="842" HPOS="1542" CONTENT="dat"/>
                  <SP HEIGHT="62" WIDTH="14" VPOS="842" HPOS="1640"/>
                  <String HEIGHT="62"
                          WIDTH="169"
                          VPOS="842"
                          HPOS="1598"
                          CONTENT="materiae"/>
                  <SP HEIGHT="62" WIDTH="14" VPOS="842" HPOS="1767"/>
                  <String HEIGHT="62"
                          WIDTH="155"
                          VPOS="842"
                          HPOS="1725"
                          CONTENT="aliquod"/>
                  <SP HEIGHT="62" WIDTH="14" VPOS="842" HPOS="1879"/>
                  <String HEIGHT="62"
                          WIDTH="113"
                          VPOS="842"
                          HPOS="1837"
                          CONTENT="esse"/>
                  <SP HEIGHT="62" WIDTH="14" VPOS="842" HPOS="1950"/>
                  <String HEIGHT="62" WIDTH="99" VPOS="842" HPOS="1908" CONTENT="de-"/>
                  <SP HEIGHT="62" WIDTH="14" VPOS="842" HPOS="2006"/>
                  <String HEIGHT="62" WIDTH="28" VPOS="842" HPOS="1950" CONTENT=""/>
               </TextLine>
               <TextLine ID="r2l14"
                         BASELINE="962"
                         HEIGHT="71"
                         WIDTH="1760"
                         VPOS="891"
                         HPOS="213">
                  <String HEIGHT="71"
                          WIDTH="212"
                          VPOS="891"
                          HPOS="198"
                          CONTENT="terminatum"/>
                  <SP HEIGHT="71" WIDTH="15" VPOS="891" HPOS="410"/>
                  <String HEIGHT="71" WIDTH="91" VPOS="891" HPOS="365" CONTENT="in"/>
                  <SP HEIGHT="71" WIDTH="15" VPOS="891" HPOS="456"/>
                  <String HEIGHT="71"
                          WIDTH="182"
                          VPOS="891"
                          HPOS="410"
                          CONTENT="effectu."/>
                  <SP HEIGHT="71" WIDTH="15" VPOS="891" HPOS="592"/>
                  <String HEIGHT="71" WIDTH="91" VPOS="891" HPOS="547" CONTENT="Et"/>
                  <SP HEIGHT="71" WIDTH="15" VPOS="891" HPOS="638"/>
                  <String HEIGHT="71"
                          WIDTH="228"
                          VPOS="891"
                          HPOS="592"
                          CONTENT="quemadmodum"/>
                  <SP HEIGHT="71" WIDTH="15" VPOS="891" HPOS="820"/>
                  <String HEIGHT="71" WIDTH="106" VPOS="891" HPOS="774" CONTENT="est"/>
                  <SP HEIGHT="71" WIDTH="15" VPOS="891" HPOS="881"/>
                  <String HEIGHT="71" WIDTH="91" VPOS="891" HPOS="835" CONTENT="de"/>
                  <SP HEIGHT="71" WIDTH="15" VPOS="891" HPOS="926"/>
                  <String HEIGHT="71"
                          WIDTH="121"
                          VPOS="891"
                          HPOS="881"
                          CONTENT="esse"/>
                  <SP HEIGHT="71" WIDTH="15" VPOS="891" HPOS="1002"/>
                  <String HEIGHT="71"
                          WIDTH="197"
                          VPOS="891"
                          HPOS="956"
                          CONTENT="materiae,"/>
                  <SP HEIGHT="71" WIDTH="15" VPOS="891" HPOS="1154"/>
                  <String HEIGHT="71"
                          WIDTH="106"
                          VPOS="891"
                          HPOS="1108"
                          CONTENT="sic"/>
                  <SP HEIGHT="71" WIDTH="15" VPOS="891" HPOS="1214"/>
                  <String HEIGHT="71"
                          WIDTH="106"
                          VPOS="891"
                          HPOS="1169"
                          CONTENT="est"/>
                  <SP HEIGHT="71" WIDTH="15" VPOS="891" HPOS="1275"/>
                  <String HEIGHT="71" WIDTH="91" VPOS="891" HPOS="1230" CONTENT="de"/>
                  <SP HEIGHT="71" WIDTH="15" VPOS="891" HPOS="1321"/>
                  <String HEIGHT="71"
                          WIDTH="167"
                          VPOS="891"
                          HPOS="1275"
                          CONTENT="omnibus"/>
                  <SP HEIGHT="71" WIDTH="15" VPOS="891" HPOS="1442"/>
                  <String HEIGHT="71"
                          WIDTH="243"
                          VPOS="891"
                          HPOS="1396"
                          CONTENT="accidentibus"/>
                  <SP HEIGHT="71" WIDTH="15" VPOS="891" HPOS="1639"/>
                  <String HEIGHT="71"
                          WIDTH="212"
                          VPOS="891"
                          HPOS="1594"
                          CONTENT="communibus"/>
                  <SP HEIGHT="71" WIDTH="15" VPOS="891" HPOS="1806"/>
                  <String HEIGHT="71" WIDTH="91" VPOS="891" HPOS="1761" CONTENT="vt"/>
                  <SP HEIGHT="71" WIDTH="15" VPOS="891" HPOS="1852"/>
                  <String HEIGHT="71"
                          WIDTH="121"
                          VPOS="891"
                          HPOS="1806"
                          CONTENT="sunt"/>
                  <SP HEIGHT="71" WIDTH="15" VPOS="891" HPOS="1927"/>
                  <String HEIGHT="71"
                          WIDTH="106"
                          VPOS="891"
                          HPOS="1867"
                          CONTENT="dimen"/>
               </TextLine>
               <TextLine ID="r2l15"
                         BASELINE="1016"
                         HEIGHT="77"
                         WIDTH="1765"
                         VPOS="939"
                         HPOS="214">
                  <String HEIGHT="77"
                          WIDTH="175"
                          VPOS="939"
                          HPOS="197"
                          CONTENT="siones"/>
                  <SP HEIGHT="77" WIDTH="17" VPOS="939" HPOS="371"/>
                  <String HEIGHT="77" WIDTH="87" VPOS="939" HPOS="319" CONTENT="&amp;"/>
                  <SP HEIGHT="77" WIDTH="17" VPOS="939" HPOS="406"/>
                  <String HEIGHT="77"
                          WIDTH="262"
                          VPOS="939"
                          HPOS="354"
                          CONTENT="qualitates,"/>
                  <SP HEIGHT="77" WIDTH="17" VPOS="939" HPOS="616"/>
                  <String HEIGHT="77" WIDTH="105" VPOS="939" HPOS="564" CONTENT="vt"/>
                  <SP HEIGHT="77" WIDTH="17" VPOS="939" HPOS="668"/>
                  <String HEIGHT="77"
                          WIDTH="227"
                          VPOS="939"
                          HPOS="616"
                          CONTENT="caliditas"/>
                  <SP HEIGHT="77" WIDTH="17" VPOS="939" HPOS="843"/>
                  <String HEIGHT="77" WIDTH="105" VPOS="939" HPOS="791" CONTENT="in"/>
                  <SP HEIGHT="77" WIDTH="17" VPOS="939" HPOS="896"/>
                  <String HEIGHT="77"
                          WIDTH="140"
                          VPOS="939"
                          HPOS="843"
                          CONTENT="aere"/>
                  <SP HEIGHT="77" WIDTH="17" VPOS="939" HPOS="983"/>
                  <String HEIGHT="77" WIDTH="87" VPOS="939" HPOS="930" CONTENT="&amp;"/>
                  <SP HEIGHT="77" WIDTH="17" VPOS="939" HPOS="1018"/>
                  <String HEIGHT="77"
                          WIDTH="157"
                          VPOS="939"
                          HPOS="965"
                          CONTENT="igne."/>
                  <SP HEIGHT="77" WIDTH="17" VPOS="939" HPOS="1123"/>
                  <String HEIGHT="77"
                          WIDTH="175"
                          VPOS="939"
                          HPOS="1070"
                          CONTENT="quorum"/>
                  <SP HEIGHT="77" WIDTH="17" VPOS="939" HPOS="1245"/>
                  <String HEIGHT="77"
                          WIDTH="157"
                          VPOS="939"
                          HPOS="1193"
                          CONTENT="causa"/>
                  <SP HEIGHT="77" WIDTH="17" VPOS="939" HPOS="1350"/>
                  <String HEIGHT="77"
                          WIDTH="210"
                          VPOS="939"
                          HPOS="1297"
                          CONTENT="communis"/>
                  <SP HEIGHT="77" WIDTH="17" VPOS="939" HPOS="1507"/>
                  <String HEIGHT="77"
                          WIDTH="122"
                          VPOS="939"
                          HPOS="1455"
                          CONTENT="quo"/>
                  <SP HEIGHT="77" WIDTH="17" VPOS="939" HPOS="1577"/>
                  <String HEIGHT="77" WIDTH="105" VPOS="939" HPOS="1525" CONTENT="ad"/>
                  <SP HEIGHT="77" WIDTH="17" VPOS="939" HPOS="1629"/>
                  <String HEIGHT="77"
                          WIDTH="140"
                          VPOS="939"
                          HPOS="1577"
                          CONTENT="esse"/>
                  <SP HEIGHT="77" WIDTH="17" VPOS="939" HPOS="1717"/>
                  <String HEIGHT="77"
                          WIDTH="157"
                          VPOS="939"
                          HPOS="1664"
                          CONTENT="eorum"/>
                  <SP HEIGHT="77" WIDTH="17" VPOS="939" HPOS="1822"/>
                  <String HEIGHT="77"
                          WIDTH="245"
                          VPOS="939"
                          HPOS="1769"
                          CONTENT="indetermi-"/>
                  <SP HEIGHT="77" WIDTH="17" VPOS="939" HPOS="2014"/>
                  <String HEIGHT="77" WIDTH="35" VPOS="939" HPOS="1944" CONTENT=""/>
               </TextLine>
               <TextLine ID="r2l16"
                         BASELINE="1073"
                         HEIGHT="69"
                         WIDTH="1756"
                         VPOS="1004"
                         HPOS="212">
                  <String HEIGHT="69"
                          WIDTH="160"
                          VPOS="1004"
                          HPOS="194"
                          CONTENT="natum"/>
                  <SP HEIGHT="69" WIDTH="18" VPOS="1004" HPOS="354"/>
                  <String HEIGHT="69"
                          WIDTH="124"
                          VPOS="1004"
                          HPOS="301"
                          CONTENT="est"/>
                  <SP HEIGHT="69" WIDTH="18" VPOS="1004" HPOS="425"/>
                  <String HEIGHT="69"
                          WIDTH="195"
                          VPOS="1004"
                          HPOS="372"
                          CONTENT="materia"/>
                  <SP HEIGHT="69" WIDTH="18" VPOS="1004" HPOS="567"/>
                  <String HEIGHT="69"
                          WIDTH="124"
                          VPOS="1004"
                          HPOS="514"
                          CONTENT="cum"/>
                  <SP HEIGHT="69" WIDTH="18" VPOS="1004" HPOS="638"/>
                  <String HEIGHT="69"
                          WIDTH="177"
                          VPOS="1004"
                          HPOS="584"
                          CONTENT="aliqua"/>
                  <SP HEIGHT="69" WIDTH="18" VPOS="1004" HPOS="762"/>
                  <String HEIGHT="69"
                          WIDTH="195"
                          VPOS="1004"
                          HPOS="709"
                          CONTENT="illarum"/>
                  <SP HEIGHT="69" WIDTH="18" VPOS="1004" HPOS="904"/>
                  <String HEIGHT="69"
                          WIDTH="213"
                          VPOS="1004"
                          HPOS="851"
                          CONTENT="formarum"/>
                  <SP HEIGHT="69" WIDTH="18" VPOS="1004" HPOS="1063"/>
                  <String HEIGHT="69"
                          WIDTH="124"
                          VPOS="1004"
                          HPOS="1010"
                          CONTENT="sub"/>
                  <SP HEIGHT="69" WIDTH="18" VPOS="1004" HPOS="1134"/>
                  <String HEIGHT="69"
                          WIDTH="302"
                          VPOS="1004"
                          HPOS="1081"
                          CONTENT="indifferentia"/>
                  <SP HEIGHT="69" WIDTH="18" VPOS="1004" HPOS="1383"/>
                  <String HEIGHT="69"
                          WIDTH="231"
                          VPOS="1004"
                          HPOS="1329"
                          CONTENT="inquantum"/>
                  <SP HEIGHT="69" WIDTH="18" VPOS="1004" HPOS="1560"/>
                  <String HEIGHT="69"
                          WIDTH="160"
                          VPOS="1004"
                          HPOS="1507"
                          CONTENT="forma"/>
                  <SP HEIGHT="69" WIDTH="18" VPOS="1004" HPOS="1666"/>
                  <String HEIGHT="69"
                          WIDTH="142"
                          VPOS="1004"
                          HPOS="1613"
                          CONTENT="est:"/>
                  <SP HEIGHT="69" WIDTH="18" VPOS="1004" HPOS="1755"/>
                  <String HEIGHT="69"
                          WIDTH="177"
                          VPOS="1004"
                          HPOS="1702"
                          CONTENT="quibus"/>
                  <SP HEIGHT="69" WIDTH="18" VPOS="1004" HPOS="1879"/>
                  <String HEIGHT="69"
                          WIDTH="177"
                          VPOS="1004"
                          HPOS="1826"
                          CONTENT="quaeli"/>
                  <SP HEIGHT="69" WIDTH="18" VPOS="1004" HPOS="2003"/>
                  <String HEIGHT="69" WIDTH="35" VPOS="1004" HPOS="1933" CONTENT=""/>
               </TextLine>
               <TextLine ID="r2l17"
                         BASELINE="1122"
                         HEIGHT="66"
                         WIDTH="1763"
                         VPOS="1056"
                         HPOS="215">
                  <String HEIGHT="66"
                          WIDTH="127"
                          VPOS="1056"
                          HPOS="197"
                          CONTENT="bet"/>
                  <SP HEIGHT="66" WIDTH="18" VPOS="1056" HPOS="324"/>
                  <String HEIGHT="66"
                          WIDTH="200"
                          VPOS="1056"
                          HPOS="270"
                          CONTENT="illarum"/>
                  <SP HEIGHT="66" WIDTH="18" VPOS="1056" HPOS="469"/>
                  <String HEIGHT="66"
                          WIDTH="218"
                          VPOS="1056"
                          HPOS="415"
                          CONTENT="formarum"/>
                  <SP HEIGHT="66" WIDTH="18" VPOS="1056" HPOS="633"/>
                  <String HEIGHT="66"
                          WIDTH="164"
                          VPOS="1056"
                          HPOS="579"
                          CONTENT="causa"/>
                  <SP HEIGHT="66" WIDTH="18" VPOS="1056" HPOS="742"/>
                  <String HEIGHT="66"
                          WIDTH="127"
                          VPOS="1056"
                          HPOS="688"
                          CONTENT="est"/>
                  <SP HEIGHT="66" WIDTH="18" VPOS="1056" HPOS="815"/>
                  <String HEIGHT="66"
                          WIDTH="200"
                          VPOS="1056"
                          HPOS="760"
                          CONTENT="propria"/>
                  <SP HEIGHT="66" WIDTH="18" VPOS="1056" HPOS="960"/>
                  <String HEIGHT="66"
                          WIDTH="127"
                          VPOS="1056"
                          HPOS="906"
                          CONTENT="quo"/>
                  <SP HEIGHT="66" WIDTH="18" VPOS="1056" HPOS="1033"/>
                  <String HEIGHT="66" WIDTH="109" VPOS="1056" HPOS="978" CONTENT="ad"/>
                  <SP HEIGHT="66" WIDTH="18" VPOS="1056" HPOS="1087"/>
                  <String HEIGHT="66"
                          WIDTH="145"
                          VPOS="1056"
                          HPOS="1033"
                          CONTENT="esse"/>
                  <SP HEIGHT="66" WIDTH="18" VPOS="1056" HPOS="1178"/>
                  <String HEIGHT="66"
                          WIDTH="309"
                          VPOS="1056"
                          HPOS="1124"
                          CONTENT="determinatum."/>
                  <SP HEIGHT="66" WIDTH="18" VPOS="1056" HPOS="1433"/>
                  <String HEIGHT="66"
                          WIDTH="145"
                          VPOS="1056"
                          HPOS="1378"
                          CONTENT="Vnde"/>
                  <SP HEIGHT="66" WIDTH="18" VPOS="1056" HPOS="1524"/>
                  <String HEIGHT="66"
                          WIDTH="164"
                          VPOS="1056"
                          HPOS="1469"
                          CONTENT="iuxta"/>
                  <SP HEIGHT="66" WIDTH="18" VPOS="1056" HPOS="1633"/>
                  <String HEIGHT="66"
                          WIDTH="345"
                          VPOS="1056"
                          HPOS="1578"
                          CONTENT="determinationem"/>
                  <SP HEIGHT="66" WIDTH="18" VPOS="1056" HPOS="1923"/>
                  <String HEIGHT="66"
                          WIDTH="127"
                          VPOS="1056"
                          HPOS="1851"
                          CONTENT="Auer."/>
               </TextLine>
               <TextLine ID="r2l18"
                         BASELINE="1164"
                         HEIGHT="53"
                         WIDTH="1765"
                         VPOS="1111"
                         HPOS="209">
                  <String HEIGHT="53" WIDTH="95" VPOS="1111" HPOS="193" CONTENT="in"/>
                  <SP HEIGHT="53" WIDTH="16" VPOS="1111" HPOS="288"/>
                  <String HEIGHT="53" WIDTH="95" VPOS="1111" HPOS="241" CONTENT="de"/>
                  <SP HEIGHT="53" WIDTH="16" VPOS="1111" HPOS="335"/>
                  <String HEIGHT="53"
                          WIDTH="221"
                          VPOS="1111"
                          HPOS="288"
                          CONTENT="substantia"/>
                  <SP HEIGHT="53" WIDTH="16" VPOS="1111" HPOS="508"/>
                  <String HEIGHT="53"
                          WIDTH="158"
                          VPOS="1111"
                          HPOS="461"
                          CONTENT="orbis:"/>
                  <SP HEIGHT="53" WIDTH="16" VPOS="1111" HPOS="619"/>
                  <String HEIGHT="53"
                          WIDTH="110"
                          VPOS="1111"
                          HPOS="571"
                          CONTENT="cum"/>
                  <SP HEIGHT="53" WIDTH="16" VPOS="1111" HPOS="682"/>
                  <String HEIGHT="53" WIDTH="95" VPOS="1111" HPOS="634" CONTENT="de"/>
                  <SP HEIGHT="53" WIDTH="16" VPOS="1111" HPOS="729"/>
                  <String HEIGHT="53"
                          WIDTH="126"
                          VPOS="1111"
                          HPOS="682"
                          CONTENT="aere"/>
                  <SP HEIGHT="53" WIDTH="16" VPOS="1111" HPOS="808"/>
                  <String HEIGHT="53"
                          WIDTH="142"
                          VPOS="1111"
                          HPOS="761"
                          CONTENT="debet"/>
                  <SP HEIGHT="53" WIDTH="16" VPOS="1111" HPOS="902"/>
                  <String HEIGHT="53"
                          WIDTH="142"
                          VPOS="1111"
                          HPOS="855"
                          CONTENT="fieri"/>
                  <SP HEIGHT="53" WIDTH="16" VPOS="1111" HPOS="997"/>
                  <String HEIGHT="53"
                          WIDTH="158"
                          VPOS="1111"
                          HPOS="950"
                          CONTENT="ignis:"/>
                  <SP HEIGHT="53" WIDTH="16" VPOS="1111" HPOS="1107"/>
                  <String HEIGHT="53"
                          WIDTH="158"
                          VPOS="1111"
                          HPOS="1060"
                          CONTENT="natura"/>
                  <SP HEIGHT="53" WIDTH="16" VPOS="1111" HPOS="1218"/>
                  <String HEIGHT="53"
                          WIDTH="110"
                          VPOS="1111"
                          HPOS="1170"
                          CONTENT="non"/>
                  <SP HEIGHT="53" WIDTH="16" VPOS="1111" HPOS="1281"/>
                  <String HEIGHT="53"
                          WIDTH="158"
                          VPOS="1111"
                          HPOS="1233"
                          CONTENT="cessat"/>
                  <SP HEIGHT="53" WIDTH="16" VPOS="1111" HPOS="1391"/>
                  <String HEIGHT="53"
                          WIDTH="205"
                          VPOS="1111"
                          HPOS="1344"
                          CONTENT="extendere"/>
                  <SP HEIGHT="53" WIDTH="16" VPOS="1111" HPOS="1549"/>
                  <String HEIGHT="53"
                          WIDTH="236"
                          VPOS="1111"
                          HPOS="1501"
                          CONTENT="dimensiones"/>
                  <SP HEIGHT="53" WIDTH="16" VPOS="1111" HPOS="1738"/>
                  <String HEIGHT="53" WIDTH="79" VPOS="1111" HPOS="1690" CONTENT="&amp;"/>
                  <SP HEIGHT="53" WIDTH="16" VPOS="1111" HPOS="1769"/>
                  <String HEIGHT="53"
                          WIDTH="205"
                          VPOS="1111"
                          HPOS="1722"
                          CONTENT="intendere"/>
                  <SP HEIGHT="53" WIDTH="16" VPOS="1111" HPOS="1927"/>
                  <String HEIGHT="53"
                          WIDTH="110"
                          VPOS="1111"
                          HPOS="1864"
                          CONTENT="cali"
                          SUBS_TYPE="HypPart1"
                          SUBS_CONTENT="caliditatem"/>
                  <HYP CONTENT="-"/>
               </TextLine>
               <TextLine ID="r2l19"
                         BASELINE="1234"
                         HEIGHT="73"
                         WIDTH="1760"
                         VPOS="1161"
                         HPOS="217">
                  <String HEIGHT="73"
                          WIDTH="179"
                          VPOS="1161"
                          HPOS="201"
                          CONTENT="ditatem"
                          SUBS_TYPE="HypPart2"
                          SUBS_CONTENT="caliditatem"/>
                  <SP HEIGHT="73" WIDTH="16" VPOS="1161" HPOS="380"/>
                  <String HEIGHT="73"
                          WIDTH="196"
                          VPOS="1161"
                          HPOS="331"
                          CONTENT="quousque"/>
                  <SP HEIGHT="73" WIDTH="16" VPOS="1161" HPOS="527"/>
                  <String HEIGHT="73"
                          WIDTH="147"
                          VPOS="1161"
                          HPOS="478"
                          CONTENT="fiant"/>
                  <SP HEIGHT="73" WIDTH="16" VPOS="1161" HPOS="624"/>
                  <String HEIGHT="73"
                          WIDTH="326"
                          VPOS="1161"
                          HPOS="576"
                          CONTENT="improportionales"/>
                  <SP HEIGHT="73" WIDTH="16" VPOS="1161" HPOS="901"/>
                  <String HEIGHT="73"
                          WIDTH="147"
                          VPOS="1161"
                          HPOS="853"
                          CONTENT="aeri:"/>
                  <SP HEIGHT="73" WIDTH="16" VPOS="1161" HPOS="999"/>
                  <String HEIGHT="73" WIDTH="81" VPOS="1161" HPOS="950" CONTENT="&amp;"/>
                  <SP HEIGHT="73" WIDTH="16" VPOS="1161" HPOS="1032"/>
                  <String HEIGHT="73"
                          WIDTH="196"
                          VPOS="1161"
                          HPOS="983"
                          CONTENT="amittant"/>
                  <SP HEIGHT="73" WIDTH="16" VPOS="1161" HPOS="1178"/>
                  <String HEIGHT="73"
                          WIDTH="310"
                          VPOS="1161"
                          HPOS="1130"
                          CONTENT="determinationem"/>
                  <SP HEIGHT="73" WIDTH="16" VPOS="1161" HPOS="1439"/>
                  <String HEIGHT="73"
                          WIDTH="130"
                          VPOS="1161"
                          HPOS="1390"
                          CONTENT="quam"/>
                  <SP HEIGHT="73" WIDTH="16" VPOS="1161" HPOS="1521"/>
                  <String HEIGHT="73"
                          WIDTH="196"
                          VPOS="1161"
                          HPOS="1472"
                          CONTENT="causauit"/>
                  <SP HEIGHT="73" WIDTH="16" VPOS="1161" HPOS="1667"/>
                  <String HEIGHT="73" WIDTH="98" VPOS="1161" HPOS="1618" CONTENT="in"/>
                  <SP HEIGHT="73" WIDTH="16" VPOS="1161" HPOS="1716"/>
                  <String HEIGHT="73"
                          WIDTH="114"
                          VPOS="1161"
                          HPOS="1667"
                          CONTENT="eis"/>
                  <SP HEIGHT="73" WIDTH="16" VPOS="1161" HPOS="1781"/>
                  <String HEIGHT="73"
                          WIDTH="147"
                          VPOS="1161"
                          HPOS="1733"
                          CONTENT="forma"/>
                  <SP HEIGHT="73" WIDTH="16" VPOS="1161" HPOS="1879"/>
                  <String HEIGHT="73"
                          WIDTH="163"
                          VPOS="1161"
                          HPOS="1830"
                          CONTENT="aeris:"/>
                  <SP HEIGHT="73" WIDTH="16" VPOS="1161" HPOS="1993"/>
                  <String HEIGHT="73" WIDTH="49" VPOS="1161" HPOS="1928" CONTENT="&amp;"/>
               </TextLine>
               <TextLine ID="r2l20"
                         BASELINE="1276"
                         HEIGHT="61"
                         WIDTH="1769"
                         VPOS="1215"
                         HPOS="208">
                  <String HEIGHT="61"
                          WIDTH="142"
                          VPOS="1215"
                          HPOS="192"
                          CONTENT="fiant"/>
                  <SP HEIGHT="61" WIDTH="16" VPOS="1215" HPOS="334"/>
                  <String HEIGHT="61"
                          WIDTH="284"
                          VPOS="1215"
                          HPOS="287"
                          CONTENT="proportionales"/>
                  <SP HEIGHT="61" WIDTH="16" VPOS="1215" HPOS="571"/>
                  <String HEIGHT="61"
                          WIDTH="142"
                          VPOS="1215"
                          HPOS="524"
                          CONTENT="igni,"/>
                  <SP HEIGHT="61" WIDTH="16" VPOS="1215" HPOS="666"/>
                  <String HEIGHT="61" WIDTH="79" VPOS="1215" HPOS="619" CONTENT="&amp;"/>
                  <SP HEIGHT="61" WIDTH="16" VPOS="1215" HPOS="698"/>
                  <String HEIGHT="61"
                          WIDTH="205"
                          VPOS="1215"
                          HPOS="650"
                          CONTENT="recipiant"/>
                  <SP HEIGHT="61" WIDTH="16" VPOS="1215" HPOS="856"/>
                  <String HEIGHT="61"
                          WIDTH="300"
                          VPOS="1215"
                          HPOS="808"
                          CONTENT="determinationem"/>
                  <SP HEIGHT="61" WIDTH="16" VPOS="1215" HPOS="1108"/>
                  <String HEIGHT="61"
                          WIDTH="126"
                          VPOS="1215"
                          HPOS="1061"
                          CONTENT="quam"/>
                  <SP HEIGHT="61" WIDTH="16" VPOS="1215" HPOS="1187"/>
                  <String HEIGHT="61"
                          WIDTH="126"
                          VPOS="1215"
                          HPOS="1140"
                          CONTENT="nata"/>
                  <SP HEIGHT="61" WIDTH="16" VPOS="1215" HPOS="1266"/>
                  <String HEIGHT="61"
                          WIDTH="111"
                          VPOS="1215"
                          HPOS="1219"
                          CONTENT="est"/>
                  <SP HEIGHT="61" WIDTH="16" VPOS="1215" HPOS="1329"/>
                  <String HEIGHT="61" WIDTH="95" VPOS="1215" HPOS="1282" CONTENT="in"/>
                  <SP HEIGHT="61" WIDTH="16" VPOS="1215" HPOS="1377"/>
                  <String HEIGHT="61"
                          WIDTH="111"
                          VPOS="1215"
                          HPOS="1329"
                          CONTENT="eis"/>
                  <SP HEIGHT="61" WIDTH="16" VPOS="1215" HPOS="1440"/>
                  <String HEIGHT="61"
                          WIDTH="174"
                          VPOS="1215"
                          HPOS="1393"
                          CONTENT="causare"/>
                  <SP HEIGHT="61" WIDTH="16" VPOS="1215" HPOS="1566"/>
                  <String HEIGHT="61"
                          WIDTH="142"
                          VPOS="1215"
                          HPOS="1519"
                          CONTENT="forma"/>
                  <SP HEIGHT="61" WIDTH="16" VPOS="1215" HPOS="1661"/>
                  <String HEIGHT="61"
                          WIDTH="158"
                          VPOS="1215"
                          HPOS="1614"
                          CONTENT="ignis."/>
                  <SP HEIGHT="61" WIDTH="16" VPOS="1215" HPOS="1772"/>
                  <String HEIGHT="61" WIDTH="95" VPOS="1215" HPOS="1724" CONTENT="Et"/>
                  <SP HEIGHT="61" WIDTH="16" VPOS="1215" HPOS="1819"/>
                  <String HEIGHT="61"
                          WIDTH="190"
                          VPOS="1215"
                          HPOS="1772"
                          CONTENT="secundum"/>
                  <SP HEIGHT="61" WIDTH="16" VPOS="1215" HPOS="1961"/>
                  <String HEIGHT="61"
                          WIDTH="79"
                          VPOS="1215"
                          HPOS="1898"
                          CONTENT="hoc"/>
               </TextLine>
               <TextLine ID="r2l21"
                         BASELINE="1330"
                         HEIGHT="59"
                         WIDTH="1769"
                         VPOS="1271"
                         HPOS="206">
                  <String HEIGHT="59"
                          WIDTH="156"
                          VPOS="1271"
                          HPOS="189"
                          CONTENT="sicut"/>
                  <SP HEIGHT="59" WIDTH="17" VPOS="1271" HPOS="345"/>
                  <String HEIGHT="59"
                          WIDTH="191"
                          VPOS="1271"
                          HPOS="293"
                          CONTENT="materia"/>
                  <SP HEIGHT="59" WIDTH="17" VPOS="1271" HPOS="483"/>
                  <String HEIGHT="59"
                          WIDTH="121"
                          VPOS="1271"
                          HPOS="431"
                          CONTENT="vna"/>
                  <SP HEIGHT="59" WIDTH="17" VPOS="1271" HPOS="553"/>
                  <String HEIGHT="59" WIDTH="87" VPOS="1271" HPOS="501" CONTENT="&amp;"/>
                  <SP HEIGHT="59" WIDTH="17" VPOS="1271" HPOS="588"/>
                  <String HEIGHT="59"
                          WIDTH="156"
                          VPOS="1271"
                          HPOS="536"
                          CONTENT="eadem"/>
                  <SP HEIGHT="59" WIDTH="17" VPOS="1271" HPOS="692"/>
                  <String HEIGHT="59"
                          WIDTH="173"
                          VPOS="1271"
                          HPOS="640"
                          CONTENT="numero"/>
                  <SP HEIGHT="59" WIDTH="17" VPOS="1271" HPOS="813"/>
                  <String HEIGHT="59"
                          WIDTH="156"
                          VPOS="1271"
                          HPOS="761"
                          CONTENT="manet"/>
                  <SP HEIGHT="59" WIDTH="17" VPOS="1271" HPOS="917"/>
                  <String HEIGHT="59"
                          WIDTH="208"
                          VPOS="1271"
                          HPOS="865"
                          CONTENT="secundum"/>
                  <SP HEIGHT="59" WIDTH="17" VPOS="1271" HPOS="1073"/>
                  <String HEIGHT="59"
                          WIDTH="139"
                          VPOS="1271"
                          HPOS="1021"
                          CONTENT="esse"/>
                  <SP HEIGHT="59" WIDTH="17" VPOS="1271" HPOS="1160"/>
                  <String HEIGHT="59"
                          WIDTH="312"
                          VPOS="1271"
                          HPOS="1108"
                          CONTENT="indeterminatum"/>
                  <SP HEIGHT="59" WIDTH="17" VPOS="1271" HPOS="1420"/>
                  <String HEIGHT="59"
                          WIDTH="121"
                          VPOS="1271"
                          HPOS="1368"
                          CONTENT="sub"/>
                  <SP HEIGHT="59" WIDTH="17" VPOS="1271" HPOS="1489"/>
                  <String HEIGHT="59"
                          WIDTH="173"
                          VPOS="1271"
                          HPOS="1437"
                          CONTENT="formis"/>
                  <SP HEIGHT="59" WIDTH="17" VPOS="1271" HPOS="1611"/>
                  <String HEIGHT="59"
                          WIDTH="208"
                          VPOS="1271"
                          HPOS="1559"
                          CONTENT="diuersis"/>
                  <SP HEIGHT="59" WIDTH="17" VPOS="1271" HPOS="1767"/>
                  <String HEIGHT="59" WIDTH="87" VPOS="1271" HPOS="1715" CONTENT="&amp;"/>
                  <SP HEIGHT="59" WIDTH="17" VPOS="1271" HPOS="1802"/>
                  <String HEIGHT="59"
                          WIDTH="260"
                          VPOS="1271"
                          HPOS="1750"
                          CONTENT="contrariis:"/>
                  <SP HEIGHT="59" WIDTH="17" VPOS="1271" HPOS="2010"/>
                  <String HEIGHT="59" WIDTH="35" VPOS="1271" HPOS="1940" CONTENT=""/>
               </TextLine>
               <TextLine ID="r2l22"
                         BASELINE="1392"
                         HEIGHT="64"
                         WIDTH="1756"
                         VPOS="1328"
                         HPOS="217">
                  <String HEIGHT="64"
                          WIDTH="108"
                          VPOS="1328"
                          HPOS="202"
                          CONTENT="sic"/>
                  <SP HEIGHT="64" WIDTH="15" VPOS="1328" HPOS="309"/>
                  <String HEIGHT="64"
                          WIDTH="200"
                          VPOS="1328"
                          HPOS="263"
                          CONTENT="huiusmodi"/>
                  <SP HEIGHT="64" WIDTH="15" VPOS="1328" HPOS="463"/>
                  <String HEIGHT="64"
                          WIDTH="216"
                          VPOS="1328"
                          HPOS="417"
                          CONTENT="accidentia"/>
                  <SP HEIGHT="64" WIDTH="15" VPOS="1328" HPOS="633"/>
                  <String HEIGHT="64"
                          WIDTH="139"
                          VPOS="1328"
                          HPOS="587"
                          CONTENT="eadem"/>
                  <SP HEIGHT="64" WIDTH="15" VPOS="1328" HPOS="725"/>
                  <String HEIGHT="64"
                          WIDTH="154"
                          VPOS="1328"
                          HPOS="679"
                          CONTENT="numero"/>
                  <SP HEIGHT="64" WIDTH="15" VPOS="1328" HPOS="833"/>
                  <String HEIGHT="64"
                          WIDTH="185"
                          VPOS="1328"
                          HPOS="787"
                          CONTENT="secundum"/>
                  <SP HEIGHT="64" WIDTH="15" VPOS="1328" HPOS="972"/>
                  <String HEIGHT="64"
                          WIDTH="123"
                          VPOS="1328"
                          HPOS="926"
                          CONTENT="esse"/>
                  <SP HEIGHT="64" WIDTH="15" VPOS="1328" HPOS="1049"/>
                  <String HEIGHT="64"
                          WIDTH="277"
                          VPOS="1328"
                          HPOS="1003"
                          CONTENT="indeterminatum"/>
                  <SP HEIGHT="64" WIDTH="15" VPOS="1328" HPOS="1280"/>
                  <String HEIGHT="64"
                          WIDTH="123"
                          VPOS="1328"
                          HPOS="1234"
                          CONTENT="sunt"/>
                  <SP HEIGHT="64" WIDTH="15" VPOS="1328" HPOS="1357"/>
                  <String HEIGHT="64" WIDTH="92" VPOS="1328" HPOS="1311" CONTENT="in"/>
                  <SP HEIGHT="64" WIDTH="15" VPOS="1328" HPOS="1403"/>
                  <String HEIGHT="64"
                          WIDTH="185"
                          VPOS="1328"
                          HPOS="1357"
                          CONTENT="diuersis"/>
                  <SP HEIGHT="64" WIDTH="15" VPOS="1328" HPOS="1542"/>
                  <String HEIGHT="64"
                          WIDTH="246"
                          VPOS="1328"
                          HPOS="1495"
                          CONTENT="substantiis."/>
                  <SP HEIGHT="64" WIDTH="15" VPOS="1328" HPOS="1742"/>
                  <String HEIGHT="64"
                          WIDTH="231"
                          VPOS="1328"
                          HPOS="1696"
                          CONTENT="Diuersimode"/>
                  <SP HEIGHT="64" WIDTH="15" VPOS="1328" HPOS="1927"/>
                  <String HEIGHT="64"
                          WIDTH="108"
                          VPOS="1328"
                          HPOS="1865"
                          CONTENT="tamen"/>
               </TextLine>
               <TextLine ID="r2l23"
                         BASELINE="1443"
                         HEIGHT="65"
                         WIDTH="1774"
                         VPOS="1378"
                         HPOS="207">
                  <String HEIGHT="65"
                          WIDTH="239"
                          VPOS="1378"
                          HPOS="193"
                          CONTENT="determinantur"/>
                  <SP HEIGHT="65" WIDTH="14" VPOS="1378" HPOS="432"/>
                  <String HEIGHT="65" WIDTH="84" VPOS="1378" HPOS="390" CONTENT="in"/>
                  <SP HEIGHT="65" WIDTH="14" VPOS="1378" HPOS="475"/>
                  <String HEIGHT="65"
                          WIDTH="113"
                          VPOS="1378"
                          HPOS="432"
                          CONTENT="esse"/>
                  <SP HEIGHT="65" WIDTH="14" VPOS="1378" HPOS="545"/>
                  <String HEIGHT="65"
                          WIDTH="155"
                          VPOS="1378"
                          HPOS="503"
                          CONTENT="materia"/>
                  <SP HEIGHT="65" WIDTH="14" VPOS="1378" HPOS="658"/>
                  <String HEIGHT="65" WIDTH="70" VPOS="1378" HPOS="615" CONTENT="&amp;"/>
                  <SP HEIGHT="65" WIDTH="14" VPOS="1378" HPOS="686"/>
                  <String HEIGHT="65"
                          WIDTH="197"
                          VPOS="1378"
                          HPOS="643"
                          CONTENT="accidentia"/>
                  <SP HEIGHT="65" WIDTH="14" VPOS="1378" HPOS="841"/>
                  <String HEIGHT="65"
                          WIDTH="169"
                          VPOS="1378"
                          HPOS="798"
                          CONTENT="communia"/>
                  <SP HEIGHT="65" WIDTH="14" VPOS="1378" HPOS="967"/>
                  <String HEIGHT="65"
                          WIDTH="169"
                          VPOS="1378"
                          HPOS="925"
                          CONTENT="secundum"/>
                  <SP HEIGHT="65" WIDTH="14" VPOS="1378" HPOS="1094"/>
                  <String HEIGHT="65"
                          WIDTH="225"
                          VPOS="1378"
                          HPOS="1052"
                          CONTENT="diuersitatem"/>
                  <SP HEIGHT="65" WIDTH="14" VPOS="1378" HPOS="1277"/>
                  <String HEIGHT="65"
                          WIDTH="183"
                          VPOS="1378"
                          HPOS="1235"
                          CONTENT="formarum."/>
                  <SP HEIGHT="65" WIDTH="14" VPOS="1378" HPOS="1418"/>
                  <String HEIGHT="65"
                          WIDTH="99"
                          VPOS="1378"
                          HPOS="1376"
                          CONTENT="Est"/>
                  <SP HEIGHT="65" WIDTH="14" VPOS="1378" HPOS="1474"/>
                  <String HEIGHT="65"
                          WIDTH="141"
                          VPOS="1378"
                          HPOS="1432"
                          CONTENT="igitur"/>
                  <SP HEIGHT="65" WIDTH="14" VPOS="1378" HPOS="1573"/>
                  <String HEIGHT="65"
                          WIDTH="253"
                          VPOS="1378"
                          HPOS="1530"
                          CONTENT="intelligendum:"/>
                  <SP HEIGHT="65" WIDTH="14" VPOS="1378" HPOS="1784"/>
                  <String HEIGHT="65"
                          WIDTH="113"
                          VPOS="1378"
                          HPOS="1742"
                          CONTENT="quod"/>
                  <SP HEIGHT="65" WIDTH="14" VPOS="1378" HPOS="1854"/>
                  <String HEIGHT="65"
                          WIDTH="99"
                          VPOS="1378"
                          HPOS="1812"
                          CONTENT="cum"/>
                  <SP HEIGHT="65" WIDTH="14" VPOS="1378" HPOS="1911"/>
                  <String HEIGHT="65"
                          WIDTH="113"
                          VPOS="1378"
                          HPOS="1868"
                          CONTENT="homo"/>
                  <SP HEIGHT="65" WIDTH="14" VPOS="1378" HPOS="1981"/>
                  <String HEIGHT="65" WIDTH="56" VPOS="1378" HPOS="1925" CONTENT="de"/>
               </TextLine>
               <TextLine ID="r2l24"
                         BASELINE="1501"
                         HEIGHT="69"
                         WIDTH="1759"
                         VPOS="1432"
                         HPOS="209">
                  <String HEIGHT="69"
                          WIDTH="199"
                          VPOS="1432"
                          HPOS="192"
                          CONTENT="sanguine"/>
                  <SP HEIGHT="69" WIDTH="17" VPOS="1432" HPOS="392"/>
                  <String HEIGHT="69"
                          WIDTH="232"
                          VPOS="1432"
                          HPOS="342"
                          CONTENT="generetur,"/>
                  <SP HEIGHT="69" WIDTH="17" VPOS="1432" HPOS="574"/>
                  <String HEIGHT="69"
                          WIDTH="116"
                          VPOS="1432"
                          HPOS="524"
                          CONTENT="aut"/>
                  <SP HEIGHT="69" WIDTH="17" VPOS="1432" HPOS="640"/>
                  <String HEIGHT="69" WIDTH="100" VPOS="1432" HPOS="591" CONTENT="de"/>
                  <SP HEIGHT="69" WIDTH="17" VPOS="1432" HPOS="690"/>
                  <String HEIGHT="69"
                          WIDTH="216"
                          VPOS="1432"
                          HPOS="640"
                          CONTENT="spermate,"/>
                  <SP HEIGHT="69" WIDTH="17" VPOS="1432" HPOS="856"/>
                  <String HEIGHT="69"
                          WIDTH="149"
                          VPOS="1432"
                          HPOS="806"
                          CONTENT="omnia"/>
                  <SP HEIGHT="69" WIDTH="17" VPOS="1432" HPOS="956"/>
                  <String HEIGHT="69"
                          WIDTH="232"
                          VPOS="1432"
                          HPOS="906"
                          CONTENT="accidentia"/>
                  <SP HEIGHT="69" WIDTH="17" VPOS="1432" HPOS="1138"/>
                  <String HEIGHT="69"
                          WIDTH="232"
                          VPOS="1432"
                          HPOS="1089"
                          CONTENT="materialia"/>
                  <SP HEIGHT="69" WIDTH="17" VPOS="1432" HPOS="1321"/>
                  <String HEIGHT="69" WIDTH="83" VPOS="1432" HPOS="1271" CONTENT="&amp;"/>
                  <SP HEIGHT="69" WIDTH="17" VPOS="1432" HPOS="1354"/>
                  <String HEIGHT="69"
                          WIDTH="232"
                          VPOS="1432"
                          HPOS="1304"
                          CONTENT="corporalia"/>
                  <SP HEIGHT="69" WIDTH="17" VPOS="1432" HPOS="1537"/>
                  <String HEIGHT="69"
                          WIDTH="116"
                          VPOS="1432"
                          HPOS="1487"
                          CONTENT="sub"/>
                  <SP HEIGHT="69" WIDTH="17" VPOS="1432" HPOS="1603"/>
                  <String HEIGHT="69"
                          WIDTH="133"
                          VPOS="1432"
                          HPOS="1553"
                          CONTENT="esse"/>
                  <SP HEIGHT="69" WIDTH="17" VPOS="1432" HPOS="1686"/>
                  <String HEIGHT="69"
                          WIDTH="282"
                          VPOS="1432"
                          HPOS="1636"
                          CONTENT="indeterminato"/>
                  <SP HEIGHT="69" WIDTH="17" VPOS="1432" HPOS="1918"/>
                  <String HEIGHT="69"
                          WIDTH="116"
                          VPOS="1432"
                          HPOS="1852"
                          CONTENT="conmu"/>
               </TextLine>
               <TextLine ID="r2l25"
                         BASELINE="1556"
                         HEIGHT="66"
                         WIDTH="1753"
                         VPOS="1490"
                         HPOS="214">
                  <String HEIGHT="66"
                          WIDTH="143"
                          VPOS="1490"
                          HPOS="198"
                          CONTENT="niter"/>
                  <SP HEIGHT="66" WIDTH="16" VPOS="1490" HPOS="341"/>
                  <String HEIGHT="66"
                          WIDTH="159"
                          VPOS="1490"
                          HPOS="294"
                          CONTENT="habent"/>
                  <SP HEIGHT="66" WIDTH="16" VPOS="1490" HPOS="453"/>
                  <String HEIGHT="66"
                          WIDTH="143"
                          VPOS="1490"
                          HPOS="405"
                          CONTENT="fieri"/>
                  <SP HEIGHT="66" WIDTH="16" VPOS="1490" HPOS="549"/>
                  <String HEIGHT="66" WIDTH="80" VPOS="1490" HPOS="501" CONTENT="&amp;"/>
                  <SP HEIGHT="66" WIDTH="16" VPOS="1490" HPOS="581"/>
                  <String HEIGHT="66"
                          WIDTH="127"
                          VPOS="1490"
                          HPOS="533"
                          CONTENT="esse"/>
                  <SP HEIGHT="66" WIDTH="16" VPOS="1490" HPOS="660"/>
                  <String HEIGHT="66"
                          WIDTH="112"
                          VPOS="1490"
                          HPOS="612"
                          CONTENT="per"/>
                  <SP HEIGHT="66" WIDTH="16" VPOS="1490" HPOS="724"/>
                  <String HEIGHT="66"
                          WIDTH="143"
                          VPOS="1490"
                          HPOS="676"
                          CONTENT="totam"/>
                  <SP HEIGHT="66" WIDTH="16" VPOS="1490" HPOS="820"/>
                  <String HEIGHT="66"
                          WIDTH="303"
                          VPOS="1490"
                          HPOS="772"
                          CONTENT="transmutationem"/>
                  <SP HEIGHT="66" WIDTH="16" VPOS="1490" HPOS="1075"/>
                  <String HEIGHT="66" WIDTH="96" VPOS="1490" HPOS="1027" CONTENT="in"/>
                  <SP HEIGHT="66" WIDTH="16" VPOS="1490" HPOS="1122"/>
                  <String HEIGHT="66"
                          WIDTH="191"
                          VPOS="1490"
                          HPOS="1075"
                          CONTENT="spermate"/>
                  <SP HEIGHT="66" WIDTH="16" VPOS="1490" HPOS="1266"/>
                  <String HEIGHT="66"
                          WIDTH="207"
                          VPOS="1490"
                          HPOS="1218"
                          CONTENT="existente"/>
                  <SP HEIGHT="66" WIDTH="16" VPOS="1490" HPOS="1425"/>
                  <String HEIGHT="66"
                          WIDTH="112"
                          VPOS="1490"
                          HPOS="1377"
                          CONTENT="sub"/>
                  <SP HEIGHT="66" WIDTH="16" VPOS="1490" HPOS="1489"/>
                  <String HEIGHT="66"
                          WIDTH="143"
                          VPOS="1490"
                          HPOS="1441"
                          CONTENT="forma"/>
                  <SP HEIGHT="66" WIDTH="16" VPOS="1490" HPOS="1585"/>
                  <String HEIGHT="66"
                          WIDTH="223"
                          VPOS="1490"
                          HPOS="1537"
                          CONTENT="spermatis."/>
                  <SP HEIGHT="66" WIDTH="16" VPOS="1490" HPOS="1760"/>
                  <String HEIGHT="66" WIDTH="80" VPOS="1490" HPOS="1712" CONTENT="&amp;"/>
                  <SP HEIGHT="66" WIDTH="16" VPOS="1490" HPOS="1792"/>
                  <String HEIGHT="66"
                          WIDTH="127"
                          VPOS="1490"
                          HPOS="1744"
                          CONTENT="tunc"/>
                  <SP HEIGHT="66" WIDTH="16" VPOS="1490" HPOS="1871"/>
                  <String HEIGHT="66"
                          WIDTH="112"
                          VPOS="1490"
                          HPOS="1824"
                          CONTENT="cum"/>
                  <SP HEIGHT="66" WIDTH="16" VPOS="1490" HPOS="1935"/>
                  <String HEIGHT="66"
                          WIDTH="96"
                          VPOS="1490"
                          HPOS="1871"
                          CONTENT="con"
                          SUBS_TYPE="HypPart1"
                          SUBS_CONTENT="conpleta"/>
                  <HYP CONTENT="-"/>
               </TextLine>
               <TextLine ID="r2l26"
                         BASELINE="1608"
                         HEIGHT="66"
                         WIDTH="1758"
                         VPOS="1542"
                         HPOS="213">
                  <String HEIGHT="66"
                          WIDTH="136"
                          VPOS="1542"
                          HPOS="198"
                          CONTENT="pleta"
                          SUBS_TYPE="HypPart2"
                          SUBS_CONTENT="conpleta"/>
                  <SP HEIGHT="66" WIDTH="15" VPOS="1542" HPOS="334"/>
                  <String HEIGHT="66"
                          WIDTH="106"
                          VPOS="1542"
                          HPOS="289"
                          CONTENT="est"/>
                  <SP HEIGHT="66" WIDTH="15" VPOS="1542" HPOS="395"/>
                  <String HEIGHT="66"
                          WIDTH="242"
                          VPOS="1542"
                          HPOS="349"
                          CONTENT="transmutatio"/>
                  <SP HEIGHT="66" WIDTH="15" VPOS="1542" HPOS="592"/>
                  <String HEIGHT="66"
                          WIDTH="258"
                          VPOS="1542"
                          HPOS="546"
                          CONTENT="alterationis,"/>
                  <SP HEIGHT="66" WIDTH="15" VPOS="1542" HPOS="804"/>
                  <String HEIGHT="66" WIDTH="91" VPOS="1542" HPOS="759" CONTENT="in"/>
                  <SP HEIGHT="66" WIDTH="15" VPOS="1542" HPOS="850"/>
                  <String HEIGHT="66"
                          WIDTH="121"
                          VPOS="1542"
                          HPOS="804"
                          CONTENT="toto"/>
                  <SP HEIGHT="66" WIDTH="15" VPOS="1542" HPOS="925"/>
                  <String HEIGHT="66"
                          WIDTH="106"
                          VPOS="1542"
                          HPOS="880"
                          CONTENT="suo"/>
                  <SP HEIGHT="66" WIDTH="15" VPOS="1542" HPOS="986"/>
                  <String HEIGHT="66"
                          WIDTH="182"
                          VPOS="1542"
                          HPOS="940"
                          CONTENT="tempore:"/>
                  <SP HEIGHT="66" WIDTH="15" VPOS="1542" HPOS="1122"/>
                  <String HEIGHT="66" WIDTH="76" VPOS="1542" HPOS="1077" CONTENT="&amp;"/>
                  <SP HEIGHT="66" WIDTH="15" VPOS="1542" HPOS="1153"/>
                  <String HEIGHT="66" WIDTH="91" VPOS="1542" HPOS="1107" CONTENT="in"/>
                  <SP HEIGHT="66" WIDTH="15" VPOS="1542" HPOS="1198"/>
                  <String HEIGHT="66"
                          WIDTH="152"
                          VPOS="1542"
                          HPOS="1153"
                          CONTENT="vltimo"/>
                  <SP HEIGHT="66" WIDTH="15" VPOS="1542" HPOS="1304"/>
                  <String HEIGHT="66"
                          WIDTH="182"
                          VPOS="1542"
                          HPOS="1259"
                          CONTENT="instanti"/>
                  <SP HEIGHT="66" WIDTH="15" VPOS="1542" HPOS="1441"/>
                  <String HEIGHT="66"
                          WIDTH="121"
                          VPOS="1542"
                          HPOS="1395"
                          CONTENT="eius"/>
                  <SP HEIGHT="66" WIDTH="15" VPOS="1542" HPOS="1516"/>
                  <String HEIGHT="66"
                          WIDTH="197"
                          VPOS="1542"
                          HPOS="1471"
                          CONTENT="generatur"/>
                  <SP HEIGHT="66" WIDTH="15" VPOS="1542" HPOS="1668"/>
                  <String HEIGHT="66"
                          WIDTH="136"
                          VPOS="1542"
                          HPOS="1622"
                          CONTENT="forma"/>
                  <SP HEIGHT="66" WIDTH="15" VPOS="1542" HPOS="1759"/>
                  <String HEIGHT="66"
                          WIDTH="197"
                          VPOS="1542"
                          HPOS="1713"
                          CONTENT="naturalis"/>
                  <SP HEIGHT="66" WIDTH="15" VPOS="1542" HPOS="1910"/>
                  <String HEIGHT="66"
                          WIDTH="136"
                          VPOS="1542"
                          HPOS="1865"
                          CONTENT="huma-"/>
                  <SP HEIGHT="66" WIDTH="15" VPOS="1542" HPOS="2001"/>
                  <String HEIGHT="66" WIDTH="30" VPOS="1542" HPOS="1941" CONTENT=""/>
               </TextLine>
               <TextLine ID="r2l27"
                         BASELINE="1657"
                         HEIGHT="62"
                         WIDTH="1758"
                         VPOS="1595"
                         HPOS="210">
                  <String HEIGHT="62"
                          WIDTH="105"
                          VPOS="1595"
                          HPOS="195"
                          CONTENT="nae"/>
                  <SP HEIGHT="62" WIDTH="15" VPOS="1595" HPOS="300"/>
                  <String HEIGHT="62"
                          WIDTH="165"
                          VPOS="1595"
                          HPOS="255"
                          CONTENT="carnis:"/>
                  <SP HEIGHT="62" WIDTH="15" VPOS="1595" HPOS="420"/>
                  <String HEIGHT="62" WIDTH="75" VPOS="1595" HPOS="375" CONTENT="&amp;"/>
                  <SP HEIGHT="62" WIDTH="15" VPOS="1595" HPOS="450"/>
                  <String HEIGHT="62"
                          WIDTH="135"
                          VPOS="1595"
                          HPOS="405"
                          CONTENT="simul"/>
                  <SP HEIGHT="62" WIDTH="15" VPOS="1595" HPOS="541"/>
                  <String HEIGHT="62"
                          WIDTH="135"
                          VPOS="1595"
                          HPOS="495"
                          CONTENT="anima"/>
                  <SP HEIGHT="62" WIDTH="15" VPOS="1595" HPOS="631"/>
                  <String HEIGHT="62"
                          WIDTH="240"
                          VPOS="1595"
                          HPOS="586"
                          CONTENT="intellectiua"/>
                  <SP HEIGHT="62" WIDTH="15" VPOS="1595" HPOS="826"/>
                  <String HEIGHT="62"
                          WIDTH="210"
                          VPOS="1595"
                          HPOS="781"
                          CONTENT="infunditur"/>
                  <SP HEIGHT="62" WIDTH="15" VPOS="1595" HPOS="991"/>
                  <String HEIGHT="62"
                          WIDTH="165"
                          VPOS="1595"
                          HPOS="946"
                          CONTENT="tanquam"/>
                  <SP HEIGHT="62" WIDTH="15" VPOS="1595" HPOS="1112"/>
                  <String HEIGHT="62" WIDTH="90" VPOS="1595" HPOS="1066" CONTENT="in"/>
                  <SP HEIGHT="62" WIDTH="15" VPOS="1595" HPOS="1157"/>
                  <String HEIGHT="62"
                          WIDTH="165"
                          VPOS="1595"
                          HPOS="1112"
                          CONTENT="materia"/>
                  <SP HEIGHT="62" WIDTH="15" VPOS="1595" HPOS="1277"/>
                  <String HEIGHT="62"
                          WIDTH="120"
                          VPOS="1595"
                          HPOS="1232"
                          CONTENT="quae"/>
                  <SP HEIGHT="62" WIDTH="15" VPOS="1595" HPOS="1352"/>
                  <String HEIGHT="62"
                          WIDTH="120"
                          VPOS="1595"
                          HPOS="1307"
                          CONTENT="sibi"/>
                  <SP HEIGHT="62" WIDTH="15" VPOS="1595" HPOS="1427"/>
                  <String HEIGHT="62"
                          WIDTH="135"
                          VPOS="1595"
                          HPOS="1382"
                          CONTENT="facta"/>
                  <SP HEIGHT="62" WIDTH="15" VPOS="1595" HPOS="1517"/>
                  <String HEIGHT="62"
                          WIDTH="105"
                          VPOS="1595"
                          HPOS="1472"
                          CONTENT="est"/>
                  <SP HEIGHT="62" WIDTH="15" VPOS="1595" HPOS="1577"/>
                  <String HEIGHT="62"
                          WIDTH="210"
                          VPOS="1595"
                          HPOS="1532"
                          CONTENT="necessitas"/>
                  <SP HEIGHT="62" WIDTH="15" VPOS="1595" HPOS="1743"/>
                  <String HEIGHT="62"
                          WIDTH="180"
                          VPOS="1595"
                          HPOS="1698"
                          CONTENT="mediante"/>
                  <SP HEIGHT="62" WIDTH="15" VPOS="1595" HPOS="1878"/>
                  <String HEIGHT="62"
                          WIDTH="120"
                          VPOS="1595"
                          HPOS="1833"
                          CONTENT="illa"/>
                  <SP HEIGHT="62" WIDTH="15" VPOS="1595" HPOS="1953"/>
                  <String HEIGHT="62"
                          WIDTH="75"
                          VPOS="1595"
                          HPOS="1893"
                          CONTENT="for"/>
               </TextLine>
               <TextLine ID="r2l28"
                         BASELINE="1714"
                         HEIGHT="57"
                         WIDTH="1763"
                         VPOS="1657"
                         HPOS="216">
                  <String HEIGHT="57" WIDTH="94" VPOS="1657" HPOS="200" CONTENT="ma"/>
                  <SP HEIGHT="57" WIDTH="16" VPOS="1657" HPOS="294"/>
                  <String HEIGHT="57"
                          WIDTH="187"
                          VPOS="1657"
                          HPOS="247"
                          CONTENT="naturali"/>
                  <SP HEIGHT="57" WIDTH="16" VPOS="1657" HPOS="434"/>
                  <String HEIGHT="57"
                          WIDTH="125"
                          VPOS="1657"
                          HPOS="388"
                          CONTENT="quae"/>
                  <SP HEIGHT="57" WIDTH="16" VPOS="1657" HPOS="512"/>
                  <String HEIGHT="57"
                          WIDTH="109"
                          VPOS="1657"
                          HPOS="466"
                          CONTENT="dat"/>
                  <SP HEIGHT="57" WIDTH="16" VPOS="1657" HPOS="575"/>
                  <String HEIGHT="57"
                          WIDTH="125"
                          VPOS="1657"
                          HPOS="528"
                          CONTENT="esse"/>
                  <SP HEIGHT="57" WIDTH="16" VPOS="1657" HPOS="653"/>
                  <String HEIGHT="57"
                          WIDTH="250"
                          VPOS="1657"
                          HPOS="606"
                          CONTENT="determinatum"/>
                  <SP HEIGHT="57" WIDTH="16" VPOS="1657" HPOS="856"/>
                  <String HEIGHT="57" WIDTH="94" VPOS="1657" HPOS="809" CONTENT="in"/>
                  <SP HEIGHT="57" WIDTH="16" VPOS="1657" HPOS="902"/>
                  <String HEIGHT="57"
                          WIDTH="172"
                          VPOS="1657"
                          HPOS="856"
                          CONTENT="effectu"/>
                  <SP HEIGHT="57" WIDTH="16" VPOS="1657" HPOS="1027"/>
                  <String HEIGHT="57"
                          WIDTH="203"
                          VPOS="1657"
                          HPOS="980"
                          CONTENT="materiae:"/>
                  <SP HEIGHT="57" WIDTH="16" VPOS="1657" HPOS="1183"/>
                  <String HEIGHT="57"
                          WIDTH="125"
                          VPOS="1657"
                          HPOS="1137"
                          CONTENT="immo"/>
                  <SP HEIGHT="57" WIDTH="16" VPOS="1657" HPOS="1261"/>
                  <String HEIGHT="57"
                          WIDTH="203"
                          VPOS="1657"
                          HPOS="1215"
                          CONTENT="composito"/>
                  <SP HEIGHT="57" WIDTH="16" VPOS="1657" HPOS="1417"/>
                  <String HEIGHT="57" WIDTH="94" VPOS="1657" HPOS="1371" CONTENT="ex"/>
                  <SP HEIGHT="57" WIDTH="16" VPOS="1657" HPOS="1464"/>
                  <String HEIGHT="57"
                          WIDTH="125"
                          VPOS="1657"
                          HPOS="1417"
                          CONTENT="ipsa"/>
                  <SP HEIGHT="57" WIDTH="16" VPOS="1657" HPOS="1542"/>
                  <String HEIGHT="57" WIDTH="78" VPOS="1657" HPOS="1495" CONTENT="&amp;"/>
                  <SP HEIGHT="57" WIDTH="16" VPOS="1657" HPOS="1573"/>
                  <String HEIGHT="57"
                          WIDTH="140"
                          VPOS="1657"
                          HPOS="1527"
                          CONTENT="forma"/>
                  <SP HEIGHT="57" WIDTH="16" VPOS="1657" HPOS="1667"/>
                  <String HEIGHT="57"
                          WIDTH="125"
                          VPOS="1657"
                          HPOS="1620"
                          CONTENT="illa"/>
                  <SP HEIGHT="57" WIDTH="16" VPOS="1657" HPOS="1745"/>
                  <String HEIGHT="57"
                          WIDTH="187"
                          VPOS="1657"
                          HPOS="1698"
                          CONTENT="naturali"/>
                  <SP HEIGHT="57" WIDTH="16" VPOS="1657" HPOS="1885"/>
                  <String HEIGHT="57"
                          WIDTH="172"
                          VPOS="1657"
                          HPOS="1839"
                          CONTENT="carnis:"/>
                  <SP HEIGHT="57" WIDTH="16" VPOS="1657" HPOS="2010"/>
                  <String HEIGHT="57" WIDTH="31" VPOS="1657" HPOS="1948" CONTENT=""/>
               </TextLine>
               <TextLine ID="r2l29"
                         BASELINE="1769"
                         HEIGHT="71"
                         WIDTH="1767"
                         VPOS="1698"
                         HPOS="210">
                  <String HEIGHT="71" WIDTH="80" VPOS="1698" HPOS="194" CONTENT="&amp;"/>
                  <SP HEIGHT="71" WIDTH="16" VPOS="1698" HPOS="274"/>
                  <String HEIGHT="71"
                          WIDTH="191"
                          VPOS="1698"
                          HPOS="226"
                          CONTENT="terminat"/>
                  <SP HEIGHT="71" WIDTH="16" VPOS="1698" HPOS="417"/>
                  <String HEIGHT="71"
                          WIDTH="111"
                          VPOS="1698"
                          HPOS="369"
                          CONTENT="vna"/>
                  <SP HEIGHT="71" WIDTH="16" VPOS="1698" HPOS="481"/>
                  <String HEIGHT="71"
                          WIDTH="111"
                          VPOS="1698"
                          HPOS="433"
                          CONTENT="cum"/>
                  <SP HEIGHT="71" WIDTH="16" VPOS="1698" HPOS="544"/>
                  <String HEIGHT="71"
                          WIDTH="175"
                          VPOS="1698"
                          HPOS="497"
                          CONTENT="actione"/>
                  <SP HEIGHT="71" WIDTH="16" VPOS="1698" HPOS="672"/>
                  <String HEIGHT="71"
                          WIDTH="159"
                          VPOS="1698"
                          HPOS="624"
                          CONTENT="formae"/>
                  <SP HEIGHT="71" WIDTH="16" VPOS="1698" HPOS="783"/>
                  <String HEIGHT="71"
                          WIDTH="159"
                          VPOS="1698"
                          HPOS="735"
                          CONTENT="carnis"/>
                  <SP HEIGHT="71" WIDTH="16" VPOS="1698" HPOS="895"/>
                  <String HEIGHT="71"
                          WIDTH="143"
                          VPOS="1698"
                          HPOS="847"
                          CONTENT="omnia"/>
                  <SP HEIGHT="71" WIDTH="16" VPOS="1698" HPOS="990"/>
                  <String HEIGHT="71"
                          WIDTH="223"
                          VPOS="1698"
                          HPOS="942"
                          CONTENT="accidentia"/>
                  <SP HEIGHT="71" WIDTH="16" VPOS="1698" HPOS="1165"/>
                  <String HEIGHT="71" WIDTH="96" VPOS="1698" HPOS="1117" CONTENT="vt"/>
                  <SP HEIGHT="71" WIDTH="16" VPOS="1698" HPOS="1213"/>
                  <String HEIGHT="71"
                          WIDTH="127"
                          VPOS="1698"
                          HPOS="1165"
                          CONTENT="sibi"/>
                  <SP HEIGHT="71" WIDTH="16" VPOS="1698" HPOS="1292"/>
                  <String HEIGHT="71"
                          WIDTH="127"
                          VPOS="1698"
                          HPOS="1245"
                          CONTENT="sint"/>
                  <SP HEIGHT="71" WIDTH="16" VPOS="1698" HPOS="1372"/>
                  <String HEIGHT="71"
                          WIDTH="287"
                          VPOS="1698"
                          HPOS="1324"
                          CONTENT="proportionalia"/>
                  <SP HEIGHT="71" WIDTH="16" VPOS="1698" HPOS="1611"/>
                  <String HEIGHT="71" WIDTH="80" VPOS="1698" HPOS="1563" CONTENT="&amp;"/>
                  <SP HEIGHT="71" WIDTH="16" VPOS="1698" HPOS="1643"/>
                  <String HEIGHT="71"
                          WIDTH="159"
                          VPOS="1698"
                          HPOS="1595"
                          CONTENT="formae"/>
                  <SP HEIGHT="71" WIDTH="16" VPOS="1698" HPOS="1754"/>
                  <String HEIGHT="71"
                          WIDTH="159"
                          VPOS="1698"
                          HPOS="1706"
                          CONTENT="carnis"/>
                  <SP HEIGHT="71" WIDTH="16" VPOS="1698" HPOS="1866"/>
                  <String HEIGHT="71"
                          WIDTH="191"
                          VPOS="1698"
                          HPOS="1818"
                          CONTENT="humanae."/>
                  <SP HEIGHT="71" WIDTH="16" VPOS="1698" HPOS="2009"/>
                  <String HEIGHT="71" WIDTH="32" VPOS="1698" HPOS="1945" CONTENT=""/>
               </TextLine>
               <TextLine ID="r2l30"
                         BASELINE="1809"
                         HEIGHT="60"
                         WIDTH="1771"
                         VPOS="1749"
                         HPOS="208">
                  <String HEIGHT="60"
                          WIDTH="111"
                          VPOS="1749"
                          HPOS="192"
                          CONTENT="ita"/>
                  <SP HEIGHT="60" WIDTH="16" VPOS="1749" HPOS="303"/>
                  <String HEIGHT="60"
                          WIDTH="127"
                          VPOS="1749"
                          HPOS="255"
                          CONTENT="quod"/>
                  <SP HEIGHT="60" WIDTH="16" VPOS="1749" HPOS="382"/>
                  <String HEIGHT="60"
                          WIDTH="111"
                          VPOS="1749"
                          HPOS="335"
                          CONTENT="cum"/>
                  <SP HEIGHT="60" WIDTH="16" VPOS="1749" HPOS="445"/>
                  <String HEIGHT="60"
                          WIDTH="221"
                          VPOS="1749"
                          HPOS="398"
                          CONTENT="superuenit"/>
                  <SP HEIGHT="60" WIDTH="16" VPOS="1749" HPOS="619"/>
                  <String HEIGHT="60"
                          WIDTH="206"
                          VPOS="1749"
                          HPOS="572"
                          CONTENT="alteratio"/>
                  <SP HEIGHT="60" WIDTH="16" VPOS="1749" HPOS="777"/>
                  <String HEIGHT="60"
                          WIDTH="206"
                          VPOS="1749"
                          HPOS="730"
                          CONTENT="contraria"/>
                  <SP HEIGHT="60" WIDTH="16" VPOS="1749" HPOS="935"/>
                  <String HEIGHT="60"
                          WIDTH="127"
                          VPOS="1749"
                          HPOS="888"
                          CONTENT="quae"/>
                  <SP HEIGHT="60" WIDTH="16" VPOS="1749" HPOS="1014"/>
                  <String HEIGHT="60"
                          WIDTH="142"
                          VPOS="1749"
                          HPOS="967"
                          CONTENT="habet"/>
                  <SP HEIGHT="60" WIDTH="16" VPOS="1749" HPOS="1109"/>
                  <String HEIGHT="60"
                          WIDTH="237"
                          VPOS="1749"
                          HPOS="1062"
                          CONTENT="naturaliter"/>
                  <SP HEIGHT="60" WIDTH="16" VPOS="1749" HPOS="1299"/>
                  <String HEIGHT="60"
                          WIDTH="221"
                          VPOS="1749"
                          HPOS="1252"
                          CONTENT="corrumpere"/>
                  <SP HEIGHT="60" WIDTH="16" VPOS="1749" HPOS="1473"/>
                  <String HEIGHT="60"
                          WIDTH="142"
                          VPOS="1749"
                          HPOS="1426"
                          CONTENT="illam"/>
                  <SP HEIGHT="60" WIDTH="16" VPOS="1749" HPOS="1568"/>
                  <String HEIGHT="60"
                          WIDTH="300"
                          VPOS="1749"
                          HPOS="1520"
                          CONTENT="determinationem"/>
                  <SP HEIGHT="60" WIDTH="16" VPOS="1749" HPOS="1821"/>
                  <String HEIGHT="60" WIDTH="79" VPOS="1749" HPOS="1773" CONTENT="&amp;"/>
                  <SP HEIGHT="60" WIDTH="16" VPOS="1749" HPOS="1853"/>
                  <String HEIGHT="60"
                          WIDTH="190"
                          VPOS="1749"
                          HPOS="1789"
                          CONTENT="appropria"
                          SUBS_TYPE="HypPart1"
                          SUBS_CONTENT="appropriationem"/>
                  <HYP CONTENT="-"/>
               </TextLine>
               <TextLine ID="r2l31"
                         BASELINE="1872"
                         HEIGHT="64"
                         WIDTH="1763"
                         VPOS="1808"
                         HPOS="206">
                  <String HEIGHT="64"
                          WIDTH="152"
                          VPOS="1808"
                          HPOS="191"
                          CONTENT="tionem"
                          SUBS_TYPE="HypPart2"
                          SUBS_CONTENT="appropriationem"/>
                  <SP HEIGHT="64" WIDTH="15" VPOS="1808" HPOS="343"/>
                  <String HEIGHT="64"
                          WIDTH="243"
                          VPOS="1808"
                          HPOS="297"
                          CONTENT="accidentium:"/>
                  <SP HEIGHT="64" WIDTH="15" VPOS="1808" HPOS="540"/>
                  <String HEIGHT="64"
                          WIDTH="137"
                          VPOS="1808"
                          HPOS="495"
                          CONTENT="sicut"/>
                  <SP HEIGHT="64" WIDTH="15" VPOS="1808" HPOS="632"/>
                  <String HEIGHT="64"
                          WIDTH="137"
                          VPOS="1808"
                          HPOS="586"
                          CONTENT="forma"/>
                  <SP HEIGHT="64" WIDTH="15" VPOS="1808" HPOS="723"/>
                  <String HEIGHT="64"
                          WIDTH="152"
                          VPOS="1808"
                          HPOS="677"
                          CONTENT="carnis"/>
                  <SP HEIGHT="64" WIDTH="15" VPOS="1808" HPOS="829"/>
                  <String HEIGHT="64" WIDTH="76" VPOS="1808" HPOS="784" CONTENT="&amp;"/>
                  <SP HEIGHT="64" WIDTH="15" VPOS="1808" HPOS="860"/>
                  <String HEIGHT="64"
                          WIDTH="152"
                          VPOS="1808"
                          HPOS="814"
                          CONTENT="animae"/>
                  <SP HEIGHT="64" WIDTH="15" VPOS="1808" HPOS="966"/>
                  <String HEIGHT="64"
                          WIDTH="258"
                          VPOS="1808"
                          HPOS="920"
                          CONTENT="intellectiuae"/>
                  <SP HEIGHT="64" WIDTH="15" VPOS="1808" HPOS="1179"/>
                  <String HEIGHT="64"
                          WIDTH="228"
                          VPOS="1808"
                          HPOS="1133"
                          CONTENT="naturaliter"/>
                  <SP HEIGHT="64" WIDTH="15" VPOS="1808" HPOS="1361"/>
                  <String HEIGHT="64"
                          WIDTH="137"
                          VPOS="1808"
                          HPOS="1315"
                          CONTENT="illam"/>
                  <SP HEIGHT="64" WIDTH="15" VPOS="1808" HPOS="1452"/>
                  <String HEIGHT="64"
                          WIDTH="152"
                          VPOS="1808"
                          HPOS="1407"
                          CONTENT="habent"/>
                  <SP HEIGHT="64" WIDTH="15" VPOS="1808" HPOS="1559"/>
                  <String HEIGHT="64"
                          WIDTH="182"
                          VPOS="1808"
                          HPOS="1513"
                          CONTENT="causare:"/>
                  <SP HEIGHT="64" WIDTH="15" VPOS="1808" HPOS="1695"/>
                  <String HEIGHT="64"
                          WIDTH="106"
                          VPOS="1808"
                          HPOS="1650"
                          CONTENT="nec"/>
                  <SP HEIGHT="64" WIDTH="15" VPOS="1808" HPOS="1756"/>
                  <String HEIGHT="64"
                          WIDTH="167"
                          VPOS="1808"
                          HPOS="1711"
                          CONTENT="possunt"/>
                  <SP HEIGHT="64" WIDTH="15" VPOS="1808" HPOS="1878"/>
                  <String HEIGHT="64"
                          WIDTH="152"
                          VPOS="1808"
                          HPOS="1817"
                          CONTENT="naturali"/>
               </TextLine>
               <TextLine ID="r2l32"
                         BASELINE="1917"
                         HEIGHT="61"
                         WIDTH="1771"
                         VPOS="1856"
                         HPOS="209">
                  <String HEIGHT="61"
                          WIDTH="108"
                          VPOS="1856"
                          HPOS="194"
                          CONTENT="ter"/>
                  <SP HEIGHT="61" WIDTH="15" VPOS="1856" HPOS="301"/>
                  <String HEIGHT="61"
                          WIDTH="123"
                          VPOS="1856"
                          HPOS="255"
                          CONTENT="esse"/>
                  <SP HEIGHT="61" WIDTH="15" VPOS="1856" HPOS="378"/>
                  <String HEIGHT="61" WIDTH="92" VPOS="1856" HPOS="332" CONTENT="in"/>
                  <SP HEIGHT="61" WIDTH="15" VPOS="1856" HPOS="425"/>
                  <String HEIGHT="61"
                          WIDTH="216"
                          VPOS="1856"
                          HPOS="378"
                          CONTENT="composito:"/>
                  <SP HEIGHT="61" WIDTH="15" VPOS="1856" HPOS="594"/>
                  <String HEIGHT="61"
                          WIDTH="139"
                          VPOS="1856"
                          HPOS="548"
                          CONTENT="neque"/>
                  <SP HEIGHT="61" WIDTH="15" VPOS="1856" HPOS="686"/>
                  <String HEIGHT="61" WIDTH="92" VPOS="1856" HPOS="640" CONTENT="ei"/>
                  <SP HEIGHT="61" WIDTH="15" VPOS="1856" HPOS="733"/>
                  <String HEIGHT="61"
                          WIDTH="231"
                          VPOS="1856"
                          HPOS="686"
                          CONTENT="naturaliter"/>
                  <SP HEIGHT="61" WIDTH="15" VPOS="1856" HPOS="917"/>
                  <String HEIGHT="61"
                          WIDTH="123"
                          VPOS="1856"
                          HPOS="871"
                          CONTENT="dare"/>
                  <SP HEIGHT="61" WIDTH="15" VPOS="1856" HPOS="994"/>
                  <String HEIGHT="61"
                          WIDTH="123"
                          VPOS="1856"
                          HPOS="948"
                          CONTENT="esse"/>
                  <SP HEIGHT="61" WIDTH="15" VPOS="1856" HPOS="1071"/>
                  <String HEIGHT="61"
                          WIDTH="123"
                          VPOS="1856"
                          HPOS="1025"
                          CONTENT="suum"/>
                  <SP HEIGHT="61" WIDTH="15" VPOS="1856" HPOS="1148"/>
                  <String HEIGHT="61"
                          WIDTH="185"
                          VPOS="1856"
                          HPOS="1102"
                          CONTENT="naturale"/>
                  <SP HEIGHT="61" WIDTH="15" VPOS="1856" HPOS="1287"/>
                  <String HEIGHT="61" WIDTH="92" VPOS="1856" HPOS="1241" CONTENT="in"/>
                  <SP HEIGHT="61" WIDTH="15" VPOS="1856" HPOS="1333"/>
                  <String HEIGHT="61"
                          WIDTH="169"
                          VPOS="1856"
                          HPOS="1287"
                          CONTENT="effectu"/>
                  <SP HEIGHT="61" WIDTH="15" VPOS="1856" HPOS="1456"/>
                  <String HEIGHT="61"
                          WIDTH="123"
                          VPOS="1856"
                          HPOS="1410"
                          CONTENT="sine"/>
                  <SP HEIGHT="61" WIDTH="15" VPOS="1856" HPOS="1533"/>
                  <String HEIGHT="61"
                          WIDTH="123"
                          VPOS="1856"
                          HPOS="1487"
                          CONTENT="illa"/>
                  <SP HEIGHT="61" WIDTH="15" VPOS="1856" HPOS="1610"/>
                  <String HEIGHT="61"
                          WIDTH="293"
                          VPOS="1856"
                          HPOS="1564"
                          CONTENT="determinatione:"/>
                  <SP HEIGHT="61" WIDTH="15" VPOS="1856" HPOS="1857"/>
                  <String HEIGHT="61"
                          WIDTH="108"
                          VPOS="1856"
                          HPOS="1811"
                          CONTENT="sic"/>
                  <SP HEIGHT="61" WIDTH="15" VPOS="1856" HPOS="1918"/>
                  <String HEIGHT="61"
                          WIDTH="123"
                          VPOS="1856"
                          HPOS="1857"
                          CONTENT="corru"
                          SUBS_TYPE="HypPart1"
                          SUBS_CONTENT="corrupta"/>
                  <HYP CONTENT="-"/>
               </TextLine>
               <TextLine ID="r2l33"
                         BASELINE="1983"
                         HEIGHT="70"
                         WIDTH="1776"
                         VPOS="1913"
                         HPOS="205">
                  <String HEIGHT="70"
                          WIDTH="111"
                          VPOS="1913"
                          HPOS="189"
                          CONTENT="pta"
                          SUBS_TYPE="HypPart2"
                          SUBS_CONTENT="corrupta"/>
                  <SP HEIGHT="70" WIDTH="16" VPOS="1913" HPOS="300"/>
                  <String HEIGHT="70"
                          WIDTH="127"
                          VPOS="1913"
                          HPOS="253"
                          CONTENT="illa"/>
                  <SP HEIGHT="70" WIDTH="16" VPOS="1913" HPOS="379"/>
                  <String HEIGHT="70"
                          WIDTH="285"
                          VPOS="1913"
                          HPOS="332"
                          CONTENT="determinatione"/>
                  <SP HEIGHT="70" WIDTH="16" VPOS="1913" HPOS="617"/>
                  <String HEIGHT="70"
                          WIDTH="174"
                          VPOS="1913"
                          HPOS="570"
                          CONTENT="necesse"/>
                  <SP HEIGHT="70" WIDTH="16" VPOS="1913" HPOS="744"/>
                  <String HEIGHT="70"
                          WIDTH="111"
                          VPOS="1913"
                          HPOS="697"
                          CONTENT="est"/>
                  <SP HEIGHT="70" WIDTH="16" VPOS="1913" HPOS="808"/>
                  <String HEIGHT="70"
                          WIDTH="238"
                          VPOS="1913"
                          HPOS="760"
                          CONTENT="naturaliter"/>
                  <SP HEIGHT="70" WIDTH="16" VPOS="1913" HPOS="998"/>
                  <String HEIGHT="70"
                          WIDTH="190"
                          VPOS="1913"
                          HPOS="950"
                          CONTENT="corrumpi"/>
                  <SP HEIGHT="70" WIDTH="16" VPOS="1913" HPOS="1141"/>
                  <String HEIGHT="70"
                          WIDTH="143"
                          VPOS="1913"
                          HPOS="1093"
                          CONTENT="illam"/>
                  <SP HEIGHT="70" WIDTH="16" VPOS="1913" HPOS="1236"/>
                  <String HEIGHT="70"
                          WIDTH="159"
                          VPOS="1913"
                          HPOS="1188"
                          CONTENT="formam"/>
                  <SP HEIGHT="70" WIDTH="16" VPOS="1913" HPOS="1347"/>
                  <String HEIGHT="70"
                          WIDTH="174"
                          VPOS="1913"
                          HPOS="1299"
                          CONTENT="carnis,"/>
                  <SP HEIGHT="70" WIDTH="16" VPOS="1913" HPOS="1474"/>
                  <String HEIGHT="70" WIDTH="79" VPOS="1913" HPOS="1426" CONTENT="&amp;"/>
                  <SP HEIGHT="70" WIDTH="16" VPOS="1913" HPOS="1505"/>
                  <String HEIGHT="70"
                          WIDTH="159"
                          VPOS="1913"
                          HPOS="1458"
                          CONTENT="animam"/>
                  <SP HEIGHT="70" WIDTH="16" VPOS="1913" HPOS="1616"/>
                  <String HEIGHT="70"
                          WIDTH="270"
                          VPOS="1913"
                          HPOS="1569"
                          CONTENT="intellectiuam"/>
                  <SP HEIGHT="70" WIDTH="16" VPOS="1913" HPOS="1838"/>
                  <String HEIGHT="70"
                          WIDTH="190"
                          VPOS="1913"
                          HPOS="1791"
                          CONTENT="separari"/>
                  <SP HEIGHT="70" WIDTH="16" VPOS="1913" HPOS="1981"/>
                  <String HEIGHT="70" WIDTH="63" VPOS="1913" HPOS="1918" CONTENT="si"/>
               </TextLine>
               <TextLine ID="r2l34"
                         BASELINE="2038"
                         HEIGHT="68"
                         WIDTH="1756"
                         VPOS="1970"
                         HPOS="213">
                  <String HEIGHT="68"
                          WIDTH="108"
                          VPOS="1970"
                          HPOS="198"
                          CONTENT="cut"/>
                  <SP HEIGHT="68" WIDTH="15" VPOS="1970" HPOS="305"/>
                  <String HEIGHT="68" WIDTH="77" VPOS="1970" HPOS="259" CONTENT="a"/>
                  <SP HEIGHT="68" WIDTH="15" VPOS="1970" HPOS="336"/>
                  <String HEIGHT="68"
                          WIDTH="185"
                          VPOS="1970"
                          HPOS="290"
                          CONTENT="subiecto"/>
                  <SP HEIGHT="68" WIDTH="15" VPOS="1970" HPOS="475"/>
                  <String HEIGHT="68"
                          WIDTH="123"
                          VPOS="1970"
                          HPOS="429"
                          CONTENT="sibi"/>
                  <SP HEIGHT="68" WIDTH="15" VPOS="1970" HPOS="552"/>
                  <String HEIGHT="68"
                          WIDTH="308"
                          VPOS="1970"
                          HPOS="506"
                          CONTENT="improportionali:"/>
                  <SP HEIGHT="68" WIDTH="15" VPOS="1970" HPOS="814"/>
                  <String HEIGHT="68" WIDTH="77" VPOS="1970" HPOS="768" CONTENT="&amp;"/>
                  <SP HEIGHT="68" WIDTH="15" VPOS="1970" HPOS="845"/>
                  <String HEIGHT="68"
                          WIDTH="154"
                          VPOS="1970"
                          HPOS="798"
                          CONTENT="inepto"/>
                  <SP HEIGHT="68" WIDTH="15" VPOS="1970" HPOS="952"/>
                  <String HEIGHT="68" WIDTH="92" VPOS="1970" HPOS="906" CONTENT="ad"/>
                  <SP HEIGHT="68" WIDTH="15" VPOS="1970" HPOS="999"/>
                  <String HEIGHT="68"
                          WIDTH="185"
                          VPOS="1970"
                          HPOS="952"
                          CONTENT="propriam"/>
                  <SP HEIGHT="68" WIDTH="15" VPOS="1970" HPOS="1137"/>
                  <String HEIGHT="68"
                          WIDTH="231"
                          VPOS="1970"
                          HPOS="1091"
                          CONTENT="operationem"/>
                  <SP HEIGHT="68" WIDTH="15" VPOS="1970" HPOS="1322"/>
                  <String HEIGHT="68"
                          WIDTH="169"
                          VPOS="1970"
                          HPOS="1276"
                          CONTENT="humanam"/>
                  <SP HEIGHT="68" WIDTH="15" VPOS="1970" HPOS="1445"/>
                  <String HEIGHT="68"
                          WIDTH="216"
                          VPOS="1970"
                          HPOS="1399"
                          CONTENT="exercendam"/>
                  <SP HEIGHT="68" WIDTH="15" VPOS="1970" HPOS="1615"/>
                  <String HEIGHT="68" WIDTH="92" VPOS="1970" HPOS="1569" CONTENT="in"/>
                  <SP HEIGHT="68" WIDTH="15" VPOS="1970" HPOS="1661"/>
                  <String HEIGHT="68"
                          WIDTH="139"
                          VPOS="1970"
                          HPOS="1615"
                          CONTENT="ipso."/>
                  <SP HEIGHT="68" WIDTH="15" VPOS="1970" HPOS="1753"/>
                  <String HEIGHT="68"
                          WIDTH="123"
                          VPOS="1970"
                          HPOS="1707"
                          CONTENT="Vnde"/>
                  <SP HEIGHT="68" WIDTH="15" VPOS="1970" HPOS="1830"/>
                  <String HEIGHT="68"
                          WIDTH="169"
                          VPOS="1970"
                          HPOS="1784"
                          CONTENT="dicitur"/>
                  <SP HEIGHT="68" WIDTH="15" VPOS="1970" HPOS="1954"/>
                  <String HEIGHT="68" WIDTH="92" VPOS="1970" HPOS="1907" CONTENT="in"/>
                  <SP HEIGHT="68" WIDTH="15" VPOS="1970" HPOS="2000"/>
                  <String HEIGHT="68" WIDTH="31" VPOS="1970" HPOS="1938" CONTENT=""/>
               </TextLine>
               <TextLine ID="r2l35"
                         BASELINE="2091"
                         HEIGHT="73"
                         WIDTH="1774"
                         VPOS="2018"
                         HPOS="204">
                  <String HEIGHT="73"
                          WIDTH="141"
                          VPOS="2018"
                          HPOS="188"
                          CONTENT="libro"/>
                  <SP HEIGHT="73" WIDTH="16" VPOS="2018" HPOS="330"/>
                  <String HEIGHT="73" WIDTH="94" VPOS="2018" HPOS="282" CONTENT="de"/>
                  <SP HEIGHT="73" WIDTH="16" VPOS="2018" HPOS="377"/>
                  <String HEIGHT="73"
                          WIDTH="173"
                          VPOS="2018"
                          HPOS="330"
                          CONTENT="spiritu"/>
                  <SP HEIGHT="73" WIDTH="16" VPOS="2018" HPOS="502"/>
                  <String HEIGHT="73" WIDTH="78" VPOS="2018" HPOS="455" CONTENT="&amp;"/>
                  <SP HEIGHT="73" WIDTH="16" VPOS="2018" HPOS="534"/>
                  <String HEIGHT="73"
                          WIDTH="157"
                          VPOS="2018"
                          HPOS="487"
                          CONTENT="anima."/>
                  <SP HEIGHT="73" WIDTH="16" VPOS="2018" HPOS="644"/>
                  <String HEIGHT="73"
                          WIDTH="173"
                          VPOS="2018"
                          HPOS="596"
                          CONTENT="Humanum"/>
                  <SP HEIGHT="73" WIDTH="16" VPOS="2018" HPOS="769"/>
                  <String HEIGHT="73"
                          WIDTH="173"
                          VPOS="2018"
                          HPOS="722"
                          CONTENT="corpus,"/>
                  <SP HEIGHT="73" WIDTH="16" VPOS="2018" HPOS="895"/>
                  <String HEIGHT="73"
                          WIDTH="110"
                          VPOS="2018"
                          HPOS="848"
                          CONTENT="nec"/>
                  <SP HEIGHT="73" WIDTH="16" VPOS="2018" HPOS="958"/>
                  <String HEIGHT="73"
                          WIDTH="173"
                          VPOS="2018"
                          HPOS="910"
                          CONTENT="viuere,"/>
                  <SP HEIGHT="73" WIDTH="16" VPOS="2018" HPOS="1083"/>
                  <String HEIGHT="73"
                          WIDTH="110"
                          VPOS="2018"
                          HPOS="1036"
                          CONTENT="nec"/>
                  <SP HEIGHT="73" WIDTH="16" VPOS="2018" HPOS="1146"/>
                  <String HEIGHT="73"
                          WIDTH="141"
                          VPOS="2018"
                          HPOS="1099"
                          CONTENT="nasci"/>
                  <SP HEIGHT="73" WIDTH="16" VPOS="2018" HPOS="1240"/>
                  <String HEIGHT="73"
                          WIDTH="126"
                          VPOS="2018"
                          HPOS="1193"
                          CONTENT="sine"/>
                  <SP HEIGHT="73" WIDTH="16" VPOS="2018" HPOS="1319"/>
                  <String HEIGHT="73"
                          WIDTH="204"
                          VPOS="2018"
                          HPOS="1272"
                          CONTENT="rationali"/>
                  <SP HEIGHT="73" WIDTH="16" VPOS="2018" HPOS="1476"/>
                  <String HEIGHT="73"
                          WIDTH="141"
                          VPOS="2018"
                          HPOS="1429"
                          CONTENT="anima"/>
                  <SP HEIGHT="73" WIDTH="16" VPOS="2018" HPOS="1570"/>
                  <String HEIGHT="73"
                          WIDTH="173"
                          VPOS="2018"
                          HPOS="1523"
                          CONTENT="potest:"/>
                  <SP HEIGHT="73" WIDTH="16" VPOS="2018" HPOS="1695"/>
                  <String HEIGHT="73"
                          WIDTH="204"
                          VPOS="2018"
                          HPOS="1648"
                          CONTENT="vegetatur"/>
                  <SP HEIGHT="73" WIDTH="16" VPOS="2018" HPOS="1852"/>
                  <String HEIGHT="73"
                          WIDTH="141"
                          VPOS="2018"
                          HPOS="1805"
                          CONTENT="tamen"/>
                  <SP HEIGHT="73" WIDTH="16" VPOS="2018" HPOS="1947"/>
                  <String HEIGHT="73" WIDTH="78" VPOS="2018" HPOS="1900" CONTENT="&amp;"/>
                  <SP HEIGHT="73" WIDTH="16" VPOS="2018" HPOS="1978"/>
                  <String HEIGHT="73" WIDTH="63" VPOS="2018" HPOS="1915" CONTENT="mo"/>
               </TextLine>
               <TextLine ID="r2l36"
                         BASELINE="2129"
                         HEIGHT="54"
                         WIDTH="1765"
                         VPOS="2075"
                         HPOS="211">
                  <String HEIGHT="54"
                          WIDTH="146"
                          VPOS="2075"
                          HPOS="195"
                          CONTENT="uetur"/>
                  <SP HEIGHT="54" WIDTH="16" VPOS="2075" HPOS="341"/>
                  <String HEIGHT="54" WIDTH="81" VPOS="2075" HPOS="292" CONTENT="&amp;"/>
                  <SP HEIGHT="54" WIDTH="16" VPOS="2075" HPOS="373"/>
                  <String HEIGHT="54"
                          WIDTH="178"
                          VPOS="2075"
                          HPOS="324"
                          CONTENT="humanam"/>
                  <SP HEIGHT="54" WIDTH="16" VPOS="2075" HPOS="502"/>
                  <String HEIGHT="54"
                          WIDTH="162"
                          VPOS="2075"
                          HPOS="454"
                          CONTENT="formam"/>
                  <SP HEIGHT="54" WIDTH="16" VPOS="2075" HPOS="616"/>
                  <String HEIGHT="54" WIDTH="97" VPOS="2075" HPOS="567" CONTENT="in"/>
                  <SP HEIGHT="54" WIDTH="16" VPOS="2075" HPOS="664"/>
                  <String HEIGHT="54"
                          WIDTH="146"
                          VPOS="2075"
                          HPOS="616"
                          CONTENT="vtero"/>
                  <SP HEIGHT="54" WIDTH="16" VPOS="2075" HPOS="762"/>
                  <String HEIGHT="54"
                          WIDTH="178"
                          VPOS="2075"
                          HPOS="713"
                          CONTENT="recipit"/>
                  <SP HEIGHT="54" WIDTH="16" VPOS="2075" HPOS="891"/>
                  <String HEIGHT="54"
                          WIDTH="211"
                          VPOS="2075"
                          HPOS="843"
                          CONTENT="priusquam"/>
                  <SP HEIGHT="54" WIDTH="16" VPOS="2075" HPOS="1053"/>
                  <String HEIGHT="54"
                          WIDTH="227"
                          VPOS="2075"
                          HPOS="1004"
                          CONTENT="rationalem"/>
                  <SP HEIGHT="54" WIDTH="16" VPOS="2075" HPOS="1231"/>
                  <String HEIGHT="54"
                          WIDTH="162"
                          VPOS="2075"
                          HPOS="1183"
                          CONTENT="animam"/>
                  <SP HEIGHT="54" WIDTH="16" VPOS="2075" HPOS="1344"/>
                  <String HEIGHT="54"
                          WIDTH="211"
                          VPOS="2075"
                          HPOS="1296"
                          CONTENT="accipiat."/>
                  <SP HEIGHT="54" WIDTH="16" VPOS="2075" HPOS="1506"/>
                  <String HEIGHT="54"
                          WIDTH="259"
                          VPOS="2075"
                          HPOS="1458"
                          CONTENT="Vegetationem"/>
                  <SP HEIGHT="54" WIDTH="16" VPOS="2075" HPOS="1717"/>
                  <String HEIGHT="54"
                          WIDTH="113"
                          VPOS="2075"
                          HPOS="1668"
                          CONTENT="hic"/>
                  <SP HEIGHT="54" WIDTH="16" VPOS="2075" HPOS="1782"/>
                  <String HEIGHT="54"
                          WIDTH="194"
                          VPOS="2075"
                          HPOS="1733"
                          CONTENT="appellat"/>
                  <SP HEIGHT="54" WIDTH="16" VPOS="2075" HPOS="1927"/>
                  <String HEIGHT="54" WIDTH="81" VPOS="2075" HPOS="1879" CONTENT="&amp;"/>
                  <SP HEIGHT="54" WIDTH="16" VPOS="2075" HPOS="1960"/>
                  <String HEIGHT="54"
                          WIDTH="81"
                          VPOS="2075"
                          HPOS="1895"
                          CONTENT="mo"
                          SUBS_TYPE="HypPart1"
                          SUBS_CONTENT="motum"/>
                  <HYP CONTENT="-"/>
               </TextLine>
               <TextLine ID="r2l37"
                         BASELINE="2193"
                         HEIGHT="64"
                         WIDTH="1767"
                         VPOS="2129"
                         HPOS="207">
                  <String HEIGHT="64"
                          WIDTH="115"
                          VPOS="2129"
                          HPOS="191"
                          CONTENT="tum"
                          SUBS_TYPE="HypPart2"
                          SUBS_CONTENT="motum"/>
                  <SP HEIGHT="64" WIDTH="16" VPOS="2129" HPOS="305"/>
                  <String HEIGHT="64" WIDTH="82" VPOS="2129" HPOS="256" CONTENT="&amp;"/>
                  <SP HEIGHT="64" WIDTH="16" VPOS="2129" HPOS="338"/>
                  <String HEIGHT="64"
                          WIDTH="229"
                          VPOS="2129"
                          HPOS="289"
                          CONTENT="crementum,"/>
                  <SP HEIGHT="64" WIDTH="16" VPOS="2129" HPOS="518"/>
                  <String HEIGHT="64"
                          WIDTH="311"
                          VPOS="2129"
                          HPOS="469"
                          CONTENT="transmutationem"/>
                  <SP HEIGHT="64" WIDTH="16" VPOS="2129" HPOS="780"/>
                  <String HEIGHT="64"
                          WIDTH="262"
                          VPOS="2129"
                          HPOS="731"
                          CONTENT="alterationis"/>
                  <SP HEIGHT="64" WIDTH="16" VPOS="2129" HPOS="992"/>
                  <String HEIGHT="64"
                          WIDTH="115"
                          VPOS="2129"
                          HPOS="943"
                          CONTENT="qua"/>
                  <SP HEIGHT="64" WIDTH="16" VPOS="2129" HPOS="1058"/>
                  <String HEIGHT="64"
                          WIDTH="262"
                          VPOS="2129"
                          HPOS="1009"
                          CONTENT="corporaliter"/>
                  <SP HEIGHT="64" WIDTH="16" VPOS="2129" HPOS="1270"/>
                  <String HEIGHT="64"
                          WIDTH="213"
                          VPOS="2129"
                          HPOS="1221"
                          CONTENT="figuratur"/>
                  <SP HEIGHT="64" WIDTH="16" VPOS="2129" HPOS="1434"/>
                  <String HEIGHT="64"
                          WIDTH="164"
                          VPOS="2129"
                          HPOS="1385"
                          CONTENT="sperma"/>
                  <SP HEIGHT="64" WIDTH="16" VPOS="2129" HPOS="1549"/>
                  <String HEIGHT="64" WIDTH="82" VPOS="2129" HPOS="1500" CONTENT="&amp;"/>
                  <SP HEIGHT="64" WIDTH="16" VPOS="2129" HPOS="1581"/>
                  <String HEIGHT="64"
                          WIDTH="311"
                          VPOS="2129"
                          HPOS="1532"
                          CONTENT="complexionatur:"/>
                  <SP HEIGHT="64" WIDTH="16" VPOS="2129" HPOS="1843"/>
                  <String HEIGHT="64" WIDTH="98" VPOS="2129" HPOS="1794" CONTENT="vt"/>
                  <SP HEIGHT="64" WIDTH="16" VPOS="2129" HPOS="1892"/>
                  <String HEIGHT="64"
                          WIDTH="131"
                          VPOS="2129"
                          HPOS="1843"
                          CONTENT="fiat"/>
                  <SP HEIGHT="64" WIDTH="16" VPOS="2129" HPOS="1974"/>
                  <String HEIGHT="64" WIDTH="65" VPOS="2129" HPOS="1909" CONTENT="ma"/>
               </TextLine>
               <TextLine ID="r2l38"
                         BASELINE="2238"
                         HEIGHT="54"
                         WIDTH="1765"
                         VPOS="2184"
                         HPOS="212">
                  <String HEIGHT="54"
                          WIDTH="163"
                          VPOS="2184"
                          HPOS="196"
                          CONTENT="teria:"/>
                  <SP HEIGHT="54" WIDTH="16" VPOS="2184" HPOS="359"/>
                  <String HEIGHT="54"
                          WIDTH="131"
                          VPOS="2184"
                          HPOS="310"
                          CONTENT="quae"/>
                  <SP HEIGHT="54" WIDTH="16" VPOS="2184" HPOS="441"/>
                  <String HEIGHT="54"
                          WIDTH="114"
                          VPOS="2184"
                          HPOS="392"
                          CONTENT="est"/>
                  <SP HEIGHT="54" WIDTH="16" VPOS="2184" HPOS="506"/>
                  <String HEIGHT="54"
                          WIDTH="229"
                          VPOS="2184"
                          HPOS="457"
                          CONTENT="necessitas"/>
                  <SP HEIGHT="54" WIDTH="16" VPOS="2184" HPOS="686"/>
                  <String HEIGHT="54" WIDTH="98" VPOS="2184" HPOS="637" CONTENT="vt"/>
                  <SP HEIGHT="54" WIDTH="16" VPOS="2184" HPOS="735"/>
                  <String HEIGHT="54"
                          WIDTH="147"
                          VPOS="2184"
                          HPOS="686"
                          CONTENT="prius"/>
                  <SP HEIGHT="54" WIDTH="16" VPOS="2184" HPOS="833"/>
                  <String HEIGHT="54"
                          WIDTH="163"
                          VPOS="2184"
                          HPOS="784"
                          CONTENT="natura"/>
                  <SP HEIGHT="54" WIDTH="16" VPOS="2184" HPOS="947"/>
                  <String HEIGHT="54"
                          WIDTH="147"
                          VPOS="2184"
                          HPOS="898"
                          CONTENT="licet"/>
                  <SP HEIGHT="54" WIDTH="16" VPOS="2184" HPOS="1045"/>
                  <String HEIGHT="54"
                          WIDTH="114"
                          VPOS="2184"
                          HPOS="996"
                          CONTENT="non"/>
                  <SP HEIGHT="54" WIDTH="16" VPOS="2184" HPOS="1111"/>
                  <String HEIGHT="54"
                          WIDTH="180"
                          VPOS="2184"
                          HPOS="1062"
                          CONTENT="tempore"/>
                  <SP HEIGHT="54" WIDTH="16" VPOS="2184" HPOS="1242"/>
                  <String HEIGHT="54"
                          WIDTH="196"
                          VPOS="2184"
                          HPOS="1193"
                          CONTENT="recipiat"/>
                  <SP HEIGHT="54" WIDTH="16" VPOS="2184" HPOS="1389"/>
                  <String HEIGHT="54" WIDTH="98" VPOS="2184" HPOS="1340" CONTENT="in"/>
                  <SP HEIGHT="54" WIDTH="16" VPOS="2184" HPOS="1438"/>
                  <String HEIGHT="54"
                          WIDTH="147"
                          VPOS="2184"
                          HPOS="1389"
                          CONTENT="vtero"/>
                  <SP HEIGHT="54" WIDTH="16" VPOS="2184" HPOS="1536"/>
                  <String HEIGHT="54"
                          WIDTH="163"
                          VPOS="2184"
                          HPOS="1487"
                          CONTENT="formam"/>
                  <SP HEIGHT="54" WIDTH="16" VPOS="2184" HPOS="1650"/>
                  <String HEIGHT="54"
                          WIDTH="163"
                          VPOS="2184"
                          HPOS="1601"
                          CONTENT="carnis"/>
                  <SP HEIGHT="54" WIDTH="16" VPOS="2184" HPOS="1765"/>
                  <String HEIGHT="54"
                          WIDTH="196"
                          VPOS="2184"
                          HPOS="1716"
                          CONTENT="humanae:"/>
                  <SP HEIGHT="54" WIDTH="16" VPOS="2184" HPOS="1912"/>
                  <String HEIGHT="54" WIDTH="82" VPOS="2184" HPOS="1863" CONTENT="&amp;"/>
                  <SP HEIGHT="54" WIDTH="16" VPOS="2184" HPOS="1944"/>
                  <String HEIGHT="54"
                          WIDTH="98"
                          VPOS="2184"
                          HPOS="1879"
                          CONTENT="tunc"/>
               </TextLine>
               <TextLine ID="r2l39"
                         BASELINE="2300"
                         HEIGHT="62"
                         WIDTH="1758"
                         VPOS="2238"
                         HPOS="211">
                  <String HEIGHT="62"
                          WIDTH="136"
                          VPOS="2238"
                          HPOS="196"
                          CONTENT="simul"/>
                  <SP HEIGHT="62" WIDTH="15" VPOS="2238" HPOS="332"/>
                  <String HEIGHT="62" WIDTH="91" VPOS="2238" HPOS="287" CONTENT="in"/>
                  <SP HEIGHT="62" WIDTH="15" VPOS="2238" HPOS="378"/>
                  <String HEIGHT="62"
                          WIDTH="136"
                          VPOS="2238"
                          HPOS="332"
                          CONTENT="eodem"/>
                  <SP HEIGHT="62" WIDTH="15" VPOS="2238" HPOS="469"/>
                  <String HEIGHT="62"
                          WIDTH="182"
                          VPOS="2238"
                          HPOS="423"
                          CONTENT="instanti"/>
                  <SP HEIGHT="62" WIDTH="15" VPOS="2238" HPOS="605"/>
                  <String HEIGHT="62"
                          WIDTH="182"
                          VPOS="2238"
                          HPOS="560"
                          CONTENT="temporis"/>
                  <SP HEIGHT="62" WIDTH="15" VPOS="2238" HPOS="741"/>
                  <String HEIGHT="62"
                          WIDTH="182"
                          VPOS="2238"
                          HPOS="696"
                          CONTENT="accipiat"/>
                  <SP HEIGHT="62" WIDTH="15" VPOS="2238" HPOS="878"/>
                  <String HEIGHT="62"
                          WIDTH="152"
                          VPOS="2238"
                          HPOS="832"
                          CONTENT="animam"/>
                  <SP HEIGHT="62" WIDTH="15" VPOS="2238" HPOS="984"/>
                  <String HEIGHT="62"
                          WIDTH="227"
                          VPOS="2238"
                          HPOS="938"
                          CONTENT="rationalem:"/>
                  <SP HEIGHT="62" WIDTH="15" VPOS="2238" HPOS="1166"/>
                  <String HEIGHT="62"
                          WIDTH="121"
                          VPOS="2238"
                          HPOS="1120"
                          CONTENT="quae"/>
                  <SP HEIGHT="62" WIDTH="15" VPOS="2238" HPOS="1242"/>
                  <String HEIGHT="62"
                          WIDTH="136"
                          VPOS="2238"
                          HPOS="1196"
                          CONTENT="simul"/>
                  <SP HEIGHT="62" WIDTH="15" VPOS="2238" HPOS="1332"/>
                  <String HEIGHT="62"
                          WIDTH="106"
                          VPOS="2238"
                          HPOS="1287"
                          CONTENT="cum"/>
                  <SP HEIGHT="62" WIDTH="15" VPOS="2238" HPOS="1393"/>
                  <String HEIGHT="62"
                          WIDTH="136"
                          VPOS="2238"
                          HPOS="1348"
                          CONTENT="forma"/>
                  <SP HEIGHT="62" WIDTH="15" VPOS="2238" HPOS="1484"/>
                  <String HEIGHT="62"
                          WIDTH="152"
                          VPOS="2238"
                          HPOS="1439"
                          CONTENT="carnis"/>
                  <SP HEIGHT="62" WIDTH="15" VPOS="2238" HPOS="1590"/>
                  <String HEIGHT="62"
                          WIDTH="182"
                          VPOS="2238"
                          HPOS="1545"
                          CONTENT="terminat"/>
                  <SP HEIGHT="62" WIDTH="15" VPOS="2238" HPOS="1727"/>
                  <String HEIGHT="62"
                          WIDTH="136"
                          VPOS="2238"
                          HPOS="1681"
                          CONTENT="omnia"/>
                  <SP HEIGHT="62" WIDTH="15" VPOS="2238" HPOS="1817"/>
                  <String HEIGHT="62"
                          WIDTH="212"
                          VPOS="2238"
                          HPOS="1772"
                          CONTENT="accidentia"/>
                  <SP HEIGHT="62" WIDTH="15" VPOS="2238" HPOS="1984"/>
                  <String HEIGHT="62" WIDTH="45" VPOS="2238" HPOS="1924" CONTENT="&amp;"/>
               </TextLine>
               <TextLine ID="r2l40"
                         BASELINE="2359"
                         HEIGHT="68"
                         WIDTH="1774"
                         VPOS="2291"
                         HPOS="205">
                  <String HEIGHT="68"
                          WIDTH="270"
                          VPOS="2291"
                          HPOS="188"
                          CONTENT="figurationis"/>
                  <SP HEIGHT="68" WIDTH="17" VPOS="2291" HPOS="458"/>
                  <String HEIGHT="68" WIDTH="84" VPOS="2291" HPOS="408" CONTENT="&amp;"/>
                  <SP HEIGHT="68" WIDTH="17" VPOS="2291" HPOS="492"/>
                  <String HEIGHT="68"
                          WIDTH="304"
                          VPOS="2291"
                          HPOS="442"
                          CONTENT="coniunctionis:"/>
                  <SP HEIGHT="68" WIDTH="17" VPOS="2291" HPOS="746"/>
                  <String HEIGHT="68" WIDTH="84" VPOS="2291" HPOS="695" CONTENT="&amp;"/>
                  <SP HEIGHT="68" WIDTH="17" VPOS="2291" HPOS="779"/>
                  <String HEIGHT="68"
                          WIDTH="135"
                          VPOS="2291"
                          HPOS="729"
                          CONTENT="tunc"/>
                  <SP HEIGHT="68" WIDTH="17" VPOS="2291" HPOS="864"/>
                  <String HEIGHT="68"
                          WIDTH="152"
                          VPOS="2291"
                          HPOS="813"
                          CONTENT="anima"/>
                  <SP HEIGHT="68" WIDTH="17" VPOS="2291" HPOS="965"/>
                  <String HEIGHT="68"
                          WIDTH="135"
                          VPOS="2291"
                          HPOS="915"
                          CONTENT="ipsa"/>
                  <SP HEIGHT="68" WIDTH="17" VPOS="2291" HPOS="1050"/>
                  <String HEIGHT="68"
                          WIDTH="152"
                          VPOS="2291"
                          HPOS="999"
                          CONTENT="simul"/>
                  <SP HEIGHT="68" WIDTH="17" VPOS="2291" HPOS="1151"/>
                  <String HEIGHT="68"
                          WIDTH="203"
                          VPOS="2291"
                          HPOS="1100"
                          CONTENT="infundit"/>
                  <SP HEIGHT="68" WIDTH="17" VPOS="2291" HPOS="1303"/>
                  <String HEIGHT="68"
                          WIDTH="186"
                          VPOS="2291"
                          HPOS="1253"
                          CONTENT="corpori"/>
                  <SP HEIGHT="68" WIDTH="17" VPOS="2291" HPOS="1438"/>
                  <String HEIGHT="68"
                          WIDTH="169"
                          VPOS="2291"
                          HPOS="1388"
                          CONTENT="humano"/>
                  <SP HEIGHT="68" WIDTH="17" VPOS="2291" HPOS="1557"/>
                  <String HEIGHT="68"
                          WIDTH="220"
                          VPOS="2291"
                          HPOS="1506"
                          CONTENT="composito"/>
                  <SP HEIGHT="68" WIDTH="17" VPOS="2291" HPOS="1726"/>
                  <String HEIGHT="68"
                          WIDTH="101"
                          VPOS="2291"
                          HPOS="1675"
                          CONTENT="ex"/>
                  <SP HEIGHT="68" WIDTH="17" VPOS="2291" HPOS="1776"/>
                  <String HEIGHT="68"
                          WIDTH="186"
                          VPOS="2291"
                          HPOS="1726"
                          CONTENT="materia"/>
                  <SP HEIGHT="68" WIDTH="17" VPOS="2291" HPOS="1911"/>
                  <String HEIGHT="68" WIDTH="84" VPOS="2291" HPOS="1861" CONTENT="&amp;"/>
                  <SP HEIGHT="68" WIDTH="17" VPOS="2291" HPOS="1945"/>
                  <String HEIGHT="68"
                          WIDTH="101"
                          VPOS="2291"
                          HPOS="1878"
                          CONTENT="for"
                          SUBS_TYPE="HypPart1"
                          SUBS_CONTENT="forma"/>
                  <HYP CONTENT="-"/>
               </TextLine>
               <TextLine ID="r2l41"
                         BASELINE="2416"
                         HEIGHT="75"
                         WIDTH="1758"
                         VPOS="2341"
                         HPOS="208">
                  <String HEIGHT="75"
                          WIDTH="104"
                          VPOS="2341"
                          HPOS="191"
                          CONTENT="ma"
                          SUBS_TYPE="HypPart2"
                          SUBS_CONTENT="forma"/>
                  <SP HEIGHT="75" WIDTH="17" VPOS="2341" HPOS="295"/>
                  <String HEIGHT="75"
                          WIDTH="191"
                          VPOS="2341"
                          HPOS="243"
                          CONTENT="humanae"/>
                  <SP HEIGHT="75" WIDTH="17" VPOS="2341" HPOS="434"/>
                  <String HEIGHT="75"
                          WIDTH="191"
                          VPOS="2341"
                          HPOS="382"
                          CONTENT="carnis,"/>
                  <SP HEIGHT="75" WIDTH="17" VPOS="2341" HPOS="574"/>
                  <String HEIGHT="75"
                          WIDTH="157"
                          VPOS="2341"
                          HPOS="521"
                          CONTENT="vitam"/>
                  <SP HEIGHT="75" WIDTH="17" VPOS="2341" HPOS="678"/>
                  <String HEIGHT="75"
                          WIDTH="244"
                          VPOS="2341"
                          HPOS="626"
                          CONTENT="vegetandi:"/>
                  <SP HEIGHT="75" WIDTH="17" VPOS="2341" HPOS="869"/>
                  <String HEIGHT="75"
                          WIDTH="139"
                          VPOS="2341"
                          HPOS="817"
                          CONTENT="quia"/>
                  <SP HEIGHT="75" WIDTH="17" VPOS="2341" HPOS="956"/>
                  <String HEIGHT="75"
                          WIDTH="139"
                          VPOS="2341"
                          HPOS="904"
                          CONTENT="tunc"/>
                  <SP HEIGHT="75" WIDTH="17" VPOS="2341" HPOS="1043"/>
                  <String HEIGHT="75"
                          WIDTH="157"
                          VPOS="2341"
                          HPOS="991"
                          CONTENT="primo"/>
                  <SP HEIGHT="75" WIDTH="17" VPOS="2341" HPOS="1148"/>
                  <String HEIGHT="75"
                          WIDTH="139"
                          VPOS="2341"
                          HPOS="1096"
                          CONTENT="vnum"/>
                  <SP HEIGHT="75" WIDTH="17" VPOS="2341" HPOS="1235"/>
                  <String HEIGHT="75"
                          WIDTH="226"
                          VPOS="2341"
                          HPOS="1183"
                          CONTENT="augmentum"/>
                  <SP HEIGHT="75" WIDTH="17" VPOS="2341" HPOS="1409"/>
                  <String HEIGHT="75"
                          WIDTH="191"
                          VPOS="2341"
                          HPOS="1357"
                          CONTENT="accipit"/>
                  <SP HEIGHT="75" WIDTH="17" VPOS="2341" HPOS="1548"/>
                  <String HEIGHT="75"
                          WIDTH="122"
                          VPOS="2341"
                          HPOS="1496"
                          CONTENT="per"/>
                  <SP HEIGHT="75" WIDTH="17" VPOS="2341" HPOS="1618"/>
                  <String HEIGHT="75"
                          WIDTH="226"
                          VPOS="2341"
                          HPOS="1566"
                          CONTENT="alimentum"/>
                  <SP HEIGHT="75" WIDTH="17" VPOS="2341" HPOS="1792"/>
                  <String HEIGHT="75"
                          WIDTH="244"
                          VPOS="2341"
                          HPOS="1740"
                          CONTENT="attractum:"/>
                  <SP HEIGHT="75" WIDTH="17" VPOS="2341" HPOS="1983"/>
                  <String HEIGHT="75" WIDTH="52" VPOS="2341" HPOS="1914" CONTENT="&amp;"/>
               </TextLine>
               <TextLine ID="r2l42"
                         BASELINE="2470"
                         HEIGHT="73"
                         WIDTH="1760"
                         VPOS="2397"
                         HPOS="206">
                  <String HEIGHT="73"
                          WIDTH="141"
                          VPOS="2397"
                          HPOS="190"
                          CONTENT="vitam"/>
                  <SP HEIGHT="73" WIDTH="16" VPOS="2397" HPOS="332"/>
                  <String HEIGHT="73"
                          WIDTH="204"
                          VPOS="2397"
                          HPOS="285"
                          CONTENT="sentiendi"/>
                  <SP HEIGHT="73" WIDTH="16" VPOS="2397" HPOS="489"/>
                  <String HEIGHT="73" WIDTH="94" VPOS="2397" HPOS="442" CONTENT="in"/>
                  <SP HEIGHT="73" WIDTH="16" VPOS="2397" HPOS="536"/>
                  <String HEIGHT="73"
                          WIDTH="189"
                          VPOS="2397"
                          HPOS="489"
                          CONTENT="organis:"/>
                  <SP HEIGHT="73" WIDTH="16" VPOS="2397" HPOS="677"/>
                  <String HEIGHT="73" WIDTH="79" VPOS="2397" HPOS="630" CONTENT="&amp;"/>
                  <SP HEIGHT="73" WIDTH="16" VPOS="2397" HPOS="709"/>
                  <String HEIGHT="73"
                          WIDTH="141"
                          VPOS="2397"
                          HPOS="662"
                          CONTENT="vitam"/>
                  <SP HEIGHT="73" WIDTH="16" VPOS="2397" HPOS="803"/>
                  <String HEIGHT="73"
                          WIDTH="251"
                          VPOS="2397"
                          HPOS="756"
                          CONTENT="intelligendi"/>
                  <SP HEIGHT="73" WIDTH="16" VPOS="2397" HPOS="1007"/>
                  <String HEIGHT="73"
                          WIDTH="157"
                          VPOS="2397"
                          HPOS="960"
                          CONTENT="absque"/>
                  <SP HEIGHT="73" WIDTH="16" VPOS="2397" HPOS="1117"/>
                  <String HEIGHT="73"
                          WIDTH="173"
                          VPOS="2397"
                          HPOS="1070"
                          CONTENT="organo:"/>
                  <SP HEIGHT="73" WIDTH="16" VPOS="2397" HPOS="1243"/>
                  <String HEIGHT="73"
                          WIDTH="110"
                          VPOS="2397"
                          HPOS="1196"
                          CONTENT="sed"/>
                  <SP HEIGHT="73" WIDTH="16" VPOS="2397" HPOS="1306"/>
                  <String HEIGHT="73"
                          WIDTH="110"
                          VPOS="2397"
                          HPOS="1259"
                          CONTENT="non"/>
                  <SP HEIGHT="73" WIDTH="16" VPOS="2397" HPOS="1369"/>
                  <String HEIGHT="73"
                          WIDTH="126"
                          VPOS="2397"
                          HPOS="1322"
                          CONTENT="sine"/>
                  <SP HEIGHT="73" WIDTH="16" VPOS="2397" HPOS="1447"/>
                  <String HEIGHT="73"
                          WIDTH="157"
                          VPOS="2397"
                          HPOS="1400"
                          CONTENT="organi"/>
                  <SP HEIGHT="73" WIDTH="16" VPOS="2397" HPOS="1557"/>
                  <String HEIGHT="73"
                          WIDTH="236"
                          VPOS="2397"
                          HPOS="1510"
                          CONTENT="adminiculo:"/>
                  <SP HEIGHT="73" WIDTH="16" VPOS="2397" HPOS="1746"/>
                  <String HEIGHT="73"
                          WIDTH="141"
                          VPOS="2397"
                          HPOS="1699"
                          CONTENT="licet"/>
                  <SP HEIGHT="73" WIDTH="16" VPOS="2397" HPOS="1840"/>
                  <String HEIGHT="73"
                          WIDTH="141"
                          VPOS="2397"
                          HPOS="1793"
                          CONTENT="prius"/>
                  <SP HEIGHT="73" WIDTH="16" VPOS="2397" HPOS="1935"/>
                  <String HEIGHT="73"
                          WIDTH="94"
                          VPOS="2397"
                          HPOS="1872"
                          CONTENT="exer"/>
               </TextLine>
               <TextLine ID="r2l43"
                         BASELINE="2515"
                         HEIGHT="61"
                         WIDTH="1761"
                         VPOS="2454"
                         HPOS="206">
                  <String HEIGHT="61"
                          WIDTH="101"
                          VPOS="2454"
                          HPOS="192"
                          CONTENT="cet"/>
                  <SP HEIGHT="61" WIDTH="14" VPOS="2454" HPOS="293"/>
                  <String HEIGHT="61"
                          WIDTH="130"
                          VPOS="2454"
                          HPOS="249"
                          CONTENT="opera"/>
                  <SP HEIGHT="61" WIDTH="14" VPOS="2454" HPOS="379"/>
                  <String HEIGHT="61"
                          WIDTH="202"
                          VPOS="2454"
                          HPOS="336"
                          CONTENT="vegetandi:"/>
                  <SP HEIGHT="61" WIDTH="14" VPOS="2454" HPOS="538"/>
                  <String HEIGHT="61"
                          WIDTH="101"
                          VPOS="2454"
                          HPOS="495"
                          CONTENT="per"/>
                  <SP HEIGHT="61" WIDTH="14" VPOS="2454" HPOS="596"/>
                  <String HEIGHT="61"
                          WIDTH="115"
                          VPOS="2454"
                          HPOS="552"
                          CONTENT="quae"/>
                  <SP HEIGHT="61" WIDTH="14" VPOS="2454" HPOS="668"/>
                  <String HEIGHT="61"
                          WIDTH="173"
                          VPOS="2454"
                          HPOS="625"
                          CONTENT="ostendit"/>
                  <SP HEIGHT="61" WIDTH="14" VPOS="2454" HPOS="798"/>
                  <String HEIGHT="61"
                          WIDTH="130"
                          VPOS="2454"
                          HPOS="755"
                          CONTENT="vitam"/>
                  <SP HEIGHT="61" WIDTH="14" VPOS="2454" HPOS="884"/>
                  <String HEIGHT="61"
                          WIDTH="202"
                          VPOS="2454"
                          HPOS="841"
                          CONTENT="vegetalem,"/>
                  <SP HEIGHT="61" WIDTH="14" VPOS="2454" HPOS="1043"/>
                  <String HEIGHT="61"
                          WIDTH="115"
                          VPOS="2454"
                          HPOS="1000"
                          CONTENT="quam"/>
                  <SP HEIGHT="61" WIDTH="14" VPOS="2454" HPOS="1115"/>
                  <String HEIGHT="61"
                          WIDTH="130"
                          VPOS="2454"
                          HPOS="1072"
                          CONTENT="opera"/>
                  <SP HEIGHT="61" WIDTH="14" VPOS="2454" HPOS="1202"/>
                  <String HEIGHT="61"
                          WIDTH="202"
                          VPOS="2454"
                          HPOS="1159"
                          CONTENT="sentiendi:"/>
                  <SP HEIGHT="61" WIDTH="14" VPOS="2454" HPOS="1361"/>
                  <String HEIGHT="61"
                          WIDTH="101"
                          VPOS="2454"
                          HPOS="1317"
                          CONTENT="per"/>
                  <SP HEIGHT="61" WIDTH="14" VPOS="2454" HPOS="1418"/>
                  <String HEIGHT="61"
                          WIDTH="115"
                          VPOS="2454"
                          HPOS="1375"
                          CONTENT="quae"/>
                  <SP HEIGHT="61" WIDTH="14" VPOS="2454" HPOS="1491"/>
                  <String HEIGHT="61"
                          WIDTH="173"
                          VPOS="2454"
                          HPOS="1447"
                          CONTENT="ostendit"/>
                  <SP HEIGHT="61" WIDTH="14" VPOS="2454" HPOS="1621"/>
                  <String HEIGHT="61"
                          WIDTH="130"
                          VPOS="2454"
                          HPOS="1577"
                          CONTENT="vitam"/>
                  <SP HEIGHT="61" WIDTH="14" VPOS="2454" HPOS="1707"/>
                  <String HEIGHT="61"
                          WIDTH="115"
                          VPOS="2454"
                          HPOS="1664"
                          CONTENT="esse"/>
                  <SP HEIGHT="61" WIDTH="14" VPOS="2454" HPOS="1779"/>
                  <String HEIGHT="61"
                          WIDTH="101"
                          VPOS="2454"
                          HPOS="1736"
                          CONTENT="ibi"/>
                  <SP HEIGHT="61" WIDTH="14" VPOS="2454" HPOS="1837"/>
                  <String HEIGHT="61"
                          WIDTH="188"
                          VPOS="2454"
                          HPOS="1779"
                          CONTENT="sensibilem:"/>
               </TextLine>
               <TextLine ID="r2l44"
                         BASELINE="2565"
                         HEIGHT="63"
                         WIDTH="1767"
                         VPOS="2502"
                         HPOS="207">
                  <String HEIGHT="63" WIDTH="88" VPOS="2502" HPOS="192" CONTENT="et"/>
                  <SP HEIGHT="63" WIDTH="15" VPOS="2502" HPOS="281"/>
                  <String HEIGHT="63"
                          WIDTH="147"
                          VPOS="2502"
                          HPOS="236"
                          CONTENT="tandem"/>
                  <SP HEIGHT="63" WIDTH="15" VPOS="2502" HPOS="384"/>
                  <String HEIGHT="63"
                          WIDTH="147"
                          VPOS="2502"
                          HPOS="340"
                          CONTENT="deinde"/>
                  <SP HEIGHT="63" WIDTH="15" VPOS="2502" HPOS="487"/>
                  <String HEIGHT="63"
                          WIDTH="162"
                          VPOS="2502"
                          HPOS="443"
                          CONTENT="exercet"/>
                  <SP HEIGHT="63" WIDTH="15" VPOS="2502" HPOS="605"/>
                  <String HEIGHT="63"
                          WIDTH="133"
                          VPOS="2502"
                          HPOS="560"
                          CONTENT="opera"/>
                  <SP HEIGHT="63" WIDTH="15" VPOS="2502" HPOS="693"/>
                  <String HEIGHT="63"
                          WIDTH="250"
                          VPOS="2502"
                          HPOS="649"
                          CONTENT="intelligendi:"/>
                  <SP HEIGHT="63" WIDTH="15" VPOS="2502" HPOS="899"/>
                  <String HEIGHT="63"
                          WIDTH="103"
                          VPOS="2502"
                          HPOS="855"
                          CONTENT="per"/>
                  <SP HEIGHT="63" WIDTH="15" VPOS="2502" HPOS="958"/>
                  <String HEIGHT="63"
                          WIDTH="118"
                          VPOS="2502"
                          HPOS="914"
                          CONTENT="quae"/>
                  <SP HEIGHT="63" WIDTH="15" VPOS="2502" HPOS="1032"/>
                  <String HEIGHT="63"
                          WIDTH="177"
                          VPOS="2502"
                          HPOS="987"
                          CONTENT="ostendit"/>
                  <SP HEIGHT="63" WIDTH="15" VPOS="2502" HPOS="1164"/>
                  <String HEIGHT="63"
                          WIDTH="103"
                          VPOS="2502"
                          HPOS="1120"
                          CONTENT="ibi"/>
                  <SP HEIGHT="63" WIDTH="15" VPOS="2502" HPOS="1223"/>
                  <String HEIGHT="63"
                          WIDTH="118"
                          VPOS="2502"
                          HPOS="1179"
                          CONTENT="esse"/>
                  <SP HEIGHT="63" WIDTH="15" VPOS="2502" HPOS="1297"/>
                  <String HEIGHT="63"
                          WIDTH="133"
                          VPOS="2502"
                          HPOS="1252"
                          CONTENT="vitam"/>
                  <SP HEIGHT="63" WIDTH="15" VPOS="2502" HPOS="1385"/>
                  <String HEIGHT="63"
                          WIDTH="280"
                          VPOS="2502"
                          HPOS="1341"
                          CONTENT="intellectualem:"/>
                  <SP HEIGHT="63" WIDTH="15" VPOS="2502" HPOS="1621"/>
                  <String HEIGHT="63"
                          WIDTH="118"
                          VPOS="2502"
                          HPOS="1576"
                          CONTENT="quae"/>
                  <SP HEIGHT="63" WIDTH="15" VPOS="2502" HPOS="1694"/>
                  <String HEIGHT="63"
                          WIDTH="133"
                          VPOS="2502"
                          HPOS="1650"
                          CONTENT="simul"/>
                  <SP HEIGHT="63" WIDTH="15" VPOS="2502" HPOS="1783"/>
                  <String HEIGHT="63"
                          WIDTH="147"
                          VPOS="2502"
                          HPOS="1738"
                          CONTENT="habent"/>
                  <SP HEIGHT="63" WIDTH="15" VPOS="2502" HPOS="1886"/>
                  <String HEIGHT="63"
                          WIDTH="118"
                          VPOS="2502"
                          HPOS="1841"
                          CONTENT="esse"/>
                  <SP HEIGHT="63" WIDTH="15" VPOS="2502" HPOS="1959"/>
                  <String HEIGHT="63"
                          WIDTH="74"
                          VPOS="2502"
                          HPOS="1900"
                          CONTENT="tem"/>
               </TextLine>
               <TextLine ID="r2l45"
                         BASELINE="2628"
                         HEIGHT="69"
                         WIDTH="1753"
                         VPOS="2559"
                         HPOS="217">
                  <String HEIGHT="69"
                          WIDTH="124"
                          VPOS="2559"
                          HPOS="201"
                          CONTENT="pore"/>
                  <SP HEIGHT="69" WIDTH="16" VPOS="2559" HPOS="326"/>
                  <String HEIGHT="69"
                          WIDTH="140"
                          VPOS="2559"
                          HPOS="279"
                          CONTENT="licet"/>
                  <SP HEIGHT="69" WIDTH="16" VPOS="2559" HPOS="419"/>
                  <String HEIGHT="69"
                          WIDTH="109"
                          VPOS="2559"
                          HPOS="372"
                          CONTENT="non"/>
                  <SP HEIGHT="69" WIDTH="16" VPOS="2559" HPOS="481"/>
                  <String HEIGHT="69"
                          WIDTH="233"
                          VPOS="2559"
                          HPOS="434"
                          CONTENT="operationum"/>
                  <SP HEIGHT="69" WIDTH="16" VPOS="2559" HPOS="667"/>
                  <String HEIGHT="69"
                          WIDTH="295"
                          VPOS="2559"
                          HPOS="620"
                          CONTENT="manifestatione."/>
                  <SP HEIGHT="69" WIDTH="16" VPOS="2559" HPOS="915"/>
                  <String HEIGHT="69" WIDTH="93" VPOS="2559" HPOS="869" CONTENT="Et"/>
                  <SP HEIGHT="69" WIDTH="16" VPOS="2559" HPOS="962"/>
                  <String HEIGHT="69"
                          WIDTH="109"
                          VPOS="2559"
                          HPOS="915"
                          CONTENT="hoc"/>
                  <SP HEIGHT="69" WIDTH="16" VPOS="2559" HPOS="1024"/>
                  <String HEIGHT="69"
                          WIDTH="202"
                          VPOS="2559"
                          HPOS="977"
                          CONTENT="attendens"/>
                  <SP HEIGHT="69" WIDTH="16" VPOS="2559" HPOS="1179"/>
                  <String HEIGHT="69"
                          WIDTH="140"
                          VPOS="2559"
                          HPOS="1132"
                          CONTENT="dixit"/>
                  <SP HEIGHT="69" WIDTH="16" VPOS="2559" HPOS="1272"/>
                  <String HEIGHT="69"
                          WIDTH="233"
                          VPOS="2559"
                          HPOS="1225"
                          CONTENT="philosophus"/>
                  <SP HEIGHT="69" WIDTH="16" VPOS="2559" HPOS="1458"/>
                  <String HEIGHT="69"
                          WIDTH="124"
                          VPOS="2559"
                          HPOS="1412"
                          CONTENT="quod"/>
                  <SP HEIGHT="69" WIDTH="16" VPOS="2559" HPOS="1536"/>
                  <String HEIGHT="69"
                          WIDTH="155"
                          VPOS="2559"
                          HPOS="1489"
                          CONTENT="foetus"/>
                  <SP HEIGHT="69" WIDTH="16" VPOS="2559" HPOS="1644"/>
                  <String HEIGHT="69" WIDTH="93" VPOS="2559" HPOS="1598" CONTENT="in"/>
                  <SP HEIGHT="69" WIDTH="16" VPOS="2559" HPOS="1691"/>
                  <String HEIGHT="69"
                          WIDTH="140"
                          VPOS="2559"
                          HPOS="1644"
                          CONTENT="vtero"/>
                  <SP HEIGHT="69" WIDTH="16" VPOS="2559" HPOS="1784"/>
                  <String HEIGHT="69"
                          WIDTH="140"
                          VPOS="2559"
                          HPOS="1737"
                          CONTENT="prius"/>
                  <SP HEIGHT="69" WIDTH="16" VPOS="2559" HPOS="1877"/>
                  <String HEIGHT="69"
                          WIDTH="140"
                          VPOS="2559"
                          HPOS="1830"
                          CONTENT="viuit"/>
                  <SP HEIGHT="69" WIDTH="16" VPOS="2559" HPOS="1970"/>
                  <String HEIGHT="69" WIDTH="62" VPOS="2559" HPOS="1908" CONTENT="vi"/>
               </TextLine>
               <TextLine ID="r2l46"
                         BASELINE="2678"
                         HEIGHT="69"
                         WIDTH="1749"
                         VPOS="2609"
                         HPOS="217">
                  <String HEIGHT="69" WIDTH="85" VPOS="2609" HPOS="203" CONTENT="ta"/>
                  <SP HEIGHT="69" WIDTH="14" VPOS="2609" HPOS="288"/>
                  <String HEIGHT="69"
                          WIDTH="156"
                          VPOS="2609"
                          HPOS="245"
                          CONTENT="plantae"/>
                  <SP HEIGHT="69" WIDTH="14" VPOS="2609" HPOS="402"/>
                  <String HEIGHT="69"
                          WIDTH="114"
                          VPOS="2609"
                          HPOS="359"
                          CONTENT="quam"/>
                  <SP HEIGHT="69" WIDTH="14" VPOS="2609" HPOS="473"/>
                  <String HEIGHT="69"
                          WIDTH="185"
                          VPOS="2609"
                          HPOS="430"
                          CONTENT="animalis."/>
                  <SP HEIGHT="69" WIDTH="14" VPOS="2609" HPOS="615"/>
                  <String HEIGHT="69"
                          WIDTH="100"
                          VPOS="2609"
                          HPOS="572"
                          CONTENT="Non"/>
                  <SP HEIGHT="69" WIDTH="14" VPOS="2609" HPOS="672"/>
                  <String HEIGHT="69"
                          WIDTH="114"
                          VPOS="2609"
                          HPOS="629"
                          CONTENT="enim"/>
                  <SP HEIGHT="69" WIDTH="14" VPOS="2609" HPOS="743"/>
                  <String HEIGHT="69"
                          WIDTH="171"
                          VPOS="2609"
                          HPOS="700"
                          CONTENT="sequitur"/>
                  <SP HEIGHT="69" WIDTH="14" VPOS="2609" HPOS="871"/>
                  <String HEIGHT="69"
                          WIDTH="114"
                          VPOS="2609"
                          HPOS="828"
                          CONTENT="quod"/>
                  <SP HEIGHT="69" WIDTH="14" VPOS="2609" HPOS="942"/>
                  <String HEIGHT="69"
                          WIDTH="100"
                          VPOS="2609"
                          HPOS="900"
                          CONTENT="non"/>
                  <SP HEIGHT="69" WIDTH="14" VPOS="2609" HPOS="999"/>
                  <String HEIGHT="69"
                          WIDTH="100"
                          VPOS="2609"
                          HPOS="956"
                          CONTENT="est"/>
                  <SP HEIGHT="69" WIDTH="14" VPOS="2609" HPOS="1056"/>
                  <String HEIGHT="69"
                          WIDTH="199"
                          VPOS="2609"
                          HPOS="1013"
                          CONTENT="principium"/>
                  <SP HEIGHT="69" WIDTH="14" VPOS="2609" HPOS="1212"/>
                  <String HEIGHT="69"
                          WIDTH="128"
                          VPOS="2609"
                          HPOS="1170"
                          CONTENT="vitae"/>
                  <SP HEIGHT="69" WIDTH="14" VPOS="2609" HPOS="1298"/>
                  <String HEIGHT="69" WIDTH="85" VPOS="2609" HPOS="1255" CONTENT="si"/>
                  <SP HEIGHT="69" WIDTH="14" VPOS="2609" HPOS="1340"/>
                  <String HEIGHT="69"
                          WIDTH="100"
                          VPOS="2609"
                          HPOS="1298"
                          CONTENT="non"/>
                  <SP HEIGHT="69" WIDTH="14" VPOS="2609" HPOS="1397"/>
                  <String HEIGHT="69"
                          WIDTH="114"
                          VPOS="2609"
                          HPOS="1355"
                          CONTENT="sunt"/>
                  <SP HEIGHT="69" WIDTH="14" VPOS="2609" HPOS="1468"/>
                  <String HEIGHT="69"
                          WIDTH="128"
                          VPOS="2609"
                          HPOS="1426"
                          CONTENT="opera"/>
                  <SP HEIGHT="69" WIDTH="14" VPOS="2609" HPOS="1554"/>
                  <String HEIGHT="69"
                          WIDTH="142"
                          VPOS="2609"
                          HPOS="1511"
                          CONTENT="vitae."/>
                  <SP HEIGHT="69" WIDTH="14" VPOS="2609" HPOS="1653"/>
                  <String HEIGHT="69"
                          WIDTH="156"
                          VPOS="2609"
                          HPOS="1611"
                          CONTENT="Catulus"/>
                  <SP HEIGHT="69" WIDTH="14" VPOS="2609" HPOS="1767"/>
                  <String HEIGHT="69"
                          WIDTH="114"
                          VPOS="2609"
                          HPOS="1724"
                          CONTENT="enim"/>
                  <SP HEIGHT="69" WIDTH="14" VPOS="2609" HPOS="1838"/>
                  <String HEIGHT="69"
                          WIDTH="114"
                          VPOS="2609"
                          HPOS="1795"
                          CONTENT="ante"/>
                  <SP HEIGHT="69" WIDTH="14" VPOS="2609" HPOS="1909"/>
                  <String HEIGHT="69"
                          WIDTH="128"
                          VPOS="2609"
                          HPOS="1866"
                          CONTENT="nonum"/>
                  <SP HEIGHT="69" WIDTH="14" VPOS="2609" HPOS="1994"/>
                  <String HEIGHT="69" WIDTH="28" VPOS="2609" HPOS="1938" CONTENT=""/>
               </TextLine>
               <TextLine ID="r2l47"
                         BASELINE="2722"
                         HEIGHT="60"
                         WIDTH="1756"
                         VPOS="2662"
                         HPOS="214">
                  <String HEIGHT="60"
                          WIDTH="129"
                          VPOS="2662"
                          HPOS="198"
                          CONTENT="diem"/>
                  <SP HEIGHT="60" WIDTH="16" VPOS="2662" HPOS="327"/>
                  <String HEIGHT="60"
                          WIDTH="145"
                          VPOS="2662"
                          HPOS="278"
                          CONTENT="habet"/>
                  <SP HEIGHT="60" WIDTH="16" VPOS="2662" HPOS="423"/>
                  <String HEIGHT="60"
                          WIDTH="193"
                          VPOS="2662"
                          HPOS="375"
                          CONTENT="perfecte"/>
                  <SP HEIGHT="60" WIDTH="16" VPOS="2662" HPOS="568"/>
                  <String HEIGHT="60"
                          WIDTH="226"
                          VPOS="2662"
                          HPOS="520"
                          CONTENT="sensitiuam"/>
                  <SP HEIGHT="60" WIDTH="16" VPOS="2662" HPOS="746"/>
                  <String HEIGHT="60"
                          WIDTH="177"
                          VPOS="2662"
                          HPOS="697"
                          CONTENT="animam:"/>
                  <SP HEIGHT="60" WIDTH="16" VPOS="2662" HPOS="875"/>
                  <String HEIGHT="60"
                          WIDTH="129"
                          VPOS="2662"
                          HPOS="826"
                          CONTENT="quae"/>
                  <SP HEIGHT="60" WIDTH="16" VPOS="2662" HPOS="955"/>
                  <String HEIGHT="60"
                          WIDTH="113"
                          VPOS="2662"
                          HPOS="907"
                          CONTENT="est"/>
                  <SP HEIGHT="60" WIDTH="16" VPOS="2662" HPOS="1020"/>
                  <String HEIGHT="60"
                          WIDTH="226"
                          VPOS="2662"
                          HPOS="971"
                          CONTENT="principium"/>
                  <SP HEIGHT="60" WIDTH="16" VPOS="2662" HPOS="1197"/>
                  <String HEIGHT="60"
                          WIDTH="145"
                          VPOS="2662"
                          HPOS="1148"
                          CONTENT="vitae"/>
                  <SP HEIGHT="60" WIDTH="16" VPOS="2662" HPOS="1293"/>
                  <String HEIGHT="60"
                          WIDTH="226"
                          VPOS="2662"
                          HPOS="1245"
                          CONTENT="sensitiuae"/>
                  <SP HEIGHT="60" WIDTH="16" VPOS="2662" HPOS="1471"/>
                  <String HEIGHT="60"
                          WIDTH="113"
                          VPOS="2662"
                          HPOS="1422"
                          CONTENT="quo"/>
                  <SP HEIGHT="60" WIDTH="16" VPOS="2662" HPOS="1535"/>
                  <String HEIGHT="60" WIDTH="97" VPOS="2662" HPOS="1487" CONTENT="ad"/>
                  <SP HEIGHT="60" WIDTH="16" VPOS="2662" HPOS="1583"/>
                  <String HEIGHT="60"
                          WIDTH="145"
                          VPOS="2662"
                          HPOS="1535"
                          CONTENT="omnes"/>
                  <SP HEIGHT="60" WIDTH="16" VPOS="2662" HPOS="1680"/>
                  <String HEIGHT="60"
                          WIDTH="177"
                          VPOS="2662"
                          HPOS="1632"
                          CONTENT="sensus:"/>
                  <SP HEIGHT="60" WIDTH="16" VPOS="2662" HPOS="1809"/>
                  <String HEIGHT="60" WIDTH="81" VPOS="2662" HPOS="1761" CONTENT="&amp;"/>
                  <SP HEIGHT="60" WIDTH="16" VPOS="2662" HPOS="1841"/>
                  <String HEIGHT="60"
                          WIDTH="145"
                          VPOS="2662"
                          HPOS="1793"
                          CONTENT="tamen"/>
                  <SP HEIGHT="60" WIDTH="16" VPOS="2662" HPOS="1938"/>
                  <String HEIGHT="60"
                          WIDTH="97"
                          VPOS="2662"
                          HPOS="1873"
                          CONTENT="ante"/>
               </TextLine>
               <TextLine ID="r2l48"
                         BASELINE="2768"
                         HEIGHT="49"
                         WIDTH="1765"
                         VPOS="2719"
                         HPOS="205">
                  <String HEIGHT="49"
                          WIDTH="167"
                          VPOS="2719"
                          HPOS="186"
                          CONTENT="nonum"/>
                  <SP HEIGHT="49" WIDTH="19" VPOS="2719" HPOS="354"/>
                  <String HEIGHT="49"
                          WIDTH="149"
                          VPOS="2719"
                          HPOS="298"
                          CONTENT="diem"/>
                  <SP HEIGHT="49" WIDTH="19" VPOS="2719" HPOS="447"/>
                  <String HEIGHT="49"
                          WIDTH="130"
                          VPOS="2719"
                          HPOS="391"
                          CONTENT="non"/>
                  <SP HEIGHT="49" WIDTH="19" VPOS="2719" HPOS="521"/>
                  <String HEIGHT="49"
                          WIDTH="186"
                          VPOS="2719"
                          HPOS="465"
                          CONTENT="potest"/>
                  <SP HEIGHT="49" WIDTH="19" VPOS="2719" HPOS="651"/>
                  <String HEIGHT="49"
                          WIDTH="223"
                          VPOS="2719"
                          HPOS="595"
                          CONTENT="exercere"/>
                  <SP HEIGHT="49" WIDTH="19" VPOS="2719" HPOS="818"/>
                  <String HEIGHT="49"
                          WIDTH="204"
                          VPOS="2719"
                          HPOS="762"
                          CONTENT="videndi"/>
                  <SP HEIGHT="49" WIDTH="19" VPOS="2719" HPOS="967"/>
                  <String HEIGHT="49"
                          WIDTH="186"
                          VPOS="2719"
                          HPOS="911"
                          CONTENT="actum."/>
                  <SP HEIGHT="49" WIDTH="19" VPOS="2719" HPOS="1097"/>
                  <String HEIGHT="49"
                          WIDTH="111"
                          VPOS="2719"
                          HPOS="1041"
                          CONTENT="Et"/>
                  <SP HEIGHT="49" WIDTH="19" VPOS="2719" HPOS="1153"/>
                  <String HEIGHT="49"
                          WIDTH="130"
                          VPOS="2719"
                          HPOS="1097"
                          CONTENT="per"/>
                  <SP HEIGHT="49" WIDTH="19" VPOS="2719" HPOS="1227"/>
                  <String HEIGHT="49"
                          WIDTH="149"
                          VPOS="2719"
                          HPOS="1171"
                          CONTENT="hunc"/>
                  <SP HEIGHT="49" WIDTH="19" VPOS="2719" HPOS="1320"/>
                  <String HEIGHT="49"
                          WIDTH="167"
                          VPOS="2719"
                          HPOS="1264"
                          CONTENT="modum"/>
                  <SP HEIGHT="49" WIDTH="19" VPOS="2719" HPOS="1431"/>
                  <String HEIGHT="49"
                          WIDTH="167"
                          VPOS="2719"
                          HPOS="1375"
                          CONTENT="anima"/>
                  <SP HEIGHT="49" WIDTH="19" VPOS="2719" HPOS="1543"/>
                  <String HEIGHT="49"
                          WIDTH="186"
                          VPOS="2719"
                          HPOS="1487"
                          CONTENT="humana"/>
                  <SP HEIGHT="49" WIDTH="19" VPOS="2719" HPOS="1673"/>
                  <String HEIGHT="49"
                          WIDTH="130"
                          VPOS="2719"
                          HPOS="1617"
                          CONTENT="est"/>
                  <SP HEIGHT="49" WIDTH="19" VPOS="2719" HPOS="1747"/>
                  <String HEIGHT="49"
                          WIDTH="167"
                          VPOS="2719"
                          HPOS="1691"
                          CONTENT="actus"/>
                  <SP HEIGHT="49" WIDTH="19" VPOS="2719" HPOS="1859"/>
                  <String HEIGHT="49"
                          WIDTH="186"
                          VPOS="2719"
                          HPOS="1784"
                          CONTENT="corporis"/>
               </TextLine>
               <TextLine ID="r2l49"
                         BASELINE="2829"
                         HEIGHT="60"
                         WIDTH="1762"
                         VPOS="2769"
                         HPOS="212">
                  <String HEIGHT="60"
                          WIDTH="184"
                          VPOS="2769"
                          HPOS="197"
                          CONTENT="organici"/>
                  <SP HEIGHT="60" WIDTH="15" VPOS="2769" HPOS="381"/>
                  <String HEIGHT="60"
                          WIDTH="184"
                          VPOS="2769"
                          HPOS="335"
                          CONTENT="potentia"/>
                  <SP HEIGHT="60" WIDTH="15" VPOS="2769" HPOS="518"/>
                  <String HEIGHT="60"
                          WIDTH="138"
                          VPOS="2769"
                          HPOS="472"
                          CONTENT="vitam"/>
                  <SP HEIGHT="60" WIDTH="15" VPOS="2769" HPOS="610"/>
                  <String HEIGHT="60"
                          WIDTH="199"
                          VPOS="2769"
                          HPOS="564"
                          CONTENT="habentis,"/>
                  <SP HEIGHT="60" WIDTH="15" VPOS="2769" HPOS="764"/>
                  <String HEIGHT="60"
                          WIDTH="184"
                          VPOS="2769"
                          HPOS="718"
                          CONTENT="scilicet"/>
                  <SP HEIGHT="60" WIDTH="15" VPOS="2769" HPOS="901"/>
                  <String HEIGHT="60"
                          WIDTH="123"
                          VPOS="2769"
                          HPOS="856"
                          CONTENT="eius"/>
                  <SP HEIGHT="60" WIDTH="15" VPOS="2769" HPOS="978"/>
                  <String HEIGHT="60"
                          WIDTH="123"
                          VPOS="2769"
                          HPOS="932"
                          CONTENT="quod"/>
                  <SP HEIGHT="60" WIDTH="15" VPOS="2769" HPOS="1055"/>
                  <String HEIGHT="60"
                          WIDTH="107"
                          VPOS="2769"
                          HPOS="1009"
                          CONTENT="non"/>
                  <SP HEIGHT="60" WIDTH="15" VPOS="2769" HPOS="1116"/>
                  <String HEIGHT="60"
                          WIDTH="107"
                          VPOS="2769"
                          HPOS="1070"
                          CONTENT="est"/>
                  <SP HEIGHT="60" WIDTH="15" VPOS="2769" HPOS="1177"/>
                  <String HEIGHT="60"
                          WIDTH="199"
                          VPOS="2769"
                          HPOS="1131"
                          CONTENT="abiiciens"/>
                  <SP HEIGHT="60" WIDTH="15" VPOS="2769" HPOS="1330"/>
                  <String HEIGHT="60"
                          WIDTH="169"
                          VPOS="2769"
                          HPOS="1285"
                          CONTENT="animam."/>
                  <SP HEIGHT="60" WIDTH="15" VPOS="2769" HPOS="1453"/>
                  <String HEIGHT="60" WIDTH="92" VPOS="2769" HPOS="1407" CONTENT="vt"/>
                  <SP HEIGHT="60" WIDTH="15" VPOS="2769" HPOS="1499"/>
                  <String HEIGHT="60"
                          WIDTH="169"
                          VPOS="2769"
                          HPOS="1453"
                          CONTENT="dicitur"/>
                  <SP HEIGHT="60" WIDTH="15" VPOS="2769" HPOS="1622"/>
                  <String HEIGHT="60" WIDTH="92" VPOS="2769" HPOS="1576" CONTENT="in"/>
                  <SP HEIGHT="60" WIDTH="15" VPOS="2769" HPOS="1668"/>
                  <String HEIGHT="60"
                          WIDTH="169"
                          VPOS="2769"
                          HPOS="1622"
                          CONTENT="secundo"/>
                  <SP HEIGHT="60" WIDTH="15" VPOS="2769" HPOS="1790"/>
                  <String HEIGHT="60" WIDTH="92" VPOS="2769" HPOS="1744" CONTENT="de"/>
                  <SP HEIGHT="60" WIDTH="15" VPOS="2769" HPOS="1836"/>
                  <String HEIGHT="60"
                          WIDTH="153"
                          VPOS="2769"
                          HPOS="1790"
                          CONTENT="anima."/>
                  <SP HEIGHT="60" WIDTH="15" VPOS="2769" HPOS="1943"/>
                  <String HEIGHT="60"
                          WIDTH="107"
                          VPOS="2769"
                          HPOS="1897"
                          CONTENT="sed"/>
                  <SP HEIGHT="60" WIDTH="15" VPOS="2769" HPOS="2005"/>
                  <String HEIGHT="60" WIDTH="31" VPOS="2769" HPOS="1943" CONTENT=""/>
               </TextLine>
               <TextLine ID="r2l50"
                         BASELINE="2889"
                         HEIGHT="72"
                         WIDTH="1761"
                         VPOS="2817"
                         HPOS="206">
                  <String HEIGHT="72"
                          WIDTH="207"
                          VPOS="2817"
                          HPOS="189"
                          CONTENT="includit"/>
                  <SP HEIGHT="72" WIDTH="17" VPOS="2817" HPOS="396"/>
                  <String HEIGHT="72"
                          WIDTH="121"
                          VPOS="2817"
                          HPOS="344"
                          CONTENT="eam"/>
                  <SP HEIGHT="72" WIDTH="17" VPOS="2817" HPOS="465"/>
                  <String HEIGHT="72" WIDTH="104" VPOS="2817" HPOS="413" CONTENT="in"/>
                  <SP HEIGHT="72" WIDTH="17" VPOS="2817" HPOS="517"/>
                  <String HEIGHT="72"
                          WIDTH="121"
                          VPOS="2817"
                          HPOS="465"
                          CONTENT="se,"/>
                  <SP HEIGHT="72" WIDTH="17" VPOS="2817" HPOS="586"/>
                  <String HEIGHT="72"
                          WIDTH="259"
                          VPOS="2817"
                          HPOS="534"
                          CONTENT="quemadmodum"/>
                  <SP HEIGHT="72" WIDTH="17" VPOS="2817" HPOS="793"/>
                  <String HEIGHT="72"
                          WIDTH="121"
                          VPOS="2817"
                          HPOS="741"
                          CONTENT="lux"/>
                  <SP HEIGHT="72" WIDTH="17" VPOS="2817" HPOS="862"/>
                  <String HEIGHT="72"
                          WIDTH="190"
                          VPOS="2817"
                          HPOS="810"
                          CONTENT="dicitur"/>
                  <SP HEIGHT="72" WIDTH="17" VPOS="2817" HPOS="1000"/>
                  <String HEIGHT="72"
                          WIDTH="138"
                          VPOS="2817"
                          HPOS="948"
                          CONTENT="esse"/>
                  <SP HEIGHT="72" WIDTH="17" VPOS="2817" HPOS="1087"/>
                  <String HEIGHT="72"
                          WIDTH="155"
                          VPOS="2817"
                          HPOS="1035"
                          CONTENT="actus"/>
                  <SP HEIGHT="72" WIDTH="17" VPOS="2817" HPOS="1190"/>
                  <String HEIGHT="72"
                          WIDTH="207"
                          VPOS="2817"
                          HPOS="1138"
                          CONTENT="corporis"/>
                  <SP HEIGHT="72" WIDTH="17" VPOS="2817" HPOS="1345"/>
                  <String HEIGHT="72"
                          WIDTH="224"
                          VPOS="2817"
                          HPOS="1294"
                          CONTENT="luminosi:"/>
                  <SP HEIGHT="72" WIDTH="17" VPOS="2817" HPOS="1518"/>
                  <String HEIGHT="72"
                          WIDTH="121"
                          VPOS="2817"
                          HPOS="1466"
                          CONTENT="non"/>
                  <SP HEIGHT="72" WIDTH="17" VPOS="2817" HPOS="1587"/>
                  <String HEIGHT="72"
                          WIDTH="138"
                          VPOS="2817"
                          HPOS="1535"
                          CONTENT="quia"/>
                  <SP HEIGHT="72" WIDTH="17" VPOS="2817" HPOS="1674"/>
                  <String HEIGHT="72"
                          WIDTH="121"
                          VPOS="2817"
                          HPOS="1622"
                          CONTENT="per"/>
                  <SP HEIGHT="72" WIDTH="17" VPOS="2817" HPOS="1743"/>
                  <String HEIGHT="72"
                          WIDTH="155"
                          VPOS="2817"
                          HPOS="1691"
                          CONTENT="ipsam"/>
                  <SP HEIGHT="72" WIDTH="17" VPOS="2817" HPOS="1846"/>
                  <String HEIGHT="72"
                          WIDTH="173"
                          VPOS="2817"
                          HPOS="1794"
                          CONTENT="corpus"/>
                  <SP HEIGHT="72" WIDTH="17" VPOS="2817" HPOS="1967"/>
                  <String HEIGHT="72" WIDTH="69" VPOS="2817" HPOS="1898" CONTENT="ha"/>
               </TextLine>
               <TextLine ID="r2l51"
                         BASELINE="2947"
                         HEIGHT="71"
                         WIDTH="1767"
                         VPOS="2876"
                         HPOS="206">
                  <String HEIGHT="71"
                          WIDTH="115"
                          VPOS="2876"
                          HPOS="190"
                          CONTENT="bet"/>
                  <SP HEIGHT="71" WIDTH="16" VPOS="2876" HPOS="304"/>
                  <String HEIGHT="71"
                          WIDTH="131"
                          VPOS="2876"
                          HPOS="255"
                          CONTENT="esse"/>
                  <SP HEIGHT="71" WIDTH="16" VPOS="2876" HPOS="386"/>
                  <String HEIGHT="71"
                          WIDTH="164"
                          VPOS="2876"
                          HPOS="337"
                          CONTENT="corpus"/>
                  <SP HEIGHT="71" WIDTH="16" VPOS="2876" HPOS="501"/>
                  <String HEIGHT="71" WIDTH="98" VPOS="2876" HPOS="451" CONTENT="in"/>
                  <SP HEIGHT="71" WIDTH="16" VPOS="2876" HPOS="550"/>
                  <String HEIGHT="71"
                          WIDTH="131"
                          VPOS="2876"
                          HPOS="501"
                          CONTENT="esse"/>
                  <SP HEIGHT="71" WIDTH="16" VPOS="2876" HPOS="631"/>
                  <String HEIGHT="71"
                          WIDTH="278"
                          VPOS="2876"
                          HPOS="582"
                          CONTENT="substantiali,"/>
                  <SP HEIGHT="71" WIDTH="16" VPOS="2876" HPOS="860"/>
                  <String HEIGHT="71"
                          WIDTH="115"
                          VPOS="2876"
                          HPOS="811"
                          CONTENT="vel"/>
                  <SP HEIGHT="71" WIDTH="16" VPOS="2876" HPOS="926"/>
                  <String HEIGHT="71"
                          WIDTH="180"
                          VPOS="2876"
                          HPOS="877"
                          CONTENT="organum"/>
                  <SP HEIGHT="71" WIDTH="16" VPOS="2876" HPOS="1057"/>
                  <String HEIGHT="71" WIDTH="98" VPOS="2876" HPOS="1008" CONTENT="in"/>
                  <SP HEIGHT="71" WIDTH="16" VPOS="2876" HPOS="1106"/>
                  <String HEIGHT="71"
                          WIDTH="164"
                          VPOS="2876"
                          HPOS="1057"
                          CONTENT="figura"/>
                  <SP HEIGHT="71" WIDTH="16" VPOS="2876" HPOS="1220"/>
                  <String HEIGHT="71"
                          WIDTH="229"
                          VPOS="2876"
                          HPOS="1171"
                          CONTENT="corporali,"/>
                  <SP HEIGHT="71" WIDTH="16" VPOS="2876" HPOS="1400"/>
                  <String HEIGHT="71"
                          WIDTH="115"
                          VPOS="2876"
                          HPOS="1351"
                          CONTENT="vel"/>
                  <SP HEIGHT="71" WIDTH="16" VPOS="2876" HPOS="1466"/>
                  <String HEIGHT="71"
                          WIDTH="196"
                          VPOS="2876"
                          HPOS="1417"
                          CONTENT="potentia"/>
                  <SP HEIGHT="71" WIDTH="16" VPOS="2876" HPOS="1613"/>
                  <String HEIGHT="71"
                          WIDTH="115"
                          VPOS="2876"
                          HPOS="1564"
                          CONTENT="qua"/>
                  <SP HEIGHT="71" WIDTH="16" VPOS="2876" HPOS="1679"/>
                  <String HEIGHT="71"
                          WIDTH="180"
                          VPOS="2876"
                          HPOS="1629"
                          CONTENT="aliquid"/>
                  <SP HEIGHT="71" WIDTH="16" VPOS="2876" HPOS="1809"/>
                  <String HEIGHT="71"
                          WIDTH="115"
                          VPOS="2876"
                          HPOS="1760"
                          CONTENT="est"/>
                  <SP HEIGHT="71" WIDTH="16" VPOS="2876" HPOS="1875"/>
                  <String HEIGHT="71"
                          WIDTH="147"
                          VPOS="2876"
                          HPOS="1826"
                          CONTENT="vitae"/>
                  <SP HEIGHT="71" WIDTH="16" VPOS="2876" HPOS="1973"/>
                  <String HEIGHT="71" WIDTH="65" VPOS="2876" HPOS="1908" CONTENT="re"/>
               </TextLine>
               <TextLine ID="r2l52"
                         BASELINE="2984"
                         HEIGHT="52"
                         WIDTH="1770"
                         VPOS="2932"
                         HPOS="203">
                  <String HEIGHT="52"
                          WIDTH="234"
                          VPOS="2932"
                          HPOS="186"
                          CONTENT="ceptibile:"/>
                  <SP HEIGHT="52" WIDTH="17" VPOS="2932" HPOS="420"/>
                  <String HEIGHT="52"
                          WIDTH="117"
                          VPOS="2932"
                          HPOS="370"
                          CONTENT="sed"/>
                  <SP HEIGHT="52" WIDTH="17" VPOS="2932" HPOS="487"/>
                  <String HEIGHT="52"
                          WIDTH="134"
                          VPOS="2932"
                          HPOS="437"
                          CONTENT="quia"/>
                  <SP HEIGHT="52" WIDTH="17" VPOS="2932" HPOS="570"/>
                  <String HEIGHT="52" WIDTH="100" VPOS="2932" HPOS="520" CONTENT="ab"/>
                  <SP HEIGHT="52" WIDTH="17" VPOS="2932" HPOS="620"/>
                  <String HEIGHT="52"
                          WIDTH="134"
                          VPOS="2932"
                          HPOS="570"
                          CONTENT="ipsa"/>
                  <SP HEIGHT="52" WIDTH="17" VPOS="2932" HPOS="704"/>
                  <String HEIGHT="52"
                          WIDTH="284"
                          VPOS="2932"
                          HPOS="654"
                          CONTENT="principaliter"/>
                  <SP HEIGHT="52" WIDTH="17" VPOS="2932" HPOS="938"/>
                  <String HEIGHT="52"
                          WIDTH="117"
                          VPOS="2932"
                          HPOS="888"
                          CONTENT="est"/>
                  <SP HEIGHT="52" WIDTH="17" VPOS="2932" HPOS="1005"/>
                  <String HEIGHT="52"
                          WIDTH="267"
                          VPOS="2932"
                          HPOS="954"
                          CONTENT="determinatio"/>
                  <SP HEIGHT="52" WIDTH="17" VPOS="2932" HPOS="1222"/>
                  <String HEIGHT="52"
                          WIDTH="284"
                          VPOS="2932"
                          HPOS="1171"
                          CONTENT="corporeitatis"/>
                  <SP HEIGHT="52" WIDTH="17" VPOS="2932" HPOS="1455"/>
                  <String HEIGHT="52"
                          WIDTH="100"
                          VPOS="2932"
                          HPOS="1405"
                          CONTENT="in"/>
                  <SP HEIGHT="52" WIDTH="17" VPOS="2932" HPOS="1505"/>
                  <String HEIGHT="52"
                          WIDTH="234"
                          VPOS="2932"
                          HPOS="1455"
                          CONTENT="existentia"/>
                  <SP HEIGHT="52" WIDTH="17" VPOS="2932" HPOS="1689"/>
                  <String HEIGHT="52"
                          WIDTH="134"
                          VPOS="2932"
                          HPOS="1639"
                          CONTENT="esse"/>
                  <SP HEIGHT="52" WIDTH="17" VPOS="2932" HPOS="1773"/>
                  <String HEIGHT="52"
                          WIDTH="200"
                          VPOS="2932"
                          HPOS="1723"
                          CONTENT="actualis"/>
                  <SP HEIGHT="52" WIDTH="17" VPOS="2932" HPOS="1923"/>
                  <String HEIGHT="52" WIDTH="83" VPOS="2932" HPOS="1873" CONTENT="&amp;"/>
                  <SP HEIGHT="52" WIDTH="17" VPOS="2932" HPOS="1956"/>
                  <String HEIGHT="52"
                          WIDTH="83"
                          VPOS="2932"
                          HPOS="1890"
                          CONTENT="or"
                          SUBS_TYPE="HypPart1"
                          SUBS_CONTENT="organi"/>
                  <HYP CONTENT="-"/>
               </TextLine>
               <TextLine ID="r2l53"
                         BASELINE="3053"
                         HEIGHT="62"
                         WIDTH="1756"
                         VPOS="2991"
                         HPOS="212">
                  <String HEIGHT="62"
                          WIDTH="125"
                          VPOS="2991"
                          HPOS="196"
                          CONTENT="gani"
                          SUBS_TYPE="HypPart2"
                          SUBS_CONTENT="organi"/>
                  <SP HEIGHT="62" WIDTH="16" VPOS="2991" HPOS="322"/>
                  <String HEIGHT="62" WIDTH="94" VPOS="2991" HPOS="275" CONTENT="vt"/>
                  <SP HEIGHT="62" WIDTH="16" VPOS="2991" HPOS="369"/>
                  <String HEIGHT="62"
                          WIDTH="157"
                          VPOS="2991"
                          HPOS="322"
                          CONTENT="possit"/>
                  <SP HEIGHT="62" WIDTH="16" VPOS="2991" HPOS="479"/>
                  <String HEIGHT="62" WIDTH="94" VPOS="2991" HPOS="432" CONTENT="in"/>
                  <SP HEIGHT="62" WIDTH="16" VPOS="2991" HPOS="526"/>
                  <String HEIGHT="62"
                          WIDTH="172"
                          VPOS="2991"
                          HPOS="479"
                          CONTENT="debitum"/>
                  <SP HEIGHT="62" WIDTH="16" VPOS="2991" HPOS="651"/>
                  <String HEIGHT="62"
                          WIDTH="141"
                          VPOS="2991"
                          HPOS="604"
                          CONTENT="opus:"/>
                  <SP HEIGHT="62" WIDTH="16" VPOS="2991" HPOS="745"/>
                  <String HEIGHT="62" WIDTH="78" VPOS="2991" HPOS="698" CONTENT="&amp;"/>
                  <SP HEIGHT="62" WIDTH="16" VPOS="2991" HPOS="776"/>
                  <String HEIGHT="62"
                          WIDTH="125"
                          VPOS="2991"
                          HPOS="729"
                          CONTENT="ipsa"/>
                  <SP HEIGHT="62" WIDTH="16" VPOS="2991" HPOS="855"/>
                  <String HEIGHT="62"
                          WIDTH="141"
                          VPOS="2991"
                          HPOS="808"
                          CONTENT="anima"/>
                  <SP HEIGHT="62" WIDTH="16" VPOS="2991" HPOS="949"/>
                  <String HEIGHT="62"
                          WIDTH="110"
                          VPOS="2991"
                          HPOS="902"
                          CONTENT="est"/>
                  <SP HEIGHT="62" WIDTH="16" VPOS="2991" HPOS="1012"/>
                  <String HEIGHT="62"
                          WIDTH="125"
                          VPOS="2991"
                          HPOS="965"
                          CONTENT="ipsa"/>
                  <SP HEIGHT="62" WIDTH="16" VPOS="2991" HPOS="1090"/>
                  <String HEIGHT="62"
                          WIDTH="188"
                          VPOS="2991"
                          HPOS="1043"
                          CONTENT="potentia"/>
                  <SP HEIGHT="62" WIDTH="16" VPOS="2991" HPOS="1231"/>
                  <String HEIGHT="62"
                          WIDTH="157"
                          VPOS="2991"
                          HPOS="1184"
                          CONTENT="habens"/>
                  <SP HEIGHT="62" WIDTH="16" VPOS="2991" HPOS="1341"/>
                  <String HEIGHT="62" WIDTH="94" VPOS="2991" HPOS="1294" CONTENT="in"/>
                  <SP HEIGHT="62" WIDTH="16" VPOS="2991" HPOS="1388"/>
                  <String HEIGHT="62" WIDTH="94" VPOS="2991" HPOS="1341" CONTENT="se"/>
                  <SP HEIGHT="62" WIDTH="16" VPOS="2991" HPOS="1435"/>
                  <String HEIGHT="62"
                          WIDTH="141"
                          VPOS="2991"
                          HPOS="1388"
                          CONTENT="vitam"/>
                  <SP HEIGHT="62" WIDTH="16" VPOS="2991" HPOS="1529"/>
                  <String HEIGHT="62" WIDTH="78" VPOS="2991" HPOS="1482" CONTENT="a"/>
                  <SP HEIGHT="62" WIDTH="16" VPOS="2991" HPOS="1560"/>
                  <String HEIGHT="62"
                          WIDTH="110"
                          VPOS="2991"
                          HPOS="1513"
                          CONTENT="qua"/>
                  <SP HEIGHT="62" WIDTH="16" VPOS="2991" HPOS="1623"/>
                  <String HEIGHT="62"
                          WIDTH="141"
                          VPOS="2991"
                          HPOS="1576"
                          CONTENT="fluit"/>
                  <SP HEIGHT="62" WIDTH="16" VPOS="2991" HPOS="1717"/>
                  <String HEIGHT="62"
                          WIDTH="125"
                          VPOS="2991"
                          HPOS="1670"
                          CONTENT="vita"/>
                  <SP HEIGHT="62" WIDTH="16" VPOS="2991" HPOS="1796"/>
                  <String HEIGHT="62" WIDTH="94" VPOS="2991" HPOS="1749" CONTENT="in"/>
                  <SP HEIGHT="62" WIDTH="16" VPOS="2991" HPOS="1843"/>
                  <String HEIGHT="62"
                          WIDTH="172"
                          VPOS="2991"
                          HPOS="1796"
                          CONTENT="corpus,"/>
                  <SP HEIGHT="62" WIDTH="16" VPOS="2991" HPOS="1968"/>
                  <String HEIGHT="62" WIDTH="63" VPOS="2991" HPOS="1905" CONTENT="vt"/>
               </TextLine>
               <TextLine ID="line_1580945787412_965"
                         BASELINE="3104"
                         HEIGHT="64"
                         WIDTH="1762"
                         VPOS="3040"
                         HPOS="203">
                  <String HEIGHT="64"
                          WIDTH="174"
                          VPOS="3040"
                          HPOS="186"
                          CONTENT="dictum"/>
                  <SP HEIGHT="64" WIDTH="17" VPOS="3040" HPOS="360"/>
                  <String HEIGHT="64"
                          WIDTH="140"
                          VPOS="3040"
                          HPOS="308"
                          CONTENT="est."/>
                  <SP HEIGHT="64" WIDTH="17" VPOS="3040" HPOS="447"/>
                  <String HEIGHT="64" WIDTH="105" VPOS="3040" HPOS="395" CONTENT="ET"/>
                  <SP HEIGHT="64" WIDTH="17" VPOS="3040" HPOS="500"/>
                  <String HEIGHT="64"
                          WIDTH="140"
                          VPOS="3040"
                          HPOS="447"
                          CONTENT="nota"/>
                  <SP HEIGHT="64" WIDTH="17" VPOS="3040" HPOS="587"/>
                  <String HEIGHT="64"
                          WIDTH="140"
                          VPOS="3040"
                          HPOS="534"
                          CONTENT="quod"/>
                  <SP HEIGHT="64" WIDTH="17" VPOS="3040" HPOS="674"/>
                  <String HEIGHT="64"
                          WIDTH="157"
                          VPOS="3040"
                          HPOS="622"
                          CONTENT="illud"/>
                  <SP HEIGHT="64" WIDTH="17" VPOS="3040" HPOS="779"/>
                  <String HEIGHT="64"
                          WIDTH="209"
                          VPOS="3040"
                          HPOS="726"
                          CONTENT="vegetari"/>
                  <SP HEIGHT="64" WIDTH="17" VPOS="3040" HPOS="936"/>
                  <String HEIGHT="64"
                          WIDTH="174"
                          VPOS="3040"
                          HPOS="883"
                          CONTENT="moueri"/>
                  <SP HEIGHT="64" WIDTH="17" VPOS="3040" HPOS="1058"/>
                  <String HEIGHT="64" WIDTH="87" VPOS="3040" HPOS="1005" CONTENT="&amp;"/>
                  <SP HEIGHT="64" WIDTH="17" VPOS="3040" HPOS="1093"/>
                  <String HEIGHT="64"
                          WIDTH="209"
                          VPOS="3040"
                          HPOS="1040"
                          CONTENT="crescere"/>
                  <SP HEIGHT="64" WIDTH="17" VPOS="3040" HPOS="1250"/>
                  <String HEIGHT="64"
                          WIDTH="105"
                          VPOS="3040"
                          HPOS="1197"
                          CONTENT="de"/>
                  <SP HEIGHT="64" WIDTH="17" VPOS="3040" HPOS="1302"/>
                  <String HEIGHT="64"
                          WIDTH="122"
                          VPOS="3040"
                          HPOS="1250"
                          CONTENT="quo"/>
                  <SP HEIGHT="64" WIDTH="17" VPOS="3040" HPOS="1372"/>
                  <String HEIGHT="64"
                          WIDTH="174"
                          VPOS="3040"
                          HPOS="1320"
                          CONTENT="dictum"/>
                  <SP HEIGHT="64" WIDTH="17" VPOS="3040" HPOS="1494"/>
                  <String HEIGHT="64"
                          WIDTH="122"
                          VPOS="3040"
                          HPOS="1442"
                          CONTENT="est"/>
                  <SP HEIGHT="64" WIDTH="17" VPOS="3040" HPOS="1564"/>
                  <String HEIGHT="64"
                          WIDTH="105"
                          VPOS="3040"
                          HPOS="1511"
                          CONTENT="in"/>
                  <SP HEIGHT="64" WIDTH="17" VPOS="3040" HPOS="1616"/>
                  <String HEIGHT="64"
                          WIDTH="157"
                          VPOS="3040"
                          HPOS="1564"
                          CONTENT="libro"/>
                  <SP HEIGHT="64" WIDTH="17" VPOS="3040" HPOS="1721"/>
                  <String HEIGHT="64"
                          WIDTH="105"
                          VPOS="3040"
                          HPOS="1668"
                          CONTENT="de"/>
                  <SP HEIGHT="64" WIDTH="17" VPOS="3040" HPOS="1773"/>
                  <String HEIGHT="64"
                          WIDTH="192"
                          VPOS="3040"
                          HPOS="1721"
                          CONTENT="spiritu"/>
                  <SP HEIGHT="64" WIDTH="17" VPOS="3040" HPOS="1913"/>
                  <String HEIGHT="64" WIDTH="87" VPOS="3040" HPOS="1860" CONTENT="&amp;"/>
                  <SP HEIGHT="64" WIDTH="17" VPOS="3040" HPOS="1948"/>
                  <String HEIGHT="64"
                          WIDTH="87"
                          VPOS="3040"
                          HPOS="1878"
                          CONTENT="ani"/>
               </TextLine>
               <TextLine ID="r2l55"
                         BASELINE="3147"
                         HEIGHT="53"
                         WIDTH="1769"
                         VPOS="3094"
                         HPOS="205">
                  <String HEIGHT="53"
                          WIDTH="114"
                          VPOS="3094"
                          HPOS="189"
                          CONTENT="ma,"/>
                  <SP HEIGHT="53" WIDTH="16" VPOS="3094" HPOS="302"/>
                  <String HEIGHT="53"
                          WIDTH="114"
                          VPOS="3094"
                          HPOS="254"
                          CONTENT="non"/>
                  <SP HEIGHT="53" WIDTH="16" VPOS="3094" HPOS="367"/>
                  <String HEIGHT="53"
                          WIDTH="260"
                          VPOS="3094"
                          HPOS="319"
                          CONTENT="intelligitur"/>
                  <SP HEIGHT="53" WIDTH="16" VPOS="3094" HPOS="578"/>
                  <String HEIGHT="53"
                          WIDTH="130"
                          VPOS="3094"
                          HPOS="530"
                          CONTENT="nisi"/>
                  <SP HEIGHT="53" WIDTH="16" VPOS="3094" HPOS="659"/>
                  <String HEIGHT="53" WIDTH="97" VPOS="3094" HPOS="611" CONTENT="de"/>
                  <SP HEIGHT="53" WIDTH="16" VPOS="3094" HPOS="708"/>
                  <String HEIGHT="53"
                          WIDTH="146"
                          VPOS="3094"
                          HPOS="659"
                          CONTENT="dicta"/>
                  <SP HEIGHT="53" WIDTH="16" VPOS="3094" HPOS="805"/>
                  <String HEIGHT="53"
                          WIDTH="308"
                          VPOS="3094"
                          HPOS="757"
                          CONTENT="transmutatione:"/>
                  <SP HEIGHT="53" WIDTH="16" VPOS="3094" HPOS="1065"/>
                  <String HEIGHT="53"
                          WIDTH="130"
                          VPOS="3094"
                          HPOS="1016"
                          CONTENT="quae"/>
                  <SP HEIGHT="53" WIDTH="16" VPOS="3094" HPOS="1146"/>
                  <String HEIGHT="53"
                          WIDTH="114"
                          VPOS="3094"
                          HPOS="1098"
                          CONTENT="est"/>
                  <SP HEIGHT="53" WIDTH="16" VPOS="3094" HPOS="1211"/>
                  <String HEIGHT="53"
                          WIDTH="211"
                          VPOS="3094"
                          HPOS="1163"
                          CONTENT="alteratio"/>
                  <SP HEIGHT="53" WIDTH="16" VPOS="3094" HPOS="1374"/>
                  <String HEIGHT="53"
                          WIDTH="227"
                          VPOS="3094"
                          HPOS="1325"
                          CONTENT="praecedens"/>
                  <SP HEIGHT="53" WIDTH="16" VPOS="3094" HPOS="1552"/>
                  <String HEIGHT="53"
                          WIDTH="276"
                          VPOS="3094"
                          HPOS="1503"
                          CONTENT="generationem:"/>
                  <SP HEIGHT="53" WIDTH="16" VPOS="3094" HPOS="1779"/>
                  <String HEIGHT="53"
                          WIDTH="114"
                          VPOS="3094"
                          HPOS="1731"
                          CONTENT="non"/>
                  <SP HEIGHT="53" WIDTH="16" VPOS="3094" HPOS="1844"/>
                  <String HEIGHT="53" WIDTH="97" VPOS="3094" HPOS="1795" CONTENT="de"/>
                  <SP HEIGHT="53" WIDTH="16" VPOS="3094" HPOS="1893"/>
                  <String HEIGHT="53"
                          WIDTH="162"
                          VPOS="3094"
                          HPOS="1844"
                          CONTENT="aliquo"/>
                  <SP HEIGHT="53" WIDTH="16" VPOS="3094" HPOS="2006"/>
                  <String HEIGHT="53" WIDTH="32" VPOS="3094" HPOS="1942" CONTENT=""/>
               </TextLine>
               <TextLine ID="r2l56"
                         BASELINE="3223"
                         HEIGHT="80"
                         WIDTH="1772"
                         VPOS="3143"
                         HPOS="203">
                  <String HEIGHT="80"
                          WIDTH="129"
                          VPOS="3143"
                          HPOS="187"
                          CONTENT="actu"/>
                  <SP HEIGHT="80" WIDTH="16" VPOS="3143" HPOS="316"/>
                  <String HEIGHT="80"
                          WIDTH="177"
                          VPOS="3143"
                          HPOS="267"
                          CONTENT="animae."/>
                  <SP HEIGHT="80" WIDTH="16" VPOS="3143" HPOS="445"/>
                  <String HEIGHT="80"
                          WIDTH="129"
                          VPOS="3143"
                          HPOS="396"
                          CONTENT="Quod"/>
                  <SP HEIGHT="80" WIDTH="16" VPOS="3143" HPOS="525"/>
                  <String HEIGHT="80"
                          WIDTH="145"
                          VPOS="3143"
                          HPOS="477"
                          CONTENT="patet"/>
                  <SP HEIGHT="80" WIDTH="16" VPOS="3143" HPOS="622"/>
                  <String HEIGHT="80"
                          WIDTH="113"
                          VPOS="3143"
                          HPOS="574"
                          CONTENT="per"/>
                  <SP HEIGHT="80" WIDTH="16" VPOS="3143" HPOS="686"/>
                  <String HEIGHT="80"
                          WIDTH="113"
                          VPOS="3143"
                          HPOS="638"
                          CONTENT="hoc"/>
                  <SP HEIGHT="80" WIDTH="16" VPOS="3143" HPOS="751"/>
                  <String HEIGHT="80"
                          WIDTH="129"
                          VPOS="3143"
                          HPOS="702"
                          CONTENT="quod"/>
                  <SP HEIGHT="80" WIDTH="16" VPOS="3143" HPOS="831"/>
                  <String HEIGHT="80"
                          WIDTH="209"
                          VPOS="3143"
                          HPOS="783"
                          CONTENT="sequitur."/>
                  <SP HEIGHT="80" WIDTH="16" VPOS="3143" HPOS="992"/>
                  <String HEIGHT="80"
                          WIDTH="145"
                          VPOS="3143"
                          HPOS="944"
                          CONTENT="Sicut"/>
                  <SP HEIGHT="80" WIDTH="16" VPOS="3143" HPOS="1089"/>
                  <String HEIGHT="80"
                          WIDTH="193"
                          VPOS="3143"
                          HPOS="1041"
                          CONTENT="virgulta"/>
                  <SP HEIGHT="80" WIDTH="16" VPOS="3143" HPOS="1234"/>
                  <String HEIGHT="80" WIDTH="81" VPOS="3143" HPOS="1186" CONTENT="&amp;"/>
                  <SP HEIGHT="80" WIDTH="16" VPOS="3143" HPOS="1266"/>
                  <String HEIGHT="80"
                          WIDTH="177"
                          VPOS="3143"
                          HPOS="1218"
                          CONTENT="haerbas"/>
                  <SP HEIGHT="80" WIDTH="16" VPOS="3143" HPOS="1395"/>
                  <String HEIGHT="80"
                          WIDTH="129"
                          VPOS="3143"
                          HPOS="1347"
                          CONTENT="sine"/>
                  <SP HEIGHT="80" WIDTH="16" VPOS="3143" HPOS="1476"/>
                  <String HEIGHT="80"
                          WIDTH="145"
                          VPOS="3143"
                          HPOS="1427"
                          CONTENT="anima"/>
                  <SP HEIGHT="80" WIDTH="16" VPOS="3143" HPOS="1572"/>
                  <String HEIGHT="80"
                          WIDTH="161"
                          VPOS="3143"
                          HPOS="1524"
                          CONTENT="moueri"/>
                  <SP HEIGHT="80" WIDTH="16" VPOS="3143" HPOS="1685"/>
                  <String HEIGHT="80" WIDTH="81" VPOS="3143" HPOS="1637" CONTENT="&amp;"/>
                  <SP HEIGHT="80" WIDTH="16" VPOS="3143" HPOS="1717"/>
                  <String HEIGHT="80"
                          WIDTH="242"
                          VPOS="3143"
                          HPOS="1669"
                          CONTENT="incrementum"/>
                  <SP HEIGHT="80" WIDTH="16" VPOS="3143" HPOS="1911"/>
                  <String HEIGHT="80"
                          WIDTH="129"
                          VPOS="3143"
                          HPOS="1846"
                          CONTENT="habere"/>
               </TextLine>
            </TextBlock>
         </PrintSpace>
      </Page>
   </Layout>
</alto>
