2442 3724
452 297 196 80 videmus.
599 297 82 80 &
631 297 180 80 constat
762 297 131 80 quod
844 297 147 80 illud
942 297 114 80 non
1008 297 114 80 est
1073 297 131 80 nisi
1155 297 147 80 motum
1253 297 82 80 &
1285 297 245 80 incrementum
1482 297 98 80 in
1531 297 294 80 transmutatione
1776 297 245 80 praecedente
1972 297 98 80 in
2021 297 163 80 semine
2136 297 147 80 eorum

452 374 261 65 generationem
664 374 131 65 quae
746 374 212 65 praecedit
909 374 163 65 animam
1023 374 82 65 &
1056 374 163 65 formam
1170 374 180 65 geniti:
1301 374 82 65 &
1334 374 114 65 est
1399 374 82 65 a
1432 374 180 65 virtute
1562 374 229 65 generantis
1742 374 229 65 existentis
1922 374 98 65 in
1971 374 180 65 semine,
2101 374 114 65 qua
2150 374 82 65 ge-

455 423 165 62 nerans
571 423 182 62 generat
703 423 83 62 &
736 423 215 62 assimilat
901 423 132 62 sibi
984 423 198 62 genitum.
1133 423 198 62 secundum
1281 423 132 62 quod
1364 423 149 62 dicit
1463 423 248 62 philosophus
1661 423 99 62 in
1711 423 182 62 septimo
1843 423 281 62 Metaphysicae.
2074 423 149 62 Semen
2156 423 83 62 fa-

453 470 105 61 cit
513 470 135 61 sicut
603 470 120 61 illa
679 470 120 61 quae
754 470 120 61 sunt
829 470 90 61 ex
874 470 211 61 artificio:
1040 470 165 61 quoniam
1160 470 90 61 in
1205 470 120 61 illo
1280 470 105 61 est
1340 470 135 61 forma
1431 470 90 61 in
1476 470 196 61 potentia:
1626 470 75 61 &
1656 470 135 61 illud
1747 470 90 61 ex
1792 470 105 61 quo
1852 470 105 61 est
1912 470 150 61 semen:
2017 470 211 61 conveniens
2168 470 75 61 est

455 521 92 63 in
501 521 169 63 nomine.
623 521 107 63 vbi
685 521 138 63 dicit
776 521 245 63 commentator,
976 521 92 63 ld
1022 521 107 63 est
1083 521 138 63 semen
1175 521 169 63 generat
1297 521 107 63 per
1359 521 215 63 potentiam:
1527 521 123 63 quae
1604 521 107 63 est
1665 521 92 63 in
1711 521 107 63 eo,
1772 521 169 63 similem
1895 521 215 63 artificio:
2063 521 77 63 &
2094 521 138 63 forma
2171 521 61 63 ge

454 577 163 64 nerati
568 577 98 64 in
616 577 163 64 semine
730 577 114 64 est
796 577 98 64 in
844 577 212 64 potentia:
1007 577 244 64 quemadmodum
1202 577 146 64 forma
1300 577 212 64 artificii
1463 577 114 64 est
1528 577 98 64 in
1577 577 195 64 potentia
1723 577 98 64 in
1772 577 212 64 artifice:
1935 577 81 64 &
1967 577 146 64 illud
2065 577 98 64 ex
2114 577 114 64 quo
2163 577 81 64 est

454 629 148 68 semen
552 629 197 68 convenit
700 629 164 68 nomine
814 629 82 68 &
847 629 180 68 ratione
978 629 115 68 cum
1044 629 98 68 eo
1093 629 131 68 quid
1175 629 115 68 fit
1241 629 98 68 ex
1290 629 180 68 semine.
1421 629 164 68 Semina
1536 629 131 68 enim
1618 629 131 68 sunt
1700 629 131 68 illa
1782 629 131 68 quae
1864 629 131 68 dant
1946 629 164 68 formas
2061 629 148 68 rerum
2143 629 98 68 gene

449 688 178 61 ratarum
578 688 81 61 a
610 688 210 61 seminibus
772 688 113 61 per
837 688 162 61 formas
950 688 129 61 quas
1031 688 194 61 dederunt
1176 688 162 61 semina
1289 688 242 61 generantia.
1483 688 97 61 In
1532 688 291 61 generationibus
1774 688 145 61 autem
1871 688 97 61 ex
1920 688 97 61 se
1968 688 178 61 apparet
2098 688 129 61 quod
2162 688 81 61 cor

456 747 124 59 pora
534 747 202 59 caelestia
689 747 124 59 sunt
767 747 124 59 illa
844 747 124 59 quae
922 747 124 59 dant
1000 747 140 59 istis
1093 747 171 59 aliquid
1217 747 124 59 loco
1294 747 171 59 seminis
1419 747 78 59 &
1450 747 186 59 virtutum
1589 747 124 59 quae
1667 747 124 59 sunt
1744 747 93 59 in
1791 747 217 59 seminibus:
1962 747 78 59 &
1993 747 124 59 quod
2070 747 140 59 omnia
2148 747 93 59 ista

454 799 122 58 sunt
530 799 183 58 virtutes
667 799 198 58 naturales
819 799 167 58 diuinae
941 799 213 58 generantes
1108 799 122 58 sibi
1185 799 167 58 similia
1306 799 183 58 secundum
1443 799 122 58 quod
1519 799 137 58 artes
1611 799 107 58 sua
1672 799 183 58 generant
1809 799 244 58 artificiata.
2007 799 91 58 Et
2052 799 137 58 istae
2128 799 107 58 virtu

450 846 112 66 tes
514 846 255 66 assimilantur
721 846 239 66 intellectui
913 846 96 66 in
961 846 96 66 eo
1008 846 128 66 quod
1088 846 144 66 agunt
1184 846 112 66 non
1248 846 112 66 per
1312 846 255 66 instrumentum
1519 846 223 66 corporale:
1695 846 80 66 &
1726 846 144 66 agunt
1822 846 112 66 per
1886 846 239 66 instrumenta
2061 846 176 66 terminata

454 908 83 61 &
488 908 182 61 membra,
620 908 199 61 propria.
769 908 99 61 Et
819 908 132 61 ideo
901 908 182 61 dubitat
1034 908 182 61 Galenus
1166 908 149 61 vtrum
1265 908 132 61 ista
1348 908 166 61 virtus
1464 908 116 61 sit
1530 908 182 61 creator
1663 908 99 61 an
1712 908 132 61 non:
1795 908 116 61 sed
1861 908 281 61 vniuersaliter
2093 908 116 61 non
2143 908 99 61 agit

456 952 121 77 nisi
532 952 106 77 per
592 952 167 77 calorem
713 952 106 77 qui
774 952 106 77 est
835 952 91 77 in
880 952 167 77 semine:
1001 952 106 77 non
1062 952 106 77 ita
1123 952 121 77 quod
1198 952 106 77 sit
1259 952 152 77 forma,
1365 952 136 77 sicut
1456 952 136 77 anima
1547 952 91 77 in
1592 952 167 77 corpore
1714 952 197 77 naturali:
1865 952 106 77 sed
1926 952 121 77 quod
2002 952 106 77 sit
2062 952 167 77 inclusa
2168 952 61 77 si

449 1007 122 69 cut
518 1007 157 69 anima
623 1007 104 69 in
675 1007 191 69 corpore
814 1007 226 69 caelesti.
988 1007 261 69 Formationem
1196 1007 139 69 vero
1283 1007 209 69 corporis
1440 1007 174 69 humani
1562 1007 104 69 in
1614 1007 157 69 vtero
1718 1007 139 69 tali
1805 1007 191 69 virtute
1944 1007 104 69 ex
1997 1007 191 69 semine,
2118 1007 122 69 expri

453 1061 119 67 mit
521 1061 136 67 Beda
606 1061 204 67 exponens
759 1061 153 67 illud
860 1061 153 67 loan.
962 1061 119 67 xi.
1030 1061 255 67 Quadraginta
1234 1061 119 67 sex
1302 1061 153 67 annis
1403 1061 255 67 aedificatum
1607 1061 119 67 est
1675 1061 204 67 templum.
1828 1061 187 67 dicens.
1963 1061 221 67 Conceptum
2116 1061 119 67 semen

456 1119 176 62 primis
580 1119 123 62 sex
650 1119 176 62 diebus
773 1119 88 62 a
808 1119 264 62 conceptione
1020 1119 176 62 lactis
1143 1119 158 62 habet
1248 1119 317 62 similitudinem:
1512 1119 158 62 nouem
1618 1119 264 62 sequentibus
1829 1119 211 62 vertitur
1988 1119 106 62 in
2023 1119 211 62 sanguinem.

457 1170 201 64 Duodecim
608 1170 251 64 sequentibus
809 1170 251 64 coagulatur,
1010 1170 84 64 &
1044 1170 101 64 in
1094 1170 168 64 carnis
1212 1170 251 64 soliditatem
1413 1170 235 64 redigitur.
1597 1170 151 64 Aliis
1698 1170 151 64 vero.
1798 1170 168 64 xviii.
1916 1170 201 64 formatur
2066 1170 151 64 vsque
2167 1170 101 64 ad

455 1222 206 70 perfecta
609 1222 223 70 membrorum
780 1222 257 70 lineamenta.
986 1222 137 70 Hinc
1071 1222 120 70 iam
1140 1222 154 70 vsque
1243 1222 103 70 ad
1294 1222 171 70 tempus
1414 1222 223 70 editionis
1585 1222 257 70 magnitudine
1791 1222 171 70 semper
1911 1222 206 70 augetur.
2065 1222 120 70 Sex
2116 1222 120 70 autem

443 1278 169 67 nouem,
561 1278 220 67 duodecim,
730 1278 84 67 &
764 1278 220 67 octodecim
933 1278 101 67 in
983 1278 152 67 summa
1085 1278 220 67 collecti.
1254 1278 135 67 xlv.
1338 1278 253 67 perficiunt.
1541 1278 169 67 quibus
1659 1278 101 67 si
1710 1278 152 67 ipsum
1811 1278 135 67 diem
1895 1278 203 67 adiicias
2047 1278 118 67 quo
2098 1278 135 67 discre

454 1327 115 68 tum
519 1327 115 68 per
585 1327 164 68 membra
700 1327 197 68 corporis
848 1327 181 68 incipit
980 1327 164 68 sumere
1095 1327 230 68 crementum.
1276 1327 148 68 xlvi.
1375 1327 164 68 absque
1490 1327 164 68 errore
1605 1327 214 68 reperies.
1769 1327 115 68 Per
1835 1327 132 68 quod
1917 1327 214 68 videlicet
2082 1327 115 68 tot
2131 1327 99 68 dies

458 1381 100 64 in
508 1381 282 64 aedificatione
741 1381 199 64 corporis
890 1381 183 64 Christi
1023 1381 216 64 reperies,
1189 1381 133 64 quot
1272 1381 149 64 annos
1372 1381 100 64 in
1421 1381 183 64 fabrica
1554 1381 166 64 templi
1670 1381 199 64 legimus.
1820 1381 100 64 Et
1870 1381 149 64 dicit
1969 1381 116 64 ibi
2036 1381 183 64 glossa.
2152 1381 83 64 Hic

450 1440 204 64 numerus
599 1440 222 64 conuenit
765 1440 278 64 perfectioni
987 1440 222 64 dominici
1154 1440 241 64 corporis.
1339 1440 148 64 quia
1431 1440 111 64 vt
1487 1440 185 64 dicunt
1616 1440 222 64 physici,
1783 1440 130 64 tot
1857 1440 185 64 diebus
1986 1440 167 64 forma
2079 1440 148 64 humani

452 1489 219 62 corporis
616 1489 273 62 perficitur.
834 1489 401 62 Quadragintaquinque
1180 1489 182 62 diebus
1308 1489 91 62 a
1344 1489 200 62 virtute
1490 1489 237 62 existente
1672 1489 109 62 in
1727 1489 182 62 semine
1854 1489 237 62 solidatur
2018 1489 219 62 substantia

450 1550 196 62 seminis
593 1550 89 62 &
629 1550 286 62 condensatur:
861 1550 89 62 &
896 1550 232 62 figuratur
1075 1550 178 62 figura
1200 1550 232 62 membrorum
1378 1550 178 62 humani
1503 1550 232 62 corporis:
1682 1550 89 62 &
1717 1550 125 62 sit
1789 1550 196 62 materia
1932 1550 161 62 quasi
2021 1550 214 62 necessitas

458 1596 99 66 ad
507 1596 165 66 formam
622 1596 198 66 humanam.
770 1596 82 66 &
803 1596 148 66 tunc.
902 1596 148 66 xlvi.
1001 1596 115 66 die
1067 1596 99 66 in
1116 1596 165 66 aliquo
1231 1596 198 66 instanti
1380 1596 132 66 eius
1462 1596 247 66 terminatur,
1660 1596 82 66 &
1693 1596 247 66 discernitur
1890 1596 132 66 illa
1973 1596 231 66 solidatio,
2154 1596 82 66 &
2170 1596 66 66 fi

460 1655 207 70 guratio,
615 1655 86 70 &
649 1655 241 70 commixtio,
839 1655 86 70 &
873 1655 155 70 omnia
977 1655 241 70 accidentia
1166 1655 138 70 eius
1253 1655 121 70 per
1322 1655 172 70 formam
1442 1655 172 70 carnis
1563 1655 190 70 eductam
1701 1655 103 70 de
1752 1655 207 70 potentia
1908 1655 224 70 materiae,
2080 1655 86 70 &
2097 1655 138 70 animam

454 1708 216 64 infusam:
616 1708 90 64 &
652 1708 234 64 generatur
832 1708 144 64 homo
922 1708 234 64 perfectus
1102 1708 108 64 in
1156 1708 144 64 esse
1246 1708 306 64 substantiali,
1498 1708 90 64 &
1534 1708 216 64 permanet
1696 1708 162 64 forma
1804 1708 108 64 in
1858 1708 198 64 materia
2002 1708 126 64 per
2056 1708 180 64 temperan

453 1757 157 62 tiam,
557 1757 87 62 &
592 1757 297 62 terminationem
837 1757 262 62 accidentium
1046 1757 140 62 eius
1134 1757 105 62 ab
1186 1757 140 62 ipsa
1273 1757 175 62 forma:
1396 1757 122 62 nec
1466 1757 192 62 recedit
1605 1757 210 62 quousque
1762 1757 140 62 illa
1850 1757 262 62 temperantia
2059 1757 87 62 &
2077 1757 157 62 termina

454 1813 121 63 tio
523 1813 277 63 corrumpitur,
748 1813 104 63 vt
800 1813 173 63 dictum
921 1813 138 63 est.
1007 1813 121 63 Qua
1076 1813 208 63 corrupta
1232 1813 190 63 actione
1370 1813 190 63 agentis
1509 1813 121 63 per
1578 1813 225 63 naturalem
1751 1813 329 63 contrarietatem:
2027 1813 190 63 necesse
2149 1813 86 63 est

456 1869 198 61 corrumpi
604 1869 115 61 vel
670 1869 198 61 separari
818 1869 165 61 formam
934 1869 132 61 quae
1016 1869 132 61 fine
1098 1869 132 61 illa
1181 1869 148 61 stare
1280 1869 115 61 non
1346 1869 165 61 potest
1461 1869 115 61 per
1527 1869 198 61 naturam:
1675 1869 99 61 vt
1725 1869 165 61 formam
1840 1869 165 61 carnis
1956 1869 82 61 &
1989 1869 181 61 humanae
2104 1869 132 61 corpo-

455 1920 198 70 reitatis
604 1920 182 70 eductae
736 1920 99 70 de
786 1920 198 70 potentia
934 1920 215 70 materiae,
1099 1920 182 70 necesse
1231 1920 116 70 est
1297 1920 182 70 quantum
1429 1920 116 70 est
1495 1920 99 70 de
1545 1920 182 70 communi
1677 1920 149 70 cursu
1776 1920 198 70 naturae,
1924 1920 215 70 corrumpi:
2089 1920 83 70 &
2106 1920 132 70 animam

456 1973 239 58 rationalem
644 1973 205 58 separari
798 1973 120 58 per
866 1973 273 58 corruptionem
1088 1973 171 58 mortis
1208 1973 103 58 in
1259 1973 205 58 corpore:
1413 1973 171 58 qualem
1532 1973 205 58 Christus
1686 1973 239 58 sustinuit:
1874 1973 85 58 &
1908 1973 137 58 tunc
1994 1973 137 58 ipsa
2062 1973 171 58 separata

460 2029 187 68 incipit
596 2029 221 68 corruptio
766 2029 289 68 dissolutionis
1004 2029 221 68 continuae
1174 2029 119 68 via
1242 2029 306 68 putrefactionis
1497 2029 85 68 &
1531 2029 255 68 elementorum
1735 2029 289 68 separationis:
1973 2029 187 68 propter
2092 2029 136 68 corru-

455 2083 173 68 ptionem
581 2083 157 68 formae
691 2083 142 68 mixti
786 2083 94 68 in
833 2083 142 68 aliis
927 2083 79 68 a
959 2083 189 68 Christo,
1100 2083 79 68 &
1132 2083 110 68 non
1195 2083 94 68 in
1242 2083 142 68 ipso:
1336 2083 126 68 quia
1415 2083 126 68 illa
1494 2083 157 68 forma,
1604 2083 94 68 vt
1651 2083 142 68 alias
1745 2083 157 68 dictum
1855 2083 126 68 est,
1934 2083 94 68 in
1981 2083 126 68 ipso
2044 2083 189 68 incorrupta

460 2138 225 74 permansit.
636 2138 128 74 Vnde
717 2138 176 74 dicitur
845 2138 96 74 in
893 2138 144 74 libro
989 2138 96 74 de
1037 2138 176 74 spiritu
1166 2138 80 74 &
1198 2138 160 74 anima.
1310 2138 192 74 Corporis
1454 2138 144 74 autem
1550 2138 225 74 compositio
1727 2138 112 74 sic
1791 2138 128 74 fit:
1871 2138 160 74 corpus
1983 2138 176 74 constat
2112 2138 96 74 ex
2144 2138 96 74 offi

457 2190 200 62 cialibus
607 2190 200 62 membris,
757 2190 233 62 officialia
940 2190 100 62 ex
990 2190 283 62 consimilibus,
1223 2190 233 62 consimilia
1406 2190 100 62 ex
1456 2190 233 62 humoribus,
1639 2190 183 62 humores
1772 2190 100 62 ex
1822 2190 166 62 cibis,
1938 2190 133 62 cibi
2022 2190 100 62 ex
2055 2190 183 62 elementis

459 2249 77 67 &
489 2249 139 67 nihil
582 2249 139 67 horum
674 2249 108 67 est
736 2249 154 67 anima:
844 2249 108 67 sed
906 2249 93 67 in
952 2249 139 67 istis
1045 2249 170 67 tanquam
1168 2249 93 67 in
1214 2249 170 67 organis
1338 2249 139 67 agit:
1430 2249 77 67 &
1461 2249 108 67 per
1523 2249 108 67 hoc
1584 2249 170 67 corpori
1708 2249 200 67 consulit:
1862 2249 77 67 &
1893 2249 123 67 huic
1970 2249 139 67 vitae
2062 2249 93 67 in
2109 2249 108 67 qua
2155 2249 77 67 fa-

458 2301 133 64 ctus
542 2301 117 64 est
608 2301 133 64 homo
692 2301 100 64 in
742 2301 167 64 animam
859 2301 217 64 viuentem.
1025 2301 133 64 Quae
1109 2301 117 64 cum
1175 2301 183 64 sensata
1309 2301 83 64 &
1342 2301 200 64 ordinata
1492 2301 200 64 fuerint,
1642 2301 217 64 congruunt
1809 2301 300 64 viuificationi,
2059 2301 83 64 &
2076 2301 150 64 nunquam

457 2350 182 55 recedit
590 2350 149 55 anima
689 2350 99 55 ab
738 2350 132 55 eis.
821 2350 99 55 Si
870 2350 132 55 vero
953 2350 264 55 distemperata
1168 2350 83 55 &
1201 2350 182 55 confusa
1333 2350 198 55 fuerint,
1481 2350 165 55 inuita
1597 2350 182 55 recedit
1729 2350 149 55 anima
1828 2350 149 55 secum
1927 2350 182 55 trahens
2059 2350 165 55 omnia:
2158 2350 83 55 sen

454 2406 116 71 sum
521 2406 215 71 scilicet,
686 2406 297 71 imaginationem,
933 2406 215 71 rationem,
1099 2406 83 71 &
1132 2406 264 71 intellectum,
1346 2406 330 71 concupiscentiam,
1627 2406 83 71 &
1660 2406 330 71 irascibilitatem.
1941 2406 165 71 Corpus
2056 2406 149 71 autem
2139 2406 99 71 quod

453 2457 160 68 prius
560 2457 213 68 integrum
720 2457 196 68 tanquam
862 2457 196 68 organum
1004 2457 320 68 contemperatum,
1271 2457 249 68 dispositum
1467 2457 107 68 vt
1520 2457 160 68 melos
1627 2457 196 68 musicum
1769 2457 107 68 in
1822 2457 107 68 se
1875 2457 249 68 contineat,
2071 2457 89 68 &
2089 2457 142 68 tactum

458 2521 205 60 resonet:
611 2521 136 60 nunc
697 2521 239 60 confractum
884 2521 85 60 &
918 2521 188 60 inutile
1055 2521 85 60 e
1089 2521 188 60 regione
1225 2521 170 60 iacet:
1344 2521 153 60 anima
1447 2521 136 60 vero
1532 2521 290 60 recurrentibus
1771 2521 102 60 ad
1822 2521 205 60 regiones
1975 2521 136 60 suas
2043 2521 188 60 elemento-

460 2566 119 68 rum
528 2566 204 68 partibus
681 2566 119 68 non
749 2566 170 68 habens
869 2566 119 68 vbi
937 2566 153 68 vires
1039 2566 136 68 suas
1124 2566 221 68 exerceat,
1294 2566 238 68 requiescit
1482 2566 170 68 tantum
1601 2566 102 68 ab
1652 2566 119 68 his
1720 2566 187 68 motibus
1856 2566 170 68 quibus
1976 2566 170 68 corpus
2095 2566 119 68 per
2146 2566 85 68 tem

452 2628 115 62 pus
517 2628 98 62 et
566 2628 148 62 locum
665 2628 197 62 mouebat:
812 2628 131 62 ipsa
894 2628 115 62 per
960 2628 164 62 tempus
1075 2628 115 62 non
1140 2628 213 62 localiter
1304 2628 148 62 mota.
1403 2628 180 62 quoniam
1534 2628 131 62 etsi
1616 2628 180 62 organum
1747 2628 180 62 periit:
1879 2628 115 62 non
1944 2628 148 62 tamen
2043 2628 164 62 melos,
2141 2628 82 62 nec

458 2678 136 69 quid
543 2678 187 69 organum
679 2678 204 69 mouebat.
832 2678 119 69 HIS
900 2678 153 69 visis
1001 2678 221 69 recolligi
1171 2678 170 69 potest
1290 2678 204 69 breuiter
1443 2678 221 69 responsio
1613 2678 102 69 ad
1664 2678 255 69 quaestionem
1867 2678 102 69 an
1918 2678 136 69 mors
2003 2678 187 69 Christi
2122 2678 102 69 fuit

455 2726 228 66 naturalis.
634 2726 179 66 Quoniam
764 2726 114 66 cum
829 2726 130 66 mors
911 2726 195 66 Christi,
1057 2726 98 66 vt
1106 2726 179 66 habitum
1236 2726 130 66 est,
1317 2726 147 66 nihil
1415 2726 147 66 aliud
1513 2726 114 66 sit
1578 2726 130 66 quam
1659 2726 195 66 priuatio
1806 2726 147 66 vitae
1903 2726 114 66 per
1969 2726 212 66 compositi
2115 2726 114 66 disso

455 2782 223 55 lutionem,
627 2782 103 55 et
678 2782 172 55 animae
799 2782 86 55 a
833 2782 189 55 corpore
970 2782 309 55 subtractionem:
1228 2782 206 55 possumus
1383 2782 155 55 loqui
1486 2782 103 55 de
1538 2782 137 55 ipsa
1623 2782 155 55 morte
1727 2782 103 55 ex
1778 2782 155 55 parte
1881 2782 172 55 ipsius
2002 2782 172 55 animae
2122 2782 137 55 quae

451 2836 271 53 separabatur,
672 2836 119 53 vel
739 2836 102 53 ex
790 2836 153 53 parte
892 2836 204 53 corporis
1045 2836 136 53 quod
1130 2836 136 53 erat
1214 2836 221 53 subiectum
1384 2836 221 53 sustinens
1554 2836 136 53 eius
1638 2836 288 53 separationem,
1876 2836 119 53 vel
1944 2836 102 53 ex
1995 2836 153 53 parte
2079 2836 153 53 agentis

455 2888 99 62 et
504 2888 246 62 efficientis
701 2888 148 62 ipsam
800 2888 279 62 separationem.
1030 2888 99 62 Ex
1079 2888 148 62 parte
1177 2888 164 62 ipsius
1292 2888 164 62 animae
1408 2888 246 62 dupliciter.
1605 2888 181 62 Quoniam
1736 2888 131 62 ipsa
1818 2888 230 62 dupliciter
1999 2888 164 62 potest
2098 2888 131 62 consi-

458 2940 185 59 derari.
593 2940 118 59 Vno
660 2940 134 59 modo
744 2940 201 59 secundum
895 2940 118 59 se.
962 2940 134 59 Alio
1046 2940 134 59 modo
1130 2940 201 59 respectu
1281 2940 285 59 dispositionis
1516 2940 218 59 corporis.
1684 2940 151 59 Primo
1785 2940 134 59 mors
1868 2940 185 59 Christi
2003 2940 118 59 non
2070 2940 134 59 fuit
2137 2940 84 59 na-

459 2994 182 69 turalis:
596 2994 122 69 quia
671 2994 106 69 non
732 2994 122 69 erat
808 2994 91 69 in
854 2994 152 69 natura
960 2994 152 69 animae
1066 2994 122 69 quod
1142 2994 167 69 necesse
1264 2994 122 69 erat
1340 2994 106 69 eam
1401 2994 182 69 separari
1537 2994 76 69 a
1568 2994 106 69 suo
1629 2994 182 69 corpore:
1765 2994 137 69 sicut
1856 2994 106 69 nec
1917 2994 182 69 cuiusque
2054 2994 197 69 alterius:

454 3050 138 54 immo
540 3050 155 54 magis
644 3050 207 54 naturale
799 3050 138 54 erat
885 3050 104 54 ei
937 3050 173 54 semper
1058 3050 173 54 manere
1178 3050 104 54 in
1230 3050 121 54 suo
1299 3050 207 54 corpore:
1455 3050 86 54 &
1489 3050 207 54 separari
1644 3050 138 54 erat
1731 3050 104 54 ei
1782 3050 155 54 extra
1886 3050 190 54 naturam
2024 3050 138 54 eius
2110 3050 86 54 &
2127 3050 104 54 vio-

452 3100 183 58 lentum:
585 3100 150 58 sicut
685 3100 83 58 &
718 3100 166 58 animae
835 3100 266 58 cuiuscumque,
1051 3100 283 58 quantumcunque
1284 3100 249 58 naturaliter
1484 3100 183 58 dicatur
1617 3100 150 58 mori.
1716 3100 116 58 Per
1783 3100 133 58 hunc
1866 3100 150 58 modum
1966 3100 150 58 etiam
2049 3100 183 58 quaelibet

446 3157 193 82 corruptio
594 3157 252 82 quantuncumque
802 3157 208 82 naturalis:
965 3157 163 82 quantum
1084 3157 104 82 est
1143 3157 89 82 ex
1187 3157 133 82 parte
1276 3157 119 82 eius
1350 3157 119 82 quid
1425 3157 237 82 corrumpitur,
1617 3157 163 82 praeter
1736 3157 163 82 naturam
1854 3157 119 82 eius
1929 3157 119 82 est,
2003 3157 74 82 &
2032 3157 193 82 violenter
2166 3157 59 82 ei
