2428 3709
414 243 112 98 put
478 243 128 98 sunt
558 243 96 98 in
606 243 193 98 seipsis,
751 243 176 98 falsae.
879 243 112 98 Sed
943 243 176 98 propter
1072 243 144 98 ipsum
1168 243 112 98 est
1232 243 209 98 certitudo
1393 243 160 98 earum:
1505 243 80 98 &
1537 243 193 98 respectu
1681 243 160 98 faciei
1794 243 209 98 sequentis
1954 243 128 98 sunt
2034 243 225 98 acquisita,

421 327 82 59 &
453 327 98 59 ob
502 327 114 59 hoc
568 327 147 59 omnis
666 327 114 59 res
731 327 147 59 perit
830 327 131 59 nisi
911 327 196 59 secundum
1058 327 98 59 id
1108 327 131 59 quod
1189 327 114 59 est
1255 327 164 59 versus
1369 327 164 59 facien
1484 327 147 59 eius.
1582 327 131 59 Vnde
1664 327 147 59 illud
1762 327 114 59 non
1827 327 114 59 ens
1893 327 131 59 quod
1974 327 114 59 non
2040 327 147 59 habet
2122 327 114 59 exem-

415 377 131 69 plar
497 377 98 69 in
546 377 131 69 deo:
628 377 82 69 &
661 377 213 69 propterea
825 377 115 69 non
890 377 115 69 est
956 377 148 69 natum
1055 377 131 69 esse
1137 377 148 69 extra
1235 377 181 69 aliquid
1366 377 98 69 in
1416 377 148 69 rerum
1514 377 181 69 natura:
1645 377 148 69 quale
1744 377 246 69 circunloqui
1941 377 230 69 intendimus
2121 377 115 69 hoc
2170 377 66 69 no

412 434 130 63 mine
493 434 195 63 chimaera
639 434 114 63 vel
704 434 260 63 hircoceruus:
916 434 146 63 illud
1013 434 163 63 omnino
1127 434 114 63 non
1192 434 163 63 potest
1306 434 130 63 dici
1387 434 163 63 natura
1501 434 114 63 vel
1566 434 211 63 essentia,
1729 434 114 63 aut
1794 434 130 63 res,
1875 434 114 63 vel
1940 434 211 63 certitudo
2103 434 163 63 aliqua

421 483 123 69 nata
498 483 123 69 capi
575 483 92 69 ab
621 483 247 69 intellectum:
821 483 123 69 quia
898 483 108 69 non
960 483 108 69 est
1022 483 185 69 obiectum
1160 483 123 69 nisi
1238 483 108 69 per
1299 483 123 69 quod
1376 483 123 69 est.
1453 483 123 69 vnde
1530 483 77 69 &
1561 483 92 69 de
1607 483 123 69 tali
1685 483 108 69 non
1746 483 123 69 ente
1823 483 108 69 non
1885 483 154 69 potent
1993 483 123 69 esse
2054 483 170 69 scientia.

419 546 135 60 eius
503 546 135 60 enim
588 546 118 60 non
655 546 186 60 entitas
790 546 219 60 opponitur
959 546 135 60 omni
1043 546 186 60 rationi
1178 546 236 60 entitatis,
1364 546 84 60 &
1397 546 101 60 in
1448 546 270 60 singularibus
1667 546 152 60 extra
1769 546 84 60 &
1802 546 202 60 secundum
1954 546 219 60 rationem,
2123 546 84 60 &
2140 546 84 60 se-

421 590 149 58 cundum
526 590 90 58 id
570 590 119 58 quod
645 590 104 58 est
705 590 90 58 in
749 590 119 58 esse
824 590 209 58 definitiuo
988 590 90 58 in
1033 590 149 58 anima.
1137 590 224 58 Intellectus
1316 590 134 58 autem
1406 590 149 58 falsus
1510 590 134 58 circa
1600 590 90 58 id
1644 590 119 58 quod
1719 590 179 58 secundum
1853 590 90 58 se
1898 590 104 58 est
1958 590 179 58 quiditas
2092 590 75 58 &
2122 590 134 58 natu-

420 645 97 66 ra
468 645 162 66 aliqua
582 645 113 66 est
647 645 243 66 intelligere
841 645 146 66 ipsum
938 645 130 66 esse
1020 645 195 66 secundum
1165 645 97 66 se
1214 645 178 66 aliquid
1344 645 162 66 absque
1457 645 130 66 omni
1538 645 227 66 conditione
1717 645 211 66 alterius,
1879 645 81 66 &
1911 645 146 66 extra
1992 645 227 66 intellectum,

409 699 82 63 &
441 699 148 63 extra
540 699 246 63 singularia.
736 699 98 63 Et
786 699 115 63 hoc
851 699 131 63 modo
933 699 164 63 aliqui
1048 699 246 63 imaginantur
1245 699 131 63 esse
1327 699 213 63 essentiae
1490 699 115 63 rei
1556 699 131 63 quod
1638 699 262 63 distinguimus
1851 699 164 63 contra
1966 699 131 63 esse
2048 699 131 63 eius
2130 699 131 63 natu

420 748 120 60 rae,
495 748 75 60 &
525 748 120 60 esse
601 748 196 60 rationis.
751 748 75 60 &
781 748 135 60 male.
871 748 135 60 Sicut
962 748 120 60 enim
1037 748 120 60 esse
1112 748 166 60 naturae
1233 748 105 60 rei
1293 748 211 60 appellatur
1458 748 196 60 certitudo
1609 748 120 60 eius
1684 748 105 60 cum
1744 748 256 60 conditionibus
1955 748 120 60 quas
2030 748 135 60 habet
2121 748 90 60 ab
2151 748 75 60 ef-

411 804 209 60 ficiente
567 804 156 60 extra
671 804 104 60 in
723 804 330 60 particularibus:
1001 804 87 60 &
1036 804 139 60 esse
1123 804 209 60 rationis
1280 804 243 60 appellatur
1471 804 226 60 certitudo
1645 804 139 60 eius
1731 804 122 60 cum
1801 804 295 60 conditionibus
2044 804 139 60 quas
2131 804 122 60 ha-

412 856 110 58 bet
475 856 94 58 ab
522 856 220 58 intellectu
695 856 94 58 in
742 856 126 58 eius
820 856 188 58 conceptu
962 856 94 58 in
1009 856 204 58 relatione
1166 856 78 58 &
1197 856 251 58 comperatione
1401 856 94 58 ad
1448 856 173 58 aliquid
1574 856 157 58 aliud:
1683 856 110 58 sic
1746 856 126 58 esse
1825 856 204 58 essentiae
1982 856 110 58 rei
2029 856 188 58 appellatur

413 913 217 60 certitudo
580 913 134 60 eius
664 913 201 60 concepta
815 913 217 60 absolute:
982 913 167 60 absque
1099 913 134 60 omni
1182 913 234 60 conditione
1366 913 134 60 quam
1450 913 134 60 nata
1533 913 117 60 est
1600 913 167 60 habere
1717 913 100 60 in
1768 913 134 60 esse
1851 913 184 60 naturae
1985 913 117 60 vel
2035 913 184 60 rationis.

418 965 134 62 Vnde
502 965 100 62 vt
552 965 134 62 vult
635 965 217 62 Auicenna.
802 965 117 62 xv.
869 965 217 62 Certitudo
1036 965 117 62 rei
1103 965 100 62 ex
1153 965 117 62 hoc
1220 965 134 62 quod
1303 965 117 62 est
1370 965 117 62 res
1437 965 84 62 &
1470 965 167 62 natura
1587 965 167 62 aliqua
1704 965 200 62 absolute
1855 965 117 62 est
1921 965 200 62 quiddam,
2072 965 117 62 sed
2138 965 117 62 non

417 1018 190 66 existens
560 1018 127 66 nisi
639 1018 95 66 in
686 1018 253 66 singularibus
892 1018 111 66 vel
956 1018 95 66 in
1003 1018 222 66 intellectu
1178 1018 143 66 sicut
1273 1018 158 66 dictum
1383 1018 127 66 est:
1463 1018 79 66 &
1494 1018 95 66 ex
1542 1018 111 66 hoc
1605 1018 127 66 quod
1684 1018 127 66 ipsa
1764 1018 127 66 nata
1843 1018 111 66 est
1906 1018 206 66 intelligi
2065 1018 95 66 vt
2096 1018 127 66 vniuer

409 1073 130 58 sale
490 1073 114 58 vel
555 1073 261 58 particulare,
767 1073 114 58 est
833 1073 179 58 quiddam
963 1073 163 58 aliud:
1077 1073 82 58 &
1110 1073 98 58 ex
1159 1073 114 58 hoc
1224 1073 130 58 quod
1306 1073 114 58 est
1371 1073 98 58 in
1420 1073 130 58 actu
1501 1073 147 58 extra
1599 1073 98 58 in
1648 1073 277 58 singularibus,
1877 1073 114 58 est
1942 1073 179 58 quiddam
2056 1073 163 58 tertium.

444 1129 116 60 CVM
511 1129 133 60 ergo
594 1129 215 60 quaeritur
759 1129 149 60 vtrum
859 1129 116 60 sit
925 1129 166 60 ponere
1041 1129 182 60 aliquam
1173 1129 215 60 essentiam
1339 1129 99 60 se
1389 1129 166 60 habere
1505 1129 116 60 per
1571 1129 298 60 indifferentiam
1819 1129 99 60 ad
1869 1129 133 60 esse
1952 1129 83 60 &
1985 1129 116 60 non
2051 1129 149 60 esse:
2151 1129 99 60 di

420 1174 248 65 stinguendum
619 1174 116 65 est
685 1174 99 65 de
735 1174 116 65 non
801 1174 149 65 esse.
900 1174 116 65 Aut
966 1174 132 65 enim
1049 1174 198 65 loquimur
1197 1174 99 65 de
1247 1174 116 65 non
1313 1174 132 65 esse
1396 1174 132 65 quod
1478 1174 149 65 negat
1577 1174 149 65 omnem
1677 1174 198 65 rationem
1825 1174 198 65 essendi:
1974 1174 149 65 quale
2073 1174 116 65 non
2123 1174 99 65 esse

421 1235 111 62 est
485 1235 127 62 eius
564 1235 95 62 de
612 1235 111 62 quo
675 1235 111 62 non
739 1235 143 62 habet
834 1235 127 62 esse
913 1235 238 62 intellectus
1104 1235 111 62 vel
1167 1235 206 62 scientia:
1326 1235 127 62 quod
1405 1235 111 62 non
1469 1235 143 62 habet
1564 1235 191 62 rationem
1707 1235 143 62 extra
1802 1235 111 62 rem
1866 1235 95 62 in
1913 1235 127 62 deo:
1993 1235 111 62 nec
2056 1235 143 62 natum
2136 1235 79 62 est

421 1292 133 58 esse
505 1292 100 58 in
554 1292 150 58 rerum
654 1292 183 58 natura:
787 1292 116 58 nec
854 1292 116 58 est
920 1292 116 58 res
987 1292 116 58 aut
1054 1292 166 58 natura
1170 1292 133 58 siue
1253 1292 200 58 quiditas
1403 1292 183 58 aliqua.
1536 1292 116 58 Aut
1602 1292 100 58 de
1652 1292 116 58 non
1719 1292 133 58 esse
1802 1292 133 58 quod
1885 1292 150 58 negat
1985 1292 133 58 esse
2052 1292 166 58 secundum

422 1336 128 71 vnam
502 1336 192 71 rationem
646 1336 192 71 essendi,
789 1336 144 71 ponit
885 1336 144 71 tamen
981 1336 128 71 esse
1061 1336 192 71 secundum
1205 1336 160 71 aliam,
1317 1336 208 71 videlicet
1476 1336 128 71 quod
1556 1336 144 71 negat
1652 1336 128 71 esse
1732 1336 192 71 actualis
1876 1336 240 71 existentiae
2067 1336 96 71 in
2099 1336 128 71 singu-

419 1395 175 65 laribus
546 1395 159 65 extra:
658 1395 143 65 quale
753 1395 159 65 potest
865 1395 127 65 esse
944 1395 127 65 eius
1024 1395 127 65 quod
1104 1395 191 65 secundum
1247 1395 96 65 se
1295 1395 111 65 est
1358 1395 159 65 natura
1470 1395 80 65 &
1502 1395 191 65 quiditas
1645 1395 175 65 aliqua:
1772 1395 191 65 secundum
1916 1395 127 65 quod
1995 1395 207 65 expositum
2138 1395 80 65 est

420 1447 180 61 Loquendo
555 1447 90 61 de
600 1447 105 61 non
660 1447 120 61 esse
735 1447 135 61 primo
825 1447 135 61 modo:
915 1447 75 61 &
945 1447 90 61 de
990 1447 195 61 quocumque
1140 1447 120 61 esse
1215 1447 120 61 sibi
1290 1447 195 61 opposito,
1440 1447 105 61 non
1500 1447 105 61 est
1560 1447 150 61 ponere
1665 1447 135 61 neque
1755 1447 90 61 in
1800 1447 135 61 rerum
1890 1447 165 61 natura,
2010 1447 135 61 neque
2100 1447 90 61 in
2145 1447 105 61 in-

423 1501 182 64 tellectu
559 1501 167 64 aliquam
680 1501 212 64 essentiam,
847 1501 121 64 quae
923 1501 106 64 per
983 1501 273 64 indifferentiam
1210 1501 91 64 se
1256 1501 151 64 habeat
1362 1501 91 64 ad
1407 1501 136 64 esse,
1498 1501 76 64 &
1528 1501 91 64 ad
1574 1501 106 64 non
1634 1501 136 64 esse:
1725 1501 121 64 quia
1801 1501 121 64 quod
1877 1501 121 64 illo
1952 1501 121 64 modo
2028 1501 106 64 est
2089 1501 106 64 non
2134 1501 91 64 esse

420 1564 92 61 de
466 1564 107 61 se,
527 1564 107 61 est
588 1564 168 61 necesse
710 1564 107 61 non
771 1564 137 61 esse:
862 1564 137 61 sicut
954 1564 122 61 deus
1030 1564 122 61 ipse
1106 1564 107 61 ita
1167 1564 137 61 habet
1259 1564 122 61 esse
1335 1564 122 61 quod
1411 1564 107 61 est
1472 1564 168 61 necesse
1594 1564 137 61 esse.
1686 1564 137 61 Nihil
1778 1564 137 61 autem
1869 1564 122 61 quid
1945 1564 92 61 ex
1991 1564 107 61 sua
2052 1564 153 61 natura
2144 1564 76 61 est

419 1607 159 64 natura
530 1607 79 64 &
562 1607 191 64 essentia
705 1607 159 64 aliqua
816 1607 191 64 secundum
959 1607 127 64 quod
1039 1607 207 64 expositum
1198 1607 127 64 est,
1277 1607 159 64 potest
1389 1607 159 64 habere
1500 1607 127 64 tale
1579 1607 111 64 non
1643 1607 143 64 esse:
1738 1607 127 64 quia
1818 1607 127 64 tunc
1897 1607 111 64 non
1961 1607 143 64 esset
2056 1607 159 64 natura
2152 1607 79 64 seu

417 1663 117 61 res
484 1663 83 61 &
517 1663 200 61 essentia
668 1663 184 61 aliqua,
801 1663 83 61 &
834 1663 267 61 implicaretur
1051 1663 100 61 in
1101 1663 200 61 subiecto
1251 1663 217 61 oppositum
1418 1663 234 61 praedicti.
1602 1663 133 61 Vnde
1685 1663 150 61 dicit
1785 1663 200 61 Auicenna
1935 1663 100 61 de
1985 1663 133 61 tali
2069 1663 117 61 non
2119 1663 100 61 ente

427 1722 162 62 Quomodo
545 1722 88 62 de
589 1722 103 62 non
648 1722 118 62 esse
721 1722 147 62 potest
824 1722 118 62 dici
898 1722 118 62 res:
971 1722 88 62 q.
1015 1722 88 62 d.
1060 1722 132 62 nullo
1148 1722 132 62 modo.
1236 1722 176 62 Loquendo
1368 1722 132 62 autem
1456 1722 88 62 de
1501 1722 103 62 non
1559 1722 118 62 esse
1633 1722 162 62 secundo
1751 1722 132 62 modo,
1839 1722 118 62 quae
1912 1722 176 62 scilicet
2045 1722 88 62 id
2089 1722 118 62 quod
2147 1722 74 62 est

431 1771 110 72 in
486 1771 110 72 se
540 1771 219 72 secundum
705 1771 238 72 conceptum
888 1771 183 72 mentis
1016 1771 238 72 absolutum
1198 1771 128 72 res
1272 1771 91 72 &
1308 1771 183 72 natura
1436 1771 183 72 aliqua
1564 1771 128 72 non
1637 1771 165 72 habet
1747 1771 146 72 esse
1838 1771 146 72 actu
1930 1771 110 72 in
1966 1771 256 72 singularibus

430 1826 155 62 extra:
539 1826 109 62 hoc
601 1826 124 62 modo
679 1826 124 62 bene
756 1826 109 62 est
818 1826 155 62 ponere
927 1826 202 62 essentiam
1082 1826 78 62 &
1113 1826 171 62 naturam
1237 1826 171 62 aliquam
1362 1826 124 62 quae
1439 1826 109 62 per
1501 1826 279 62 indifferentiam
1734 1826 93 62 se
1781 1826 140 62 habet
1874 1826 93 62 ad
1920 1826 124 62 esse
1998 1826 78 62 &
2029 1826 93 62 ad
2075 1826 109 62 non
2122 1826 93 62 esse

427 1878 109 68 sed
490 1878 266 68 distinguendum
709 1878 109 68 est
771 1878 94 68 ex
818 1878 141 68 parte
912 1878 297 68 indifferentiae.
1162 1878 125 68 quia
1241 1878 172 68 aliquid
1366 1878 109 68 per
1428 1878 282 68 indifferentiam
1663 1878 94 68 se
1710 1878 156 68 habere
1819 1878 94 68 ad
1866 1878 125 68 esse
1944 1878 78 68 &
1976 1878 94 68 ad
2023 1878 109 68 non
2085 1878 141 68 esse,
2163 1878 63 68 po

428 1937 128 62 test
508 1937 208 62 intelligi
668 1937 240 62 dupliciter.
860 1937 112 62 Vno
925 1937 128 62 modo
1005 1937 128 62 quod
1085 1937 96 62 de
1133 1937 144 62 facto
1229 1937 176 62 neutrum
1357 1937 160 62 habet:
1469 1937 112 62 sed
1533 1937 224 62 aequaliter
1709 1937 96 62 se
1757 1937 144 62 habet
1854 1937 96 62 ad
1902 1937 208 62 vtrumque.
2062 1937 128 62 Alio
2126 1937 96 62 modo

426 1987 133 64 quod
510 1987 183 64 quantum
643 1987 116 64 est
709 1987 100 64 de
759 1987 166 64 natura
875 1987 83 64 &
909 1987 200 64 essentia
1058 1987 116 64 sua
1125 1987 116 64 non
1191 1987 116 64 ita
1258 1987 133 64 sibi
1341 1987 233 64 determinat
1524 1987 150 64 vnum,
1623 1987 133 64 quin
1707 1987 166 64 possit
1823 1987 166 64 habere
1939 1987 200 64 alterum.
2089 1987 133 64 Isto
2155 1987 67 64 se

423 2038 143 69 cundo
519 2038 127 69 modo
598 2038 191 69 essentia
741 2038 223 69 cuiuslibet
917 2038 207 69 creaturae
1076 2038 207 69 inquantum
1235 2038 191 69 creatura
1378 2038 127 69 est,
1458 2038 111 69 per
1522 2038 287 69 indifferentiam
1760 2038 96 69 se
1808 2038 143 69 habet
1904 2038 96 69 ad
1951 2038 127 69 esse
2031 2038 80 69 &
2063 2038 111 69 non
2111 2038 111 69 esse.

429 2100 104 60 non
489 2100 119 60 enim
563 2100 104 60 ita
623 2100 209 60 determinat
787 2100 119 60 sibi
862 2100 104 60 non
922 2100 119 60 esse
996 2100 224 60 existentiae
1175 2100 179 60 actualis
1310 2100 119 60 quin
1384 2100 149 60 potest
1489 2100 119 60 esse
1563 2100 194 60 reciperet
1713 2100 90 60 ab
1757 2100 119 60 alio
1832 2100 224 60 efficiente.
2011 2100 104 60 Nec
2071 2100 104 60 sic
2116 2100 104 60 habet

430 2146 124 56 esse
508 2146 93 56 ab
555 2146 140 56 alio,
648 2146 124 56 quin
725 2146 186 56 relictum
865 2146 124 56 sibi
943 2146 140 56 cadit
1036 2146 93 56 in
1083 2146 109 56 non
1145 2146 140 56 esse.
1238 2146 202 56 Quaelibet
1393 2146 124 56 enim
1471 2146 186 56 essentia
1610 2146 202 56 creaturae
1766 2146 109 56 hoc
1828 2146 124 56 quod
1905 2146 109 56 est
1968 2146 93 56 in
2014 2146 186 56 potentia
2138 2146 78 56 est

430 2198 93 74 vt
476 2198 124 74 actu
553 2198 124 74 sit:
631 2198 77 74 &
662 2198 93 74 de
708 2198 93 74 se
754 2198 139 74 nihil
847 2198 108 74 est
909 2198 93 74 in
955 2198 155 74 actum:
1064 2198 77 74 &
1095 2198 124 74 esse
1172 2198 93 74 in
1218 2198 139 74 actum
1311 2198 108 74 non
1373 2198 124 74 nisi
1451 2198 93 74 ab
1497 2198 124 74 alio
1574 2198 155 74 habet.
1683 2198 93 74 Et
1729 2198 124 74 ideo
1806 2198 186 74 secundum
1946 2198 170 74 Boetium
2069 2198 93 74 in
2116 2198 139 74 quali

425 2254 113 56 bet
489 2254 193 56 creatura
634 2254 209 56 differunt
795 2254 129 56 esse
876 2254 81 56 &
908 2254 129 56 quod
989 2254 129 56 est.
1069 2254 97 56 Et
1118 2254 226 56 quodammodo
1295 2254 129 56 esse
1375 2254 177 56 accidit
1504 2254 97 56 ei
1553 2254 129 56 quod
1633 2254 129 56 est:
1714 2254 129 56 quia
1794 2254 97 56 ab
1842 2254 129 56 alio
1923 2254 129 56 sibi
2004 2254 129 56 est.
2068 2254 145 56 dicente

431 2307 188 62 Auicenna
572 2307 94 62 in
619 2307 157 62 octauo
729 2307 219 62 Metaphysi.
901 2307 172 62 Caetera
1026 2307 141 62 extra
1120 2307 172 62 necesse
1245 2307 125 62 esse
1324 2307 157 62 habent
1433 2307 235 62 quiditates:
1621 2307 125 62 quae
1699 2307 125 62 sunt
1778 2307 110 62 per
1840 2307 94 62 se
1887 2307 204 62 possibile
2044 2307 141 62 esse:
2138 2307 110 62 qui

430 2360 113 67 bus
494 2360 113 67 non
559 2360 177 67 accidit
687 2360 129 67 esse
768 2360 129 67 nisi
848 2360 257 67 extrinsecus.
1057 2360 177 67 propter
1186 2360 129 67 quod
1267 2360 97 67 in
1315 2360 129 67 ipso
1395 2360 145 67 habet
1492 2360 145 67 locum
1588 2360 193 67 quaestio
1733 2360 97 67 an
1782 2360 129 67 sit.
1862 2360 97 67 Et
1910 2360 129 67 ideo
1991 2360 129 67 quia
2071 2360 113 67 res
2119 2360 97 67 quan

431 2413 104 57 tum
491 2413 104 57 est
550 2413 89 57 de
595 2413 89 57 se
640 2413 149 57 potest
744 2413 149 57 carere
849 2413 209 57 accidente,
1012 2413 119 57 quod
1087 2413 104 57 non
1147 2413 134 57 habet
1236 2413 119 57 nisi
1311 2413 89 57 ab
1355 2413 134 57 alio,
1445 2413 253 57 quantuncumque
1654 2413 194 57 creaturae
1803 2413 179 57 essentia
1937 2413 134 57 habet
2026 2413 119 57 esse
2101 2413 89 57 in
2131 2413 89 57 actu

426 2468 95 60 ab
474 2468 142 60 alio,
568 2468 174 60 quantum
695 2468 111 60 est
758 2468 95 60 de
805 2468 95 60 se
853 2468 95 60 in
900 2468 190 60 potentia
1042 2468 111 60 est
1105 2468 95 60 vt
1153 2468 158 60 habeat
1263 2468 111 60 non
1327 2468 142 60 esse.
1421 2468 95 60 Si
1469 2468 126 60 enim
1548 2468 158 60 primum
1658 2468 111 60 ens
1721 2468 111 60 non
1785 2468 142 60 exeat
1879 2468 111 60 aut
1942 2468 205 60 conseruet
2085 2468 126 60 conti-

427 2515 115 67 nue
492 2515 132 67 esse
575 2515 99 67 in
624 2515 214 67 essentiis
788 2515 263 67 creaturarum:
1002 2515 164 67 illico
1117 2515 148 67 nihil
1216 2515 132 67 erit
1298 2515 99 67 in
1347 2515 115 67 eis
1413 2515 197 67 existens
1561 2515 181 67 omnino.
1693 2515 148 67 Sicut
1791 2515 148 67 nihil
1890 2515 132 67 erit
1972 2515 132 67 diei
2055 2515 164 67 omnino
2153 2515 66 67 si

419 2575 129 61 sol
492 2575 110 61 ad
547 2575 220 61 momentum
713 2575 239 61 subtrahat
896 2575 165 61 actum
1007 2575 239 61 exercendi
1190 2575 129 61 vel
1264 2575 276 61 conseruandi
1484 2575 165 61 lucem
1594 2575 110 61 in
1649 2575 184 61 medio.
1778 2575 110 61 Si
1833 2575 147 61 vero
1925 2575 220 61 loquamur
2090 2575 110 61 de
2146 2575 110 61 in

427 2627 233 60 differentia
614 2627 202 60 essentiae
769 2627 93 60 ad
816 2627 140 60 esse,
909 2627 78 60 &
940 2627 109 60 non
1002 2627 140 60 esse:
1095 2627 109 60 ita
1157 2627 186 60 scilicet
1297 2627 124 60 quod
1375 2627 93 60 de
1421 2627 140 60 facto
1514 2627 171 60 neutrum
1639 2627 171 60 habeat:
1763 2627 109 60 sed
1825 2627 217 60 aequaliter
1996 2627 93 60 se
2042 2627 155 60 habeat
2151 2627 93 60 ad

433 2683 200 67 vtrumque:
586 2683 107 67 hoc
648 2683 123 67 modo
724 2683 107 67 per
786 2683 276 67 indifferentiam
1016 2683 92 67 se
1062 2683 153 67 habere
1169 2683 92 67 ad
1215 2683 123 67 esse
1292 2683 77 67 &
1323 2683 107 67 non
1384 2683 138 67 esse,
1476 2683 184 67 convenit
1614 2683 200 67 intelligi
1768 2683 230 67 dupliciter.
1952 2683 107 67 Vno
2013 2683 123 67 modo
2090 2683 107 67 quo
2152 2683 92 67 ad

422 2734 220 71 conceptum
591 2734 169 71 mentis
710 2734 101 71 de
760 2734 152 71 ipsa.
862 2734 135 71 Alio
946 2734 135 71 modo
1031 2734 118 71 quo
1099 2734 101 71 ad
1149 2734 152 71 ipsam
1251 2734 118 71 rem
1319 2734 101 71 in
1369 2734 101 71 se
1420 2734 152 71 ipsa.
1522 2734 152 71 Primo
1623 2734 135 71 modo
1708 2734 135 71 dico
1792 2734 135 71 quod
1877 2734 203 71 essentia
2012 2734 203 71 cuiuslibet

423 2789 208 56 creaturae
583 2789 112 56 per
647 2789 288 56 indifferentiam
887 2789 240 56 simpliciter
1079 2789 80 56 &
1111 2789 192 56 absolute
1255 2789 96 56 se
1303 2789 144 56 habet
1399 2789 96 56 ad
1447 2789 128 56 esse
1527 2789 80 56 &
1559 2789 112 56 non
1623 2789 144 56 esse,
1719 2789 144 56 sicut
1815 2789 128 56 enim
1895 2789 144 56 extra
1991 2789 240 56 intentionem
2167 2789 48 56 &

423 2842 253 63 certitudinem
629 2842 206 63 essentiae
787 2842 111 63 rei
851 2842 111 63 est
914 2842 127 63 esse
993 2842 222 63 vniuersale
1168 2842 79 63 &
1199 2842 253 63 particulare,
1405 2842 127 63 vnum
1484 2842 79 63 &
1516 2842 158 63 multa,
1627 2842 79 63 &
1659 2842 174 63 caetera
1785 2842 222 63 huiusmodi:
1960 2842 79 63 &
1991 2842 127 63 quod
2070 2842 174 63 animali

428 2896 118 65 tas
496 2896 84 65 &
529 2896 219 65 humanitas
698 2896 186 65 ratione
833 2896 118 65 qua
901 2896 236 65 animalitas
1086 2896 118 65 vel
1154 2896 219 65 humanitas
1323 2896 118 65 non
1390 2896 118 65 est
1458 2896 101 65 in
1508 2896 169 65 natura
1626 2896 118 65 sua
1694 2896 84 65 &
1728 2896 203 65 essentia
1879 2896 236 65 vniuersale
2065 2896 118 65 aut
2133 2896 118 65 per

430 2947 204 63 ticulare,
587 2947 110 63 aut
650 2947 173 63 aliquod
776 2947 235 63 caeterorum:
964 2947 94 63 vt
1011 2947 204 63 expositum
1168 2947 110 63 est
1231 2947 157 63 supra:
1341 2947 110 63 sic
1404 2947 141 63 neque
1498 2947 110 63 est
1561 2947 188 63 existens
1702 2947 94 63 in
1749 2947 157 63 actum,
1859 2947 141 63 neque
1953 2947 110 63 non
2016 2947 188 63 existens
2157 2947 94 63 in

425 3004 151 54 actum.
530 3004 90 54 Si
575 3004 120 54 enim
651 3004 211 54 animalitas
816 3004 166 54 ratione
937 3004 105 54 qua
997 3004 211 54 animalitas
1162 3004 135 54 esset
1253 3004 181 54 existens
1388 3004 90 54 in
1433 3004 151 54 actum,
1539 3004 135 54 sicut
1629 3004 211 54 animalitas
1795 3004 105 54 non
1855 3004 151 54 potest
1960 3004 105 54 non
2020 3004 120 54 esse
2081 3004 135 54 animali

430 3057 129 67 tas:
510 3057 113 67 sic
575 3057 113 67 non
639 3057 161 67 posset
752 3057 113 67 non
816 3057 129 67 esse
896 3057 96 67 in
945 3057 161 67 actum,
1057 3057 80 67 &
1089 3057 145 67 esset
1186 3057 177 67 necesse
1314 3057 145 67 esse.
1411 3057 80 67 &
1443 3057 177 67 econtra
1572 3057 96 67 si
1620 3057 177 67 ratione
1749 3057 113 67 qua
1813 3057 225 67 animalitas
1990 3057 145 67 esset
2086 3057 113 67 non
2135 3057 80 67 exi

430 3108 140 82 stens
523 3108 93 82 in
569 3108 155 82 actum,
678 3108 109 82 non
740 3108 155 82 posset
848 3108 109 82 non
910 3108 124 82 esse
988 3108 109 82 non
1050 3108 186 82 existens
1189 3108 93 82 in
1236 3108 155 82 actum,
1344 3108 78 82 &
1375 3108 140 82 esset
1468 3108 171 82 necesse
1592 3108 109 82 non
1654 3108 140 82 esse:
1747 3108 124 82 quod
1825 3108 155 82 falsum
1933 3108 124 82 est.
2011 3108 140 82 Quare
2104 3108 109 82 cum
2150 3108 62 82 se
