2402 3632
155 294 154 93 hunc
251 294 173 93 modum
366 294 250 93 processit
559 294 269 93 argumentum
770 294 212 93 primum,
924 294 212 93 probans
1078 294 154 93 quod
1175 294 115 93 in
1232 294 250 93 relatione
1425 294 212 93 fundata
1579 294 173 93 super
1675 294 250 93 quantitatem

160 369 174 87 potest
282 369 139 87 ipsa
369 369 174 87 alicui
491 369 105 87 de
543 369 139 87 nouo
630 369 209 87 aduenire
787 369 139 87 sine
874 369 139 87 omni
961 369 122 87 sua
1031 369 331 87 transmutatione.
1310 369 122 87 hoc
1379 369 139 87 enim
1466 369 122 87 non
1536 369 122 87 est
1606 369 157 87 verum
1710 369 139 87 nisi
1780 369 122 87 circa

162 422 129 69 illa
242 422 161 69 quibus
355 422 193 69 conuenit
500 422 129 69 ista
581 422 177 69 relatio
710 422 113 69 per
774 422 210 69 accidens:
936 422 97 69 vt
984 422 210 69 naturalia
1145 422 193 69 subiecta
1290 422 290 69 quantitatibus:
1532 422 145 69 sicut
1629 422 177 69 homines
1758 422 97 69 de
1806 422 129 69 qui-

163 475 120 81 bus
232 475 327 81 exemplificauit,
507 475 120 81 vel
575 475 138 81 alia
661 475 241 81 huiusmodi.
850 475 155 81 Circa
954 475 138 81 illa
1040 475 155 81 autem
1143 475 172 81 quibus
1263 475 206 81 conuenit
1418 475 189 81 relatio
1555 475 120 81 per
1624 475 120 81 se:
1693 475 103 81 vt
1744 475 155 81 circa
1830 475 69 81 ip

164 534 119 80 sas
232 534 272 80 quantitates,
453 534 119 80 hoc
521 534 170 80 omnino
640 534 119 80 est
708 534 272 80 impossibile:
929 534 136 80 quia
1014 534 102 80 in
1064 534 272 80 mathematicis
1285 534 119 80 non
1353 534 119 80 est
1421 534 153 80 motus
1523 534 119 80 vel
1591 534 289 80 transmutatio,
1812 534 85 80 se-

163 587 187 81 cundum
294 587 280 81 philosophum
518 587 112 81 in
574 587 187 81 tertio
705 587 318 81 Metaphysicae.
967 587 224 81 Secundum
1135 587 168 81 istum
1247 587 168 81 modum
1359 587 187 81 planum
1490 587 131 81 est
1565 587 149 81 quod
1658 587 149 81 deus
1752 587 131 81 non
1808 587 93 81 po-

172 638 129 73 test
253 638 162 73 habere
366 638 226 73 relationem
544 638 162 73 realem
657 638 97 73 ad
705 638 210 73 creaturas
867 638 113 73 per
932 638 210 73 accidens:
1094 638 129 73 quia
1174 638 146 73 nihil
1271 638 162 73 potest
1385 638 97 73 ei
1433 638 194 73 accidere
1579 638 97 73 in
1627 638 178 73 seipso:
1756 638 113 73 nec
1805 638 97 73 esse

168 703 91 68 in
213 703 121 68 ipso
289 703 166 68 aliquid
410 703 121 68 quod
485 703 106 68 non
546 703 106 68 sit
606 703 136 68 ipse:
697 703 106 68 ita
757 703 121 68 quod
833 703 136 68 omnis
923 703 166 68 relatio
1044 703 166 68 fundata
1165 703 136 68 super
1256 703 166 68 aliquid
1376 703 181 68 existens
1512 703 91 68 in
1558 703 136 68 ipso,
1648 703 121 68 nisi
1724 703 106 68 sit
1769 703 121 68 secun-

169 741 114 76 dum
234 741 195 76 rationem
380 741 179 76 tantum,
511 741 114 76 est
576 741 195 76 secundum
722 741 147 76 esse,
820 741 81 76 &
853 741 179 76 realis,
983 741 81 76 &
1016 741 114 76 per
1081 741 114 76 se:
1146 741 163 76 qualem
1260 741 114 76 non
1325 741 163 76 potest
1439 741 163 76 habere
1553 741 98 76 ad
1602 741 212 76 creaturam
1765 741 98 76 vt
1814 741 114 76 di-

159 789 142 84 ctum
248 789 142 84 est.
336 789 124 84 Sed
407 789 159 84 talem
513 789 230 84 solummodo
690 789 159 84 habet
797 789 159 84 infra
903 789 195 84 diuinam
1044 789 230 84 essentiam
1221 789 124 84 vna
1292 789 195 84 persona
1434 789 106 84 ad
1487 789 212 84 alteram:
1646 789 142 84 quae
1717 789 177 84 fundatur

158 851 158 89 super
264 851 228 89 potentiam
439 851 193 89 actiuam
580 851 88 89 &
615 851 211 89 passiuam
773 851 299 89 essentialiter
1019 851 105 89 vt
1072 851 176 89 dictum
1195 851 140 89 est.
1282 851 105 89 Si
1335 851 140 89 ergo
1423 851 140 89 deus
1511 851 211 89 refertur
1669 851 105 89 ad
1704 851 193 89 creaturam

163 897 174 86 oportet
290 897 126 86 quod
368 897 111 86 hoc
432 897 111 86 non
495 897 111 86 sit
558 897 205 86 relatione
716 897 158 86 reali,
826 897 79 86 &
858 897 111 86 hoc
921 897 111 86 per
984 897 95 86 se
1032 897 95 86 ex
1079 897 142 86 parte
1174 897 158 86 ipsius
1284 897 126 86 dei:
1363 897 126 86 quia
1442 897 126 86 ista
1521 897 111 86 non
1584 897 158 86 potest
1695 897 95 86 in
1742 897 126 86 ipso
1805 897 95 86 fun-

166 955 117 82 dari
240 955 132 82 super
328 955 161 82 aliquid
445 955 117 82 quod
518 955 132 82 intra
606 955 88 82 se
650 955 117 82 est,
723 955 103 82 vel
782 955 264 82 essentialiter,
1002 955 103 82 vel
1060 955 279 82 accidentaliter:
1295 955 88 82 vt
1339 955 147 82 dictum
1442 955 117 82 est.
1515 955 103 82 Sed
1574 955 88 82 si
1617 955 103 82 hoc
1676 955 103 82 sit
1735 955 191 82 relatione

165 1005 139 76 quae
251 1005 121 76 non
321 1005 121 76 est
390 1005 156 76 purae
494 1005 208 76 rationis
649 1005 87 76 &
684 1005 208 76 secundum
840 1005 139 76 dici
926 1005 173 76 solum:
1048 1005 104 76 vt
1100 1005 173 76 dictum
1221 1005 121 76 est
1290 1005 139 76 iam:
1377 1005 121 76 sed
1446 1005 173 76 aliquo
1567 1005 139 76 modo
1654 1005 208 76 secundum
1792 1005 104 76 esse

165 1059 83 73 &
199 1059 200 73 secundum
349 1059 133 73 rem:
432 1059 183 73 oportet
565 1059 133 73 quod
649 1059 117 73 hoc
715 1059 117 73 sit
782 1059 117 73 per
849 1059 100 73 se
899 1059 100 73 ex
949 1059 150 73 parte
1049 1059 167 73 ipsius
1166 1059 217 73 creaturae
1332 1059 167 73 solum,
1449 1059 83 73 &
1482 1059 117 73 non
1549 1059 117 73 per
1616 1059 183 73 aliquod
1732 1059 167 73 accidens

170 1114 247 77 absolutum:
364 1114 141 77 quia
452 1114 194 77 relatio
593 1114 194 77 fundata
734 1114 159 77 super
840 1114 212 77 accidens
999 1114 229 77 absolutum
1175 1114 106 77 in
1228 1114 123 77 vno
1299 1114 335 77 correlatiuorum,
1581 1114 212 77 requirit
1722 1114 176 77 accidens

165 1169 224 76 absolutum
337 1169 241 76 respondens
526 1169 103 76 in
578 1169 155 76 alio:
681 1169 155 76 quale
785 1169 121 76 non
854 1169 172 76 potest
974 1169 138 76 esse
1060 1169 103 76 in
1112 1169 138 76 deo:
1198 1169 86 76 &
1232 1169 155 76 etiam
1336 1169 189 76 relatio
1474 1169 189 76 fundata
1611 1169 155 76 super
1715 1169 224 76 huiusmodi

164 1235 209 62 accidentia
328 1235 164 62 oportet
448 1235 120 62 quod
523 1235 105 62 sit
582 1235 149 62 realis
687 1235 90 62 in
732 1235 164 62 vtroque
851 1235 224 62 extremorum:
1031 1235 90 62 vt
1075 1235 134 62 patet
1165 1235 90 62 ex
1210 1235 314 62 praedeterminatis.
1479 1235 164 62 Necesse
1598 1235 105 62 est
1658 1235 149 62 igitur
1763 1235 120 62 quod
1822 1235 75 62 re-

166 1281 146 70 latio
263 1281 114 70 qua
328 1281 130 70 deus
409 1281 195 70 refertur
555 1281 97 70 ad
604 1281 227 70 creaturam,
782 1281 162 70 realis
896 1281 114 70 sit
960 1281 97 70 ex
1009 1281 146 70 parte
1106 1281 211 70 creaturae
1269 1281 114 70 per
1333 1281 114 70 se,
1398 1281 97 70 ex
1447 1281 146 70 parte
1544 1281 130 70 vero
1625 1281 114 70 dei
1690 1281 114 70 per
1739 1281 162 70 accidens

170 1334 197 65 scilicet
317 1334 131 65 quia
399 1334 131 65 tali
481 1334 213 65 relatione
646 1334 197 65 creatura
793 1334 148 65 primo
892 1334 82 65 &
925 1334 115 65 per
990 1334 98 65 se
1040 1334 197 65 refertur
1187 1334 98 65 ad
1236 1334 164 65 ipsum.
1351 1334 82 65 &
1384 1334 148 65 etiam
1483 1334 181 65 necesse
1614 1334 115 65 est
1680 1334 115 65 cum
1745 1334 115 65 non
1795 1334 98 65 pos-

161 1377 111 76 sit
225 1377 175 76 fundari
352 1377 96 76 in
400 1377 191 76 creatura
543 1377 143 76 super
639 1377 175 76 aliquod
766 1377 191 76 accidens
910 1377 223 76 absolutum,
1085 1377 127 76 quod
1164 1377 191 76 fundatur
1308 1377 96 76 in
1356 1377 96 76 eo
1403 1377 127 76 quod
1483 1377 271 76 essentialiter
1706 1377 111 76 est
1770 1377 96 76 in
1801 1377 96 76 ipsa

165 1442 214 63 creatura
326 1442 107 63 vt
379 1442 179 63 dictum
504 1442 143 63 est.
594 1442 143 63 Vnde
683 1442 143 63 quia
772 1442 214 63 creatura
933 1442 214 63 realiter
1094 1442 89 63 &
1129 1442 214 63 secundum
1290 1442 143 63 esse
1379 1442 125 63 per
1451 1442 107 63 se
1504 1442 214 63 refertur
1665 1442 107 63 ad
1719 1442 161 63 deum:
1808 1442 107 63 cum.

166 1502 155 72 nulla
269 1502 173 72 potest
390 1502 138 72 esse
477 1502 190 72 relatio
615 1502 138 72 quin
701 1502 121 72 sit
770 1502 173 72 mutua:
891 1502 190 72 quoniam
1029 1502 155 72 omnia
1133 1502 207 72 relatiua
1288 1502 104 72 si
1340 1502 276 72 conuenienter
1565 1502 276 72 assignentur,
1789 1502 104 72 ad
1824 1502 86 72 con

168 1546 238 80 uertentiam
355 1546 221 80 dicuntur:
524 1546 102 80 vt
575 1546 187 80 dicitur
711 1546 102 80 in
762 1546 322 80 praedicamentis:
1034 1546 187 80 oportet
1169 1546 136 80 quod
1254 1546 187 80 econtra
1390 1546 136 80 deus
1475 1546 170 80 aliquo
1594 1546 136 80 modo
1678 1546 204 80 refertur
1831 1546 102 80 ad

162 1597 254 70 creaturam,
362 1597 127 70 non
434 1597 163 70 solum
543 1597 218 70 secundum
707 1597 163 70 dici:
816 1597 145 70 quia
906 1597 127 70 non
979 1597 200 70 propter
1124 1597 163 70 solam
1233 1597 272 70 operationem
1451 1597 272 70 intellectus
1669 1597 163 70 circa
1760 1597 145 70 ipsum:

159 1655 116 65 sed
226 1655 232 65 quodammodo
408 1655 199 65 secundum
558 1655 149 65 esse,
658 1655 116 65 sed
724 1655 116 65 per
790 1655 216 65 accidens:
956 1655 133 65 quia
1040 1655 199 65 scilicet
1189 1655 149 65 aliud
1289 1655 199 65 secundum
1438 1655 149 65 esse,
1538 1655 83 65 &
1571 1655 116 65 per
1637 1655 100 65 se
1687 1655 199 65 refertur
1837 1655 100 65 ad

167 1706 170 80 ipsum,
286 1706 153 80 sicut
388 1706 221 80 contingit
558 1706 102 80 in
609 1706 221 80 relatione
779 1706 153 80 inter
881 1706 221 80 scientiam
1050 1706 85 80 &
1084 1706 204 80 scibile:
1237 1706 102 80 vt
1288 1706 153 80 supra
1390 1706 221 80 expositum
1560 1706 136 80 est.
1645 1706 221 80 Argumenta
1798 1706 102 80 vtri

165 1772 155 64 usque
268 1772 173 64 partis
389 1772 173 64 patent
510 1772 207 64 secundum
648 1772 207 64 praedicta.

475 1819 145 60 Irca
565 1819 217 60 secundum
728 1819 217 60 arguitur
891 1819 145 60 quod
981 1819 181 60 tempus
1108 1819 127 60 non
1180 1819 181 60 possit
1306 1819 145 60 esse
1397 1819 145 60 sine
1487 1819 181 60 anima,
1614 1819 199 60 quoniam
1740 1819 163 60 numerus

490 1880 115 58 non
555 1880 115 58 est
621 1880 131 58 sine
703 1880 229 58 numerante,
883 1880 164 58 tempus
997 1880 147 58 autem
1096 1880 197 58 secundum
1243 1880 246 58 philosopum.
1439 1880 147 58 iiii.
1538 1880 164 58 Physi.
1652 1880 115 58 est
1718 1880 180 58 numerus
1832 1880 66 58 mo

483 1930 144 67 tus:
573 1930 90 67 &
609 1930 126 67 non
681 1930 126 67 est
753 1930 216 67 numerans
915 1930 162 67 ipsum
1023 1930 144 67 nisi
1113 1930 162 67 anima
1220 1930 252 67 concipiens
1418 1930 162 67 prius
1526 1930 90 67 &
1562 1930 234 67 posterius
1742 1930 108 67 in
1778 1930 126 67 tempo

480 1995 110 65 re
535 1995 220 65 secundum
700 1995 165 65 prius
810 1995 92 65 &
846 1995 238 65 posterius
1030 1995 110 65 in
1085 1995 165 65 motu:
1195 1995 110 65 vt
1250 1995 147 65 vult
1341 1995 275 65 philosophus
1561 1995 202 65 ibidem.
1708 1995 147 65 ergo
1781 1995 92 65 &c.

488 2034 184 67 CONtra
616 2034 129 67 est
690 2034 165 67 illud
800 2034 147 67 quod
892 2034 165 67 dicit
1002 2034 276 67 philosophus
1222 2034 110 67 in
1277 2034 184 67 quarto
1406 2034 276 67 physicorum.
1626 2034 184 67 Tempus
1755 2034 92 67 &
1773 2034 129 67 motus

459 2101 172 58 Asimul
579 2101 137 58 sunt
665 2101 86 58 &
699 2101 120 58 non
768 2101 154 58 sunt:
871 2101 206 58 potentia
1025 2101 86 58 &
1059 2101 172 58 actum.
1179 2101 120 58 sed
1248 2101 154 58 motus
1351 2101 154 58 habet
1454 2101 137 58 esse
1540 2101 137 58 fine
1625 2101 172 58 anima.
1746 2101 137 58 ergo
1814 2101 86 58 &c.

201 2145 110 65 CVM
264 2145 189 65 quaestio
406 2145 126 65 ista
485 2145 110 65 sit
548 2145 95 65 de
595 2145 126 65 esse
674 2145 205 65 temporis,
832 2145 173 65 oportet
958 2145 236 65 intelligere
1147 2145 95 65 in
1194 2145 205 65 principio
1352 2145 126 65 quod
1430 2145 126 65 esse
1509 2145 158 65 debile
1619 2145 142 65 valde
1714 2145 142 65 habet
1808 2145 79 65 &
1824 2145 79 65 obs

182 2206 171 61 curum,
301 2206 188 61 quoniam
438 2206 102 61 vt
489 2206 153 61 dicit
591 2206 136 61 Rabi
676 2206 171 61 Moyses
796 2206 102 61 in
847 2206 153 61 libro
949 2206 119 61 suo
1017 2206 205 61 secundo:
1171 2206 119 61 res
1239 2206 273 61 coniunguntur
1461 2206 102 61 in
1512 2206 188 61 tempore
1648 2206 171 61 simul.
1768 2206 85 61 &
1802 2206 136 61 quod

183 2254 113 63 est
247 2254 194 63 accidens
393 2254 210 63 cohaerens
554 2254 162 63 motui:
667 2254 81 63 &
700 2254 178 63 veritas
829 2254 145 63 motus
926 2254 113 63 per
990 2254 97 63 se
1039 2254 162 63 exigit
1152 2254 97 63 vt
1200 2254 113 63 non
1265 2254 194 63 quiescat
1410 2254 129 63 vllo
1491 2254 145 63 modo.
1588 2254 97 63 Et
1636 2254 113 63 hoc
1701 2254 113 63 est
1766 2254 129 63 quod
1830 2254 81 63 fa-

185 2304 124 61 cit
256 2304 196 61 naturam
399 2304 213 61 temporis
559 2304 178 61 latere
683 2304 178 61 plures
808 2304 213 61 hominum:
968 2304 89 61 &
1003 2304 267 61 nesciuerunt
1217 2304 160 61 vtrum
1323 2304 142 61 vere
1412 2304 124 61 sit
1483 2304 107 61 an
1537 2304 142 61 non:
1626 2304 160 61 sicut
1732 2304 196 61 Galenus
1857 2304 53 61 &

172 2368 136 57 alii
257 2368 238 57 sapientes.
444 2368 136 57 Vnde
529 2368 153 57 Plato
631 2368 119 57 non
699 2368 238 57 discernens
886 2368 136 57 esse
971 2368 204 57 temporis
1123 2368 102 57 ab
1174 2368 136 57 esse
1259 2368 170 57 motus:
1378 2368 170 57 posuit
1497 2368 136 57 quod
1582 2368 170 57 tempus
1701 2368 153 57 esset
1786 2368 119 57 motus

174 2412 158 65 caeli:
285 2412 79 65 &
316 2412 126 65 quod
395 2412 158 65 partes
505 2412 142 65 motus
600 2412 126 65 sunt
679 2412 158 65 partes
789 2412 205 65 temporis.
947 2412 173 65 quoniam
1073 2412 221 65 multotiens
1247 2412 221 65 aestimatur
1420 2412 126 65 quod
1499 2412 142 65 illud
1594 2412 126 65 quod
1672 2412 189 65 sequitur
1799 2412 110 65 ipsam

180 2467 133 65 rem,
264 2467 116 65 sit
330 2467 133 65 ipsa
413 2467 133 65 res,
497 2467 100 65 vt
546 2467 150 65 dicit
646 2467 250 65 commentator
846 2467 150 65 super
946 2467 183 65 quartum
1079 2467 250 65 physicorum.
1279 2467 116 65 vbi
1345 2467 250 65 philosophus
1545 2467 150 65 istam
1645 2467 216 65 opinionem
1795 2467 116 65 Plato

173 2525 114 62 nis
238 2525 212 62 reprobat.
401 2525 180 62 Propter
532 2525 131 62 quod
613 2525 147 62 etiam
711 2525 245 62 philosophus
907 2525 196 62 tractans
1054 2525 98 62 de
1103 2525 180 62 tempore
1234 2525 98 62 in
1283 2525 163 62 quarto
1397 2525 245 62 physicorum,
1593 2525 98 62 in
1642 2525 212 62 principio
1805 2525 131 62 quae

176 2571 102 67 rit
235 2571 131 67 vtrum
322 2571 146 67 tempus
424 2571 102 67 sit
483 2571 87 67 de
526 2571 146 67 numero
628 2571 131 67 eorum
716 2571 117 67 quae
789 2571 117 67 sunt
862 2571 87 67 an
905 2571 117 67 non,
978 2571 73 67 &
1007 2571 189 67 persuadet
1153 2571 117 67 quod
1226 2571 102 67 aut
1284 2571 146 67 omnino
1386 2571 102 67 non
1445 2571 117 67 sit,
1517 2571 102 67 aut
1576 2571 102 67 vix
1634 2571 73 67 &
1663 2571 175 67 obscure.
1794 2571 87 67 Si
1824 2571 87 67 enim

174 2618 244 64 aspiciamus
365 2618 174 64 partes
487 2618 226 64 temporis:
661 2618 104 64 ex
713 2618 174 64 quibus
835 2618 191 64 tanquam
974 2618 157 64 totum
1079 2618 226 64 continuum
1253 2618 157 64 debet
1357 2618 244 64 constitui:
1549 2618 139 64 quae
1636 2618 139 64 sunt
1706 2618 191 64 praeteri-

179 2681 102 68 tum
238 2681 73 68 &
267 2681 174 68 futurum:
397 2681 102 68 cum
455 2681 102 68 non
513 2681 131 68 sint:
600 2681 145 68 illud.
702 2681 87 68 n.
745 2681 145 68 factum
847 2681 116 68 est:
919 2681 73 68 &
948 2681 102 68 sic
1006 2681 102 68 non
1065 2681 116 68 est:
1137 2681 102 68 hoc
1195 2681 131 68 autem
1282 2681 160 68 futurum
1398 2681 116 68 est,
1471 2681 73 68 &
1500 2681 102 68 sic
1558 2681 145 68 nondum
1659 2681 116 68 est:
1732 2681 116 68 quod
1804 2681 131 68 autem

178 2724 257 66 constituitur
386 2724 96 66 ex
435 2724 112 66 non
499 2724 192 66 entibus,
643 2724 241 66 impossibile
835 2724 112 66 est
900 2724 128 66 quod
980 2724 112 66 sit
1044 2724 112 66 ens
1108 2724 208 66 inquantum
1269 2724 225 66 huiusmodi:
1445 2724 192 66 secundum
1589 2724 112 66 hoc
1653 2724 128 66 ergo
1734 2724 96 66 vt
1766 2724 144 66 videtur

177 2776 148 74 tempus
281 2776 89 74 in
325 2776 104 74 rei
384 2776 178 74 veritate
517 2776 133 74 extra
606 2776 148 74 animam
710 2776 104 74 non
769 2776 118 74 est:
843 2776 104 74 nec
902 2776 104 74 est
961 2776 118 74 sine
1035 2776 163 74 actione
1154 2776 148 74 animae
1257 2776 133 74 simul
1346 2776 222 74 concipiente
1523 2776 222 74 praeteritum
1701 2776 74 74 &
1730 2776 163 74 futurum
1849 2776 89 74 ad

178 2839 180 62 instans
309 2839 164 62 fluens
423 2839 213 62 copulata:
587 2839 131 62 quid
668 2839 164 62 omnino
783 2839 131 62 pars
865 2839 196 62 temporis
1012 2839 115 62 non
1078 2839 131 62 est.
1159 2839 131 62 Vnde
1241 2839 196 62 secundum
1388 2839 131 62 quod
1470 2839 131 62 vult
1552 2839 262 62 philosophus:
1765 2839 115 62 cum
1830 2839 115 62 non

189 2881 223 79 percipimus
364 2881 127 79 motu
444 2881 286 79 intelligentiae
682 2881 302 79 transmutationem
937 2881 175 79 aliquam
1064 2881 175 79 currere
1192 2881 80 79 a
1224 2881 159 79 priori
1335 2881 95 79 in
1383 2881 223 79 posterius,
1558 2881 111 79 non
1622 2881 223 79 percipimus
1781 2881 127 79 tempus

180 2931 149 85 esse:
280 2931 249 85 quemadmodum
479 2931 232 85 dormientes
662 2931 100 85 in
711 2931 166 85 Sardis
828 2931 166 85 tempus
944 2931 249 85 dormitionis
1143 2931 133 85 suae
1226 2931 116 85 non
1292 2931 265 85 perceperunt:
1508 2931 116 85 sed
1574 2931 232 85 copulabant
1757 2931 133 85 nunc
1823 2931 83 85 pri

180 2983 111 86 mum
244 2983 111 86 quo
307 2983 175 86 dormire
435 2983 223 86 coeperunt,
610 2983 111 86 cum
673 2983 127 86 nunc
753 2983 223 86 posteriori
928 2983 111 86 quo
991 2983 286 86 euigilauerunt,
1230 2983 80 86 &
1262 2983 111 86 non
1325 2983 239 86 perceperunt
1516 2983 159 86 tempus
1628 2983 255 86 intermedium:
1834 2983 111 86 sed

172 3030 186 97 putabant
312 3030 124 97 quod
390 3030 124 97 vnum
468 3030 155 97 esset:
577 3030 155 97 quando
685 3030 171 97 dormire
810 3030 233 97 inceperunt:
996 3030 78 97 &
1027 3030 155 97 quando
1136 3030 249 97 surrexerunt:
1338 3030 78 97 &
1369 3030 218 97 remouebant
1540 3030 140 97 totum
1633 3030 155 97 tempus
1742 3030 155 97 medium
1835 3030 78 97 pro

175 3090 129 87 pter
256 3090 339 87 insensibilitatem.
546 3090 97 87 Et
595 3090 162 87 iterum
708 3090 162 87 siquis
821 3090 210 87 percipiat
983 3090 145 87 motum
1080 3090 210 87 solummodo
1241 3090 210 87 sentiendo
1403 3090 145 87 motum
1500 3090 97 87 in
1548 3090 178 87 ratione
1678 3090 145 87 motus
1758 3090 162 87 secundum

166 3142 172 102 fluxum
286 3142 138 102 eius
372 3142 138 102 quod
458 3142 206 102 mouetur,
613 3142 86 102 &
647 3142 120 102 non
716 3142 206 102 secundum
871 3142 206 102 rationem
1025 3142 206 102 defluxus
1180 3142 86 102 a
1214 3142 172 102 priori
1335 3142 103 102 in
1386 3142 241 102 posterius,
1575 3142 120 102 non
1644 3142 206 102 percipit
1781 3142 138 102 tempus
