2443 3726
447 290 125 98 sed
519 290 143 98 tunc
608 290 161 98 solum
715 290 179 98 tempus
840 290 268 98 percipitur,
1055 290 125 98 cum
1127 290 143 98 motu
1216 290 179 98 animae
1341 290 250 98 percipimus
1538 290 232 98 distincte
1717 290 232 98 discursum
1895 290 161 98 motus
2003 290 179 98 venire
2128 290 89 98 a
2146 290 89 98 pri

450 373 120 72 ori
518 373 103 72 in
570 373 240 72 posterius.
758 373 154 72 Prius
861 373 154 72 autem
964 373 223 72 huiusmodi
1136 373 86 72 &
1170 373 223 72 posterius
1341 373 103 72 in
1393 373 171 72 quibus
1513 373 120 72 sic
1581 373 240 72 percipitur
1770 373 189 72 tempus:
1907 373 120 72 iam
1976 373 120 72 non
2044 373 137 72 sunt
2130 373 103 72 in
2164 373 69 72 re

446 427 162 69 extra:
559 427 97 69 vt
608 427 162 69 dictum
722 427 130 69 est:
803 427 114 69 sed
868 427 146 69 solum
966 427 97 69 in
1014 427 162 69 animae
1128 427 260 69 perceptione.
1339 427 179 69 Idcirco
1469 427 179 69 Galenus
1599 427 81 69 &
1632 427 227 69 Augustinus
1811 427 114 69 non
1876 427 211 69 posuerunt
2038 427 130 69 esse
2103 427 130 69 tempo-

449 487 119 69 ris
517 487 136 69 nisi
602 487 102 69 in
653 487 170 69 anima.
772 487 204 69 scilicet
924 487 102 69 in
975 487 187 69 vicibus
1111 487 170 69 motuum
1230 487 170 69 animae
1349 487 153 69 circa
1451 487 221 69 conceptus
1621 487 187 69 partium
1757 487 170 69 motus:
1875 487 170 69 quarum
1994 487 119 69 vna
2062 487 119 69 iam
2113 487 119 69 prae-

447 540 178 71 teriit:
576 540 130 71 alia
657 540 162 71 nondum
771 540 130 71 est.
852 540 162 71 Quorum
965 540 162 71 opinio
1079 540 178 71 videtur
1208 540 227 71 confirmari
1387 540 113 71 per
1451 540 113 71 hoc
1516 540 130 71 quod
1597 540 146 71 dicit
1694 540 259 71 philosophus.
1905 540 97 71 Si
1954 540 130 71 sint
2035 540 211 71 tenebrae,
2180 540 49 71 &

440 594 154 68 nihil
542 594 119 68 per
611 594 171 68 corpus
730 594 222 68 patiamur,
901 594 154 68 motus
1003 594 154 68 autem
1106 594 102 68 in
1157 594 154 68 anima
1259 594 137 68 sit,
1345 594 154 68 simul
1447 594 188 68 videtur
1583 594 154 68 visio
1686 594 171 68 fieri:
1805 594 85 68 &
1839 594 171 68 tempus
1959 594 256 68 cognoscimus
2147 594 85 68 cum

435 652 248 59 definimus
626 652 172 59 motum
740 652 172 59 prius
855 652 95 59 &
893 652 248 59 posterius
1084 652 344 59 determinantes:
1370 652 95 59 &
1408 652 153 59 tunc
1504 652 210 59 dicimus
1656 652 172 59 fieri
1771 652 191 59 tempus
1905 652 191 59 quando
2038 652 210 59 prioris
2172 652 57 59 &

438 708 271 71 posterioris
655 708 108 71 in
709 708 145 71 motu
799 708 181 71 sensum
926 708 271 71 percipimus.
1143 708 127 71 Cum
1215 708 145 71 enim
1305 708 181 71 altera
1432 708 199 71 extrema
1576 708 90 71 a
1613 708 181 71 medio:
1739 708 90 71 &
1775 708 163 71 dicat
1884 708 163 71 anima
1992 708 145 71 duo:
2082 708 127 71 hoc
2137 708 90 71 qui

442 777 127 56 dem
514 777 181 56 prius:
641 777 163 56 illud
750 777 163 56 autem
859 777 254 56 posterius:
1059 777 145 56 tunc
1149 777 200 56 dicimus
1295 777 181 56 tempus
1422 777 163 56 esse.
1530 777 272 56 determinato
1748 777 145 56 enim
1839 777 145 56 ipso
1930 777 145 56 nunc
2020 777 181 56 tempus
2129 777 109 56 vide

439 822 138 64 tur.
525 822 173 64 Quando
646 822 138 64 enim
732 822 190 64 tanquam
871 822 138 64 vnum
957 822 155 64 ipsum
1061 822 138 64 nunc
1147 822 225 64 sentimus,
1320 822 121 64 aut
1389 822 155 64 sicut
1492 822 138 64 idem
1579 822 190 64 prioris
1717 822 86 64 &
1751 822 259 64 posterioris
1959 822 225 64 alicuius,
2131 822 86 64 &
2149 822 86 64 non

440 871 138 70 sint
526 871 155 70 prius
630 871 86 70 &
664 871 225 70 posterius
837 871 104 70 in
889 871 138 70 motu
975 871 121 70 non
1044 871 190 70 videtur
1182 871 173 70 tempus
1303 871 173 70 fieri,
1424 871 138 70 quia
1511 871 155 70 neque
1614 871 173 70 motus.
1735 871 190 70 propter
1873 871 138 70 quod
1960 871 190 70 tempus:
2098 871 104 70 vt
2150 871 121 70 di-

439 931 128 55 cit
512 931 293 55 philosophus:
750 931 128 55 non
823 931 128 55 est
897 931 147 55 ipse
988 931 183 55 motus:
1117 931 128 55 sed
1190 931 110 55 id
1245 931 147 55 quod
1336 931 220 55 secundum
1501 931 202 55 numerum
1648 931 165 55 habet
1758 931 183 55 motus.
1886 931 110 55 Et
1941 931 238 55 concludit
2106 931 128 55 dubi-

437 985 204 66 tationem
590 985 255 66 quaestionis
795 985 238 66 propositae
982 985 187 66 dicens.
1118 985 153 66 Vtrum
1220 985 153 66 autem
1322 985 119 66 cum
1391 985 119 66 non
1459 985 119 66 sit
1527 985 170 66 anima,
1646 985 136 66 erit
1731 985 170 66 tempus
1850 985 119 66 vel
1918 985 136 66 non,
2004 985 221 66 dubitabit
2157 985 85 66 ali

446 1041 167 62 quis.
558 1041 93 62 &
595 1041 167 62 facit
707 1041 261 62 argumentum
912 1041 149 62 quod
1005 1041 223 62 opponens
1172 1041 205 62 adduxit
1321 1041 205 62 dicens.
1470 1041 112 62 Si
1526 1041 167 62 autem
1637 1041 167 62 nihil
1749 1041 167 62 aliud
1861 1041 167 62 aptum
1972 1041 167 62 natum
2084 1041 130 62 est
2140 1041 93 62 nu-

441 1103 237 66 merarequam
627 1103 152 66 anima
728 1103 85 66 &
762 1103 169 66 animae
881 1103 270 66 intellectus,
1100 1103 254 66 impossibile
1303 1103 118 66 est
1371 1103 135 66 esse
1455 1103 169 66 tempus
1574 1103 152 66 anima
1675 1103 101 66 si
1726 1103 118 66 non
1793 1103 135 66 sit.
1878 1103 101 66 Et
1929 1103 118 66 est
1996 1103 203 66 intentio
2132 1103 101 66 Augu

442 1153 151 68 stini
543 1153 101 68 vt
593 1153 168 68 dictum
711 1153 134 68 est:
795 1153 134 68 quod
879 1153 168 68 tempus
997 1153 118 68 non
1064 1153 118 68 est
1131 1153 134 68 nisi
1215 1153 101 68 in
1265 1153 151 68 anima
1366 1153 84 68 &
1400 1153 134 68 nisi
1484 1153 118 68 sit
1551 1153 168 68 anima,
1669 1153 84 68 &
1702 1153 134 68 quod
1786 1153 202 68 sequitur
1937 1153 151 68 motum
2038 1153 101 68 vt
2072 1153 151 68 numerus

446 1192 83 78 &
480 1192 182 78 mensura
612 1192 149 78 eius:
712 1192 116 78 non
778 1192 116 78 eum
845 1192 116 78 qui
911 1192 116 78 est
977 1192 166 78 extra:
1093 1192 116 78 sed
1160 1192 116 78 eum
1226 1192 116 78 qui
1292 1192 116 78 est
1359 1192 100 78 in
1409 1192 249 78 conceptibus
1608 1192 182 78 animae:
1740 1192 116 78 vel
1807 1192 100 78 de
1856 1192 100 78 eo
1906 1192 116 78 qui
1973 1192 116 78 est
2039 1192 166 78 extra:
2155 1192 116 78 vel

448 1263 102 66 de
499 1263 221 66 quocumque
669 1263 153 66 alio.
772 1263 289 66 Difficultatem
1010 1263 153 66 tamen
1112 1263 102 66 in
1163 1263 119 66 hoc
1231 1263 136 66 bene
1316 1263 221 66 percipit.
1487 1263 136 66 Vnde
1572 1263 170 66 dixit.
1691 1263 119 66 xi.
1759 1263 289 66 confessionum.
1998 1263 136 66 Quid
2083 1263 119 66 est
2134 1263 102 66 ten-

453 1321 144 64 pus:
543 1321 144 64 Quis
633 1321 126 64 hoc
705 1321 180 64 facile
831 1321 270 64 breuiterque
1048 1321 270 64 explicabit:
1264 1321 144 64 Quid
1354 1321 162 64 autem
1462 1321 270 64 familiarius
1678 1321 90 64 &
1714 1321 180 64 notius
1841 1321 108 64 in
1895 1321 216 64 loquendo
2039 1321 198 64 commemora

448 1377 119 66 mus
516 1377 136 66 quam
601 1377 187 66 tempus:
737 1377 136 66 Quid
822 1377 119 66 est
890 1377 136 66 ergo
975 1377 187 66 tempus:
1111 1377 102 66 Si
1162 1377 136 66 nemo
1247 1377 102 66 ex
1298 1377 102 66 me
1349 1377 204 66 quaerat:
1502 1377 153 66 scio.
1604 1377 102 66 Si
1655 1377 221 66 quaerenti
1825 1377 221 66 explicare
1995 1377 170 66 velim,
2097 1377 136 66 nescio

446 1428 190 71 Fidenter
588 1428 142 71 tamen
683 1428 126 71 dico
762 1428 142 71 scire
857 1428 111 71 me:
920 1428 126 71 quod
999 1428 95 71 si
1046 1428 142 71 nihil
1141 1428 253 71 praeteriret,
1347 1428 111 71 non
1410 1428 142 71 esset
1504 1428 237 71 praeteritum
1694 1428 174 71 tempus:
1820 1428 79 71 &
1852 1428 95 71 si
1899 1428 142 71 nihil
1994 1428 221 71 adueniret,
2152 1428 79 71 non

453 1483 145 56 esset
550 1483 177 56 futurum
678 1483 177 56 tempus:
807 1483 81 56 &
840 1483 97 56 si
888 1483 145 56 nihil
984 1483 145 56 esset
1081 1483 113 56 non
1146 1483 145 56 esset
1242 1483 193 56 praesens
1387 1483 177 56 tempus.
1516 1483 113 56 Duo
1581 1483 129 56 ergo
1661 1483 129 56 illa
1742 1483 242 56 praeteritum
1935 1483 81 56 &
1967 1483 177 56 futurum
2096 1483 177 56 quomodo

444 1552 163 61 sunt:
553 1552 200 61 quoniam
698 1552 91 61 &
734 1552 272 61 praeteritum
952 1552 127 61 iam
1025 1552 127 61 non
1098 1552 145 61 est,
1189 1552 91 61 &
1225 1552 200 61 futurum
1370 1552 182 61 nondum
1497 1552 145 61 est.
1588 1552 218 61 Praesens
1752 1552 163 61 autem
1861 1552 109 61 si
1915 1552 182 61 semper
2042 1552 163 61 esset
2133 1552 109 61 prae

446 1603 157 62 sens,
550 1603 87 62 &
585 1603 104 62 in
637 1603 261 62 praeteritum
846 1603 122 62 non
915 1603 244 62 transiret:
1107 1603 122 62 iam
1176 1603 122 62 non
1246 1603 157 62 esset
1351 1603 191 62 tempus,
1490 1603 122 62 sed
1559 1603 261 62 aeternitas.
1768 1603 104 62 Si
1820 1603 139 62 ergo
1907 1603 209 62 praesens
2064 1603 104 62 vt
2099 1603 139 62 tempus

451 1647 136 58 sit,
536 1647 136 58 ideo
621 1647 119 58 sit
689 1647 136 58 quia
774 1647 102 58 in
825 1647 255 58 praeteritum
1029 1647 204 58 transit:
1182 1647 187 58 quomodo
1318 1647 85 58 &
1352 1647 119 58 hoc
1419 1647 136 58 esse
1504 1647 187 58 dicimus
1640 1647 119 58 cui
1708 1647 153 58 causa
1810 1647 102 58 vt
1861 1647 119 58 sit
1929 1647 136 58 illa
2014 1647 119 58 est
2082 1647 136 58 quia
2167 1647 119 58 non

448 1704 145 66 erit:
544 1704 96 66 vt
593 1704 193 66 scilicet
737 1704 113 66 non
802 1704 129 66 vere
882 1704 177 66 dicamus
1010 1704 161 66 tempus
1123 1704 145 66 esse,
1219 1704 129 66 nisi
1300 1704 129 66 quia
1380 1704 161 66 tendit
1493 1704 96 66 in
1541 1704 113 66 non
1605 1704 145 66 esse:
1702 1704 96 66 Et
1750 1704 209 66 respondet
1911 1704 177 66 dicens.
2039 1704 129 66 Sunt
2103 1704 129 66 futura

448 1761 78 68 &
480 1761 235 68 praeterita.
667 1761 125 68 Volo
746 1761 141 68 scire
840 1761 110 68 vbi
902 1761 141 68 sunt,
996 1761 125 68 quod
1074 1761 94 68 si
1121 1761 110 68 non
1184 1761 156 68 valeo:
1293 1761 125 68 scio
1371 1761 141 68 tamen
1465 1761 203 68 vbicunque
1622 1761 141 68 sint:
1716 1761 110 68 non
1778 1761 110 68 ibi
1841 1761 94 68 ea
1888 1761 156 68 futura
1997 1761 125 68 esse
2076 1761 110 68 aut
2122 1761 110 68 prae-

446 1815 155 74 terita
554 1815 108 74 sed
616 1815 232 74 praesentia.
802 1815 108 74 Nam
864 1815 93 74 si
910 1815 108 74 ibi
972 1815 155 74 futura
1080 1815 139 74 sunt,
1173 1815 155 74 nondum
1282 1815 108 74 ibi
1344 1815 139 74 sunt,
1437 1815 93 74 si
1483 1815 139 74 etiam
1576 1815 108 74 ibi
1638 1815 217 74 praeterita
1808 1815 139 74 sunt:
1901 1815 108 74 iam
1963 1815 108 74 non
2025 1815 108 74 ibi
2087 1815 139 74 sunt.
2165 1815 77 74 vbi

439 1870 165 68 cunque
555 1870 165 68 igitur
671 1870 132 68 sunt
753 1870 231 68 quaecunque
935 1870 149 68 sunt,
1034 1870 116 68 non
1100 1870 132 68 sunt
1183 1870 132 68 nisi
1265 1870 248 68 praesentia.
1464 1870 99 68 Et
1513 1870 116 68 est
1579 1870 215 68 responsio
1744 1870 215 68 Augustini
1910 1870 132 68 quod
1992 1870 149 68 sunt:
2091 1870 116 68 sed
2157 1870 116 68 non

450 1924 136 68 nisi
535 1924 102 68 in
586 1924 153 68 anima
688 1924 272 68 concipiente,
909 1924 119 68 non
978 1924 153 68 autem
1080 1924 102 68 in
1131 1924 102 68 re
1182 1924 170 68 extra.
1301 1924 136 68 vnde
1386 1924 153 68 dicit
1488 1924 221 68 capitulo.
1658 1924 136 68 xxi.
1743 1924 136 68 Quid
1829 1924 153 68 autem
1931 1924 136 68 nunc
2016 1924 170 68 liquet
2135 1924 85 68 &
2152 1924 85 68 cla

449 1980 134 71 ret,
533 1980 117 71 nec
600 1980 167 71 futura
717 1980 134 71 sunt
801 1980 117 71 nec
868 1980 251 71 praeterita.
1068 1980 117 71 Nec
1135 1980 184 71 proprie
1269 1980 201 71 dicitur,
1420 1980 134 71 tria
1504 1980 184 71 tempora
1638 1980 151 71 sunt:
1738 1980 201 71 praesens
1889 1980 100 71 de
1939 1980 268 71 praeteritis:
2140 1980 100 71 prae

449 2035 138 58 sens
535 2035 104 58 de
587 2035 207 58 futuris:
742 2035 207 58 praesens
898 2035 104 58 de
950 2035 294 58 praesentibus.
1191 2035 138 58 sunt
1278 2035 138 58 enim
1364 2035 138 58 haec
1450 2035 104 58 in
1502 2035 155 58 anima
1606 2035 207 58 quaedam:
1761 2035 86 58 &
1796 2035 155 58 alibi
1900 2035 104 58 ea
1951 2035 121 58 non
2020 2035 173 58 video,
2124 2035 121 58 prae-

448 2089 137 75 sens
533 2089 102 75 de
584 2089 256 75 praeteritis
789 2089 205 75 memoria,
943 2089 205 75 praesens
1096 2089 102 75 de
1148 2089 273 75 praesentibus
1370 2089 239 75 contuitus,
1557 2089 205 75 praesens
1711 2089 102 75 de
1762 2089 188 75 futuris
1899 2089 256 75 expectatio.
2103 2089 102 75 Si
2138 2089 102 75 haec

443 2151 280 67 permittuntur
670 2151 192 67 dicere,
809 2151 140 67 tria
897 2151 192 67 tempora
1037 2151 157 67 video
1141 2151 192 67 fateor:
1281 2151 140 67 quia
1368 2151 140 67 tria
1456 2151 140 67 sunt
1543 2151 227 67 praesens,
1718 2151 280 67 praeteritum,
1945 2151 87 67 &
1980 2151 210 67 futurum.
2120 2151 122 67 xxvi.

449 2200 211 66 capitulo.
611 2200 211 66 Confiteor
774 2200 195 66 ignorare
920 2200 98 66 me
969 2200 146 66 adhuc
1067 2200 130 66 quid
1148 2200 114 66 sit
1213 2200 179 66 tempus.
1343 2200 163 66 xxvii.
1457 2200 195 66 Visumque
1604 2200 130 66 mihi
1685 2200 114 66 est
1750 2200 146 66 nihil
1848 2200 146 66 aliud
1945 2200 130 66 esse
2027 2200 163 66 tempus
2140 2200 130 66 quam

449 2265 310 63 distinctionis:
707 2265 121 63 sed
776 2265 155 63 cuius
880 2265 121 63 rei
949 2265 190 63 nescio.
1086 2265 190 63 xxviii.
1224 2265 103 63 Et
1276 2265 155 63 mirum
1379 2265 103 63 si
1431 2265 121 63 non
1500 2265 172 63 ipsius
1621 2265 155 63 animi
1724 2265 121 63 non
1793 2265 172 63 metior
1914 2265 207 63 futurum:
2069 2265 138 63 quia
2155 2265 121 63 non

443 2320 126 62 dum
515 2320 144 62 est:
605 2320 126 62 non
677 2320 234 62 praesens:
857 2320 144 62 quia
947 2320 162 62 nullo
1055 2320 180 62 spatio
1181 2320 234 62 tenditur:
1361 2320 126 62 non
1433 2320 288 62 praeteritum,
1667 2320 144 62 quia
1757 2320 126 62 iam
1829 2320 126 62 non
1901 2320 144 62 est,
1991 2320 90 62 &
2027 2320 198 62 metimur
2153 2320 90 62 ta-

449 2366 127 70 men
522 2366 218 70 tempora.
685 2366 127 70 Non
758 2366 146 70 ergo
849 2366 146 70 ipsa
940 2366 146 70 quae
1031 2366 127 70 iam
1104 2366 127 70 non
1177 2366 164 70 sunt:
1286 2366 127 70 sed
1359 2366 200 70 aliquid
1505 2366 109 70 in
1559 2366 200 70 memoria
1705 2366 127 70 mea
1778 2366 182 70 metior
1905 2366 146 70 quod
1996 2366 200 70 infixum
2142 2366 127 70 ma-

441 2423 117 68 net
508 2423 235 68 affectione
693 2423 134 68 quam
777 2423 117 68 res
844 2423 285 68 praetereuntes
1078 2423 201 68 faciunt:
1229 2423 101 68 et
1279 2423 117 68 cum
1347 2423 151 68 illae
1447 2423 251 68 praetereunt
1648 2423 151 68 manet
1749 2423 151 68 ipsa.
1849 2423 134 68 ergo
1933 2423 134 68 ipsa
2017 2423 184 68 tempora
2134 2423 101 68 sunt

445 2474 142 64 aut
526 2474 142 64 non
607 2474 202 64 metior
748 2474 243 64 tempora.
930 2474 142 64 Sed
1011 2474 222 64 quomodo
1173 2474 243 64 minuitur
1355 2474 142 64 aut
1435 2474 283 64 consumitur
1658 2474 222 64 futurum
1819 2474 162 64 quod
1921 2474 202 64 nondum
2062 2474 162 64 est:
2143 2474 101 64 aut

451 2527 199 73 quomodo
596 2527 199 73 crescit
740 2527 271 73 praeteritum
957 2527 145 73 quod
1048 2527 127 73 iam
1120 2527 127 73 non
1192 2527 145 73 est:
1283 2527 145 73 nisi
1373 2527 145 73 quia
1463 2527 108 73 in
1518 2527 163 73 animo
1626 2527 145 73 tria
1717 2527 163 73 sunt:
1825 2527 127 73 nam
1897 2527 90 73 &
1934 2527 217 73 expectat
2096 2527 90 73 &
2114 2527 127 73 atten

451 2590 127 65 dit
523 2590 90 65 &
559 2590 217 65 meminit:
722 2590 109 65 vt
777 2590 163 65 illud
885 2590 145 65 quod
976 2590 217 65 expectat
1138 2590 127 65 per
1211 2590 109 65 id
1265 2590 145 65 quod
1356 2590 217 65 attendit
1518 2590 217 65 transeat
1681 2590 109 65 in
1735 2590 109 65 id
1790 2590 145 65 quid
1880 2590 217 65 meminit.
2043 2590 145 65 Quis
2115 2590 127 65 neget

441 2634 180 77 futura
567 2634 180 77 nondum
693 2634 162 77 esse:
801 2634 126 77 sed
873 2634 162 77 tamen
982 2634 126 77 iam
1054 2634 126 77 est
1126 2634 90 77 &
1162 2634 108 77 in
1216 2634 162 77 animo
1324 2634 252 77 expectatio
1522 2634 252 77 futurorum.
1720 2634 108 77 Et
1774 2634 144 77 quis
1865 2634 162 77 negat
1973 2634 252 77 praeterita
2153 2634 90 77 iam

443 2692 128 73 non
516 2692 165 73 esse:
626 2692 128 73 sed
699 2692 165 73 tamen
809 2692 165 73 adhuc
919 2692 128 73 est
992 2692 110 73 in
1047 2692 165 73 animo
1157 2692 202 73 memoria
1304 2692 330 73 praeteritorum.
1578 2692 110 73 Et
1633 2692 147 73 quis
1725 2692 165 73 negat
1835 2692 220 73 praesens
2000 2692 183 73 tempus
2110 2692 128 73 care-

449 2748 105 71 re
502 2748 193 71 spatio:
642 2748 140 71 quia
730 2748 105 71 in
782 2748 175 71 puncto
905 2748 263 71 praeteriit:
1115 2748 123 71 sed
1185 2748 158 71 tamen
1290 2748 210 71 perdurat
1447 2748 210 71 attentio
1605 2748 123 71 per
1675 2748 140 71 quam
1762 2748 175 71 pergat
1885 2748 175 71 abesse
2007 2748 140 71 quod
2077 2748 158 71 aderit.

447 2800 140 63 Non
527 2800 199 63 igitur
666 2800 199 63 longum
806 2800 199 63 tempus
946 2800 219 63 futurum
1105 2800 160 63 quod
1205 2800 199 63 nondum
1345 2800 160 63 est:
1444 2800 140 63 sed
1524 2800 199 63 longum
1664 2800 219 63 futurum
1823 2800 179 63 longa
1943 2800 279 63 expectatio
2142 2800 100 63 fu-

444 2862 147 71 turi
535 2862 147 71 est:
627 2862 165 71 neque
738 2862 184 71 longum
866 2862 276 71 praeteritum
1087 2862 184 71 tempus
1215 2862 147 71 quod
1307 2862 129 71 non
1381 2862 147 71 est:
1472 2862 129 71 sed
1546 2862 184 71 longum
1674 2862 276 71 praeteritum
1895 2862 165 71 longa
2005 2862 202 71 memoria
2134 2862 110 71 prae

446 2906 152 75 teriti
552 2906 122 75 est.
628 2906 122 75 Ecce
704 2906 137 75 plane
795 2906 122 75 quid
871 2906 91 75 de
917 2906 197 75 proposita
1069 2906 213 75 quaestione
1236 2906 152 75 sensit
1342 2906 213 75 Augustinus
1509 2906 197 75 videlicet
1661 2906 122 75 quod
1737 2906 106 75 non
1798 2906 137 75 esset
1889 2906 122 75 nisi
1965 2906 91 75 in
2010 2906 152 75 anima:
2116 2906 76 75 &
2132 2906 106 75 nihil

450 2968 156 68 aliud
554 2968 139 68 quam
641 2968 209 68 affectio
797 2968 122 68 seu
867 2968 226 68 conceptus
1041 2968 226 68 transitus
1214 2968 156 68 rerum
1319 2968 348 68 pertranseuntium,
1614 2968 174 68 manens
1736 2968 104 68 in
1788 2968 174 68 anima:
1910 2968 104 68 vt
1962 2968 139 68 quod
2049 2968 174 68 tempus
2153 2968 87 68 fu-

445 3010 156 77 turum
549 3010 156 77 nihil
652 3010 156 77 aliud
756 3010 121 77 sit
826 3010 139 77 quam
912 3010 225 77 conceptus
1085 3010 208 77 secundum
1241 3010 294 77 expectationem
1484 3010 294 77 praetereundi:
1726 3010 260 77 Praeteritum
1934 3010 156 77 nihil
2038 3010 156 77 aliud
2124 3010 104 77 quam

449 3070 233 63 conceptus
628 3070 215 63 secundum
790 3070 305 63 recordationem
1041 3070 126 63 iam
1112 3070 287 63 pertransiti.
1346 3070 215 63 Praesens
1507 3070 143 63 vero
1597 3070 161 63 nihil
1704 3070 161 63 aliud
1812 3070 143 63 quam
1901 3070 233 63 conceptus
2063 3070 179 63 secundum

442 3123 210 64 attentionem
610 3123 98 64 iam
666 3123 252 64 praetereuntis.
876 3123 84 64 Et
918 3123 168 64 secundum
1044 3123 126 64 tales
1128 3123 182 64 conceptus
1268 3123 154 64 dicitur
1379 3123 168 64 secundum
1505 3123 126 64 ipsum
1589 3123 140 64 tempus
1687 3123 140 64 longum
1785 3123 140 64 tempus
1883 3123 98 64 vel
1939 3123 140 64 breue:
2037 3123 98 64 non
2093 3123 168 64 secundum

443 3188 165 66 aliquid
563 3188 120 66 quid
638 3188 105 66 est
698 3188 150 66 extra.
803 3188 135 66 Verbi
893 3188 165 66 gratia.
1013 3188 135 66 sicut
1103 3188 150 66 dicit:
1208 3188 180 66 dicturus
1343 3188 105 66 sum
1404 3188 180 66 canticum
1539 3188 120 66 quod
1614 3188 135 66 noui:
1704 3188 180 66 antequam
1839 3188 195 66 incipiam,
1989 3188 90 66 in
2034 3188 135 66 totum
2109 3188 135 66 expecta

439 3233 118 87 rio
507 3233 118 87 mea
574 3233 185 87 tendit:
709 3233 118 87 cum
776 3233 202 87 coepero,
928 3233 185 87 quantum
1063 3233 101 87 ex
1113 3233 135 87 illo
1198 3233 101 87 in
1248 3233 253 87 praeteritum
1451 3233 236 87 decerpsero
1636 3233 169 87 tendit
1754 3233 101 87 in
1805 3233 202 87 memoriam
1956 3233 135 87 quod
2041 3233 152 87 dixi:
2142 3233 84 87 &
2176 3233 101 87 in
