2441 3710
178 288 314 85 expectationem
436 288 148 85 quod
529 288 222 85 dicturus
695 288 148 85 sum.
788 288 222 85 Praesens
954 288 129 85 cum
1028 288 185 85 adest,
1158 288 166 85 adest
1269 288 222 85 attentio
1435 288 129 85 per
1509 288 148 85 quam
1602 288 259 85 traiicitur
1805 288 148 85 quod
1879 288 111 85 erat

184 371 190 60 futurum,
327 371 95 60 vt
374 371 127 60 fiat
453 371 253 60 praeteritum,
659 371 127 60 quod
739 371 158 60 quanto
849 371 143 60 magis
945 371 174 60 agitur,
1071 371 143 60 tanto
1166 371 238 60 abbreuiatur
1356 371 238 60 expectatio,
1546 371 79 60 &
1578 371 222 60 prlongatur
1752 371 190 60 memoria,
1879 371 111 60 donec

184 423 126 57 tota
263 423 220 57 expectatio
436 423 251 57 consummatur.
640 423 94 57 Et
687 423 110 57 cum
750 423 126 57 tota
828 423 220 57 transierit
1001 423 94 57 in
1048 423 188 57 memoria,
1189 423 157 57 finita
1299 423 110 57 est
1362 423 157 57 actio.
1472 423 94 57 Et
1519 423 126 57 quod
1597 423 94 57 in
1645 423 126 57 toto
1723 423 188 57 cantico,
1864 423 110 57 hoc
1927 423 94 57 in

192 473 170 63 singulis
319 473 198 63 particulis
475 473 99 63 fit
532 473 127 63 eius:
617 473 113 63 haec
687 473 85 63 in
730 473 156 63 actione
843 473 156 63 longior
956 473 113 63 est:
1027 473 113 63 haec
1098 473 85 63 in
1141 473 113 63 tota
1211 473 113 63 vita
1282 473 170 63 hominis:
1410 473 113 63 haec
1480 473 85 63 in
1523 473 113 63 toto
1594 473 156 63 saeculo
1707 473 170 63 filiorum
1820 473 156 63 hominium.

191 528 73 60 &
221 528 102 60 sic
279 528 176 60 secundum
411 528 205 60 Augustinus
572 528 102 60 non
630 528 117 60 nisi
703 528 88 60 eo
747 528 117 60 quod
821 528 102 60 est
879 528 88 60 in
923 528 132 60 anima
1011 528 161 60 metimur
1128 528 88 60 id
1172 528 117 60 quod
1245 528 102 60 est
1303 528 146 60 extra:
1406 528 73 60 &
1435 528 102 60 non
1494 528 117 60 nisi
1567 528 176 60 secundum
1698 528 117 60 esse
1772 528 117 60 quod
1845 528 132 60 habet
1932 528 88 60 in

188 586 163 60 anima.
302 586 114 60 SED
367 586 131 60 quid
449 586 131 60 est:
531 586 180 60 nunquid
662 586 229 60 sentiendum
841 586 114 60 est
907 586 131 60 quod
988 586 196 60 secundum
1135 586 212 60 veritatem
1299 586 163 60 tempus
1413 586 114 60 non
1478 586 131 60 nisi
1560 586 98 60 in
1609 586 147 60 anima
1707 586 131 60 est:
1789 586 98 60 Si
1838 586 131 60 enim
1920 586 98 60 in

183 639 189 55 anima,
315 639 170 55 neque
428 639 170 55 vllus
541 639 283 55 intellectus
768 639 339 55 comprehenderet
1050 639 170 55 motus
1163 639 207 55 fluxum,
1314 639 94 55 &
1352 639 226 55 secundum
1522 639 189 55 partes
1654 639 151 55 suas
1748 639 113 55 de
1804 639 132 55 non
1861 639 113 55 esse

181 689 121 61 per
250 689 138 61 esse
336 689 173 61 medium
457 689 207 61 fluerent
613 689 104 61 in
664 689 121 61 non
733 689 138 61 esse
820 689 190 61 iterum:
958 689 86 61 &
993 689 121 61 sic
1062 689 138 61 pars
1148 689 225 61 transiret
1321 689 138 61 post
1407 689 190 61 partem:
1545 689 190 61 quaedam
1683 689 190 61 citius,
1822 689 190 61 quaedam

187 745 199 58 tardius:
337 745 183 58 numquid
470 745 100 58 in
519 745 100 58 re
569 745 133 58 ipsa
652 745 199 58 secundum
802 745 100 58 se
851 745 149 58 esset
951 745 149 58 modus
1051 745 232 58 durationis
1233 745 133 58 suae
1316 745 100 58 in
1366 745 133 58 esse
1449 745 166 58 saltem
1565 745 232 58 subitaneus
1748 745 100 58 eo
1797 745 133 58 quod
1864 745 116 58 nihil

183 790 113 63 est
247 790 97 63 in
296 790 129 63 toto
377 790 129 63 motu
457 790 129 63 nisi
538 790 210 63 transitio
700 790 178 63 subita:
829 790 97 63 vt
877 790 113 63 hic
942 790 161 63 saltem
1055 790 113 63 sit
1119 790 161 63 ponere
1232 790 178 63 instans
1361 790 97 63 in
1410 790 129 63 ipsa
1491 790 97 63 re
1539 790 226 63 transeunte
1717 790 210 63 inquantum
1862 790 113 63 tran-

185 851 125 70 sit:
264 851 110 70 aut
326 851 94 70 si
373 851 172 70 instans
499 851 110 70 non
562 851 172 70 meretur
687 851 125 70 dici
766 851 188 70 aliquid:
907 851 125 70 quia
985 851 110 70 non
1048 851 157 70 manet:
1158 851 204 70 similiter
1314 851 141 70 neque
1408 851 125 70 ipse
1487 851 220 70 transitus:
1659 851 125 70 quia
1738 851 204 70 similiter
1895 851 110 70 non

186 902 179 74 manet:
311 902 89 74 &
347 902 125 74 per
418 902 250 74 consequens
615 902 232 74 negabitur
793 902 143 74 quod
883 902 125 74 non
954 902 125 74 sit
1025 902 161 74 motus
1133 902 179 74 omnino
1258 902 107 74 in
1311 902 179 74 rebus,
1436 902 179 74 contra
1561 902 179 74 clarum
1686 902 214 74 iudicium
1829 902 143 74 sensus

187 955 119 58 non
255 955 204 58 decepti:
408 955 170 58 Reuera
526 955 187 58 necesse
662 955 119 58 est
730 955 170 58 ponere
849 955 187 58 instans
985 955 136 58 siue
1070 955 204 58 praesens
1222 955 136 58 esse
1307 955 102 58 in
1358 955 170 58 natura
1477 955 119 58 rei
1545 955 153 58 extra
1647 955 187 58 animam,
1782 955 102 58 si
1816 955 153 58 transi-

185 1012 119 66 tum
253 1012 119 66 vel
321 1012 290 66 translationem
560 1012 187 66 aliquam
696 1012 187 66 ponamus
832 1012 153 66 extra
935 1012 187 66 animam:
1071 1012 136 66 quia
1156 1012 187 66 instans
1292 1012 239 66 necessario
1480 1012 204 66 sequitur
1633 1012 102 66 id
1684 1012 136 66 quod
1753 1012 222 66 transfertur

189 1063 211 56 inquantum
351 1063 260 56 transfertur:
563 1063 98 56 vt
611 1063 130 56 vult
693 1063 260 56 philosophus.
904 1063 98 56 Et
953 1063 98 56 si
1002 1063 228 56 concedatur
1180 1063 130 56 nunc
1262 1063 179 56 instans
1392 1063 130 56 esse
1473 1063 98 56 in
1522 1063 146 56 rebus
1619 1063 146 56 extra
1717 1063 163 56 animam
1831 1063 179 56 quantum

187 1116 182 69 cunque
314 1116 254 69 debiliter:
514 1116 164 69 sicut
623 1116 200 69 ponimus
768 1116 164 69 motum
877 1116 145 69 esse
968 1116 109 69 in
1023 1116 164 69 rebus
1132 1116 200 69 propter
1277 1116 291 69 successionem
1514 1116 236 69 continuam
1695 1116 254 69 transituum
1877 1116 91 69 vni

186 1172 106 57 us
239 1172 141 57 post
327 1172 211 57 alterum:
485 1172 281 57 consimiliter
714 1172 193 57 necesse
855 1172 193 57 habemus
996 1172 176 57 ponere
1119 1172 88 57 &
1154 1172 106 57 in
1207 1172 141 57 ipso
1295 1172 141 57 motu
1383 1172 176 57 tempus
1506 1172 158 57 esse:
1611 1172 141 57 quia
1699 1172 176 57 tempus
1822 1172 176 57 sequi-

186 1227 133 56 tur
262 1227 170 56 motum
375 1227 114 56 ex
432 1227 284 56 successione
659 1227 265 56 instantium
868 1227 303 56 mensurantium
1114 1227 246 56 transitus
1303 1227 284 56 succedentes
1530 1227 133 56 qui
1606 1227 208 56 causant
1758 1227 189 56 motum:
1871 1227 95 56 si-

184 1273 126 73 cut
256 1273 163 73 ipsum
365 1273 199 73 instans
509 1273 217 73 sequitur
672 1273 235 73 transitum
852 1273 181 73 ipsum.
979 1273 126 73 Nec
1051 1273 144 73 plus
1141 1273 199 73 possunt
1286 1273 253 73 concludere
1484 1273 289 73 persuasiones
1719 1273 235 73 Augustini
1900 1273 108 73 ad

187 1332 235 63 probandum
368 1332 181 63 tempus
494 1332 127 63 non
567 1332 145 63 esse
657 1332 108 63 in
711 1332 163 63 rebus
820 1332 127 63 sed
892 1332 163 63 solum
1001 1332 108 63 in
1055 1332 181 63 anima,
1181 1332 145 63 quam
1272 1332 181 63 motum,
1398 1332 145 63 quia
1489 1332 127 63 non
1561 1332 163 63 alium
1670 1332 163 63 modum
1778 1332 199 63 essendi
1905 1332 72 63 ha

190 1384 108 72 bet
251 1384 139 72 motus
344 1384 124 72 quam
422 1384 170 72 tempus:
545 1384 139 72 sicut
638 1384 139 72 patet
731 1384 247 72 inspicienti:
932 1384 124 72 quia
1009 1384 124 72 quod
1087 1384 93 72 de
1133 1384 124 72 motu
1210 1384 93 72 in
1257 1384 217 72 praeterito
1427 1384 186 72 acceptum
1566 1384 108 72 est
1628 1384 108 72 non
1690 1384 124 72 est,
1767 1384 139 72 sicut
1860 1384 139 72 neque

185 1438 159 68 tempus
297 1438 255 68 praeteritum:
504 1438 80 68 &
535 1438 127 68 quod
615 1438 96 68 de
663 1438 127 68 motu
743 1438 175 68 futurum
870 1438 127 68 est,
950 1438 159 68 nondum
1061 1438 127 68 est,
1141 1438 143 68 sicut
1236 1438 143 68 neque
1332 1438 159 68 tempus
1443 1438 191 68 futurum:
1587 1438 80 68 &
1619 1438 127 68 quod
1698 1438 96 68 de
1746 1438 127 68 motu
1826 1438 96 68 in
1858 1438 111 68 prae-

182 1499 152 58 senti
284 1499 135 58 est,
368 1499 152 58 motus
470 1499 118 58 non
537 1499 135 58 est:
622 1499 118 58 sed
690 1499 101 58 in
740 1499 135 58 solo
825 1499 203 58 transitu
977 1499 135 58 est:
1062 1499 152 58 sicut
1163 1499 118 58 est
1231 1499 101 58 de
1282 1499 220 58 instanti.
1451 1499 152 58 Super
1552 1499 118 58 hoc
1620 1499 135 58 enim
1704 1499 237 58 Augustinus
1874 1499 101 58 fun-

180 1548 129 56 dat
253 1548 166 56 omnem
364 1548 148 56 suam
456 1548 314 56 persuasionem.
715 1548 166 56 Salua
826 1548 148 56 ergo
918 1548 258 56 reuerentia
1121 1548 166 56 beati
1232 1548 258 56 Augustini,
1435 1548 129 56 non
1509 1548 185 56 omnino
1638 1548 222 56 negandum
1804 1548 129 56 est
1859 1548 111 56 tem-

185 1597 115 62 pus
250 1597 131 62 esse
332 1597 147 62 extra
430 1597 180 62 animam.
561 1597 115 62 Sed
627 1597 180 62 nunquid
758 1597 164 62 omnino
872 1597 82 62 &
905 1597 213 62 perfectum
1069 1597 131 62 suum
1150 1597 131 62 esse
1232 1597 147 62 habet
1331 1597 98 62 in
1380 1597 164 62 rebus,
1494 1597 82 62 &
1527 1597 147 62 nullo
1625 1597 131 62 modo
1707 1597 98 62 in
1756 1597 164 62 anima:
1854 1597 115 62 sicut

173 1654 162 67 habet
281 1654 162 67 verus
389 1654 162 67 motus
497 1654 144 67 esse
587 1654 108 67 in
641 1654 162 67 rebus
749 1654 180 67 extra,
875 1654 90 67 &
911 1654 162 67 nullo
1019 1654 144 67 modo
1110 1654 108 67 in
1164 1654 180 67 anima,
1290 1654 144 67 nisi
1380 1654 126 67 per
1452 1654 144 67 suam
1542 1654 306 67 similitudinem
1794 1654 162 67 sicut
1884 1654 90 67 res

178 1709 158 66 aliae:
289 1709 95 66 Et
336 1709 205 66 videretur
494 1709 158 66 alicui
604 1709 189 66 dicendum
747 1709 126 66 quod
825 1709 126 66 sic:
904 1709 95 66 si
952 1709 158 66 tempus
1062 1709 95 66 in
1110 1709 111 66 suo
1173 1709 126 66 esse
1252 1709 189 66 perfecte
1394 1709 189 66 sequitur
1536 1709 126 66 esse
1615 1709 158 66 motus:
1725 1709 95 66 vt
1773 1709 142 66 sicut
1852 1709 111 66 motus

178 1760 165 68 totum
288 1760 147 68 esse
379 1760 147 68 suum
471 1760 165 68 habet
581 1760 183 68 omnino
709 1760 165 68 extra
819 1760 183 68 animam
947 1760 110 68 in
1002 1760 165 68 rebus
1112 1760 183 68 motis:
1240 1760 92 68 &
1277 1760 128 68 non
1350 1760 165 68 habet
1460 1760 147 68 esse
1552 1760 110 68 in
1607 1760 165 68 anima
1717 1760 147 68 nisi
1808 1760 128 68 per
1863 1760 110 68 suam

185 1813 161 69 speciem
302 1813 161 69 tanquam
419 1813 88 69 in
463 1813 234 69 cognoscente:
653 1813 102 69 sic
711 1813 132 69 neque
799 1813 146 69 tempus
901 1813 132 69 habet
989 1813 117 69 esse
1062 1813 88 69 in
1106 1813 146 69 anima,
1208 1813 117 69 nisi
1281 1813 132 69 sicut
1369 1813 88 69 in
1413 1813 219 69 cognoscente
1588 1813 102 69 per
1647 1813 117 69 suam
1720 1813 175 69 speciem:
1851 1813 102 69 sed
1895 1813 73 69 se-

182 1869 163 55 cundum
296 1869 114 55 rei
361 1869 212 55 veritatem
524 1869 98 55 in
572 1869 130 55 motu
654 1869 146 55 extra
751 1869 212 55 existente
914 1869 98 55 in
963 1869 114 55 re.
1028 1869 114 55 Sed
1093 1869 114 55 non
1158 1869 114 55 est
1223 1869 130 55 ita.
1305 1869 163 55 Dicit.
1419 1869 114 55 eno
1484 1869 244 55 commentator
1679 1869 146 55 super
1777 1869 130 55 cap.
1858 1869 98 55 de
1891 1869 81 55 tem

180 1922 128 66 pore.
265 1922 114 66 quod
336 1922 142 66 tempus
436 1922 100 66 est
493 1922 85 66 de
536 1922 142 66 numero
635 1922 157 66 entium,
749 1922 142 66 quorum
849 1922 128 66 actus
934 1922 185 66 completur
1076 1922 100 66 per
1133 1922 157 66 animam,
1247 1922 71 66 &
1276 1922 157 66 entibus
1389 1922 213 66 latentibus.
1560 1922 114 66 quae
1631 1922 85 66 si
1674 1922 128 66 anima
1760 1922 100 66 non
1816 1922 142 66 esset,
1902 1922 71 66 non

192 1975 148 60 essent
296 1975 119 60 nisi
370 1975 89 60 in
415 1975 193 60 potentia:
563 1975 89 60 vt
608 1975 104 60 iam
667 1975 178 60 patebit.
801 1975 104 60 His
860 1975 134 60 visis
949 1975 178 60 dicendum
1083 1975 89 60 ad
1128 1975 238 60 quaestionem:
1321 1975 119 60 quod
1395 1975 148 60 tempus
1499 1975 178 60 quodammo
1632 1975 134 60 habet
1722 1975 119 60 esse
1796 1975 119 60 sine
1870 1975 134 60 anima

192 2029 91 59 in
237 2029 91 59 re
283 2029 152 59 extra:
389 2029 76 59 &
420 2029 182 59 quodammo
556 2029 91 59 in
602 2029 152 59 anima,
708 2029 91 59 de
753 2029 106 59 non
814 2029 121 59 sine
890 2029 152 59 anima.
996 2029 91 59 in
1042 2029 106 59 quo
1103 2029 167 59 residet
1224 2029 197 59 sententia
1376 2029 213 59 philosophi
1543 2029 137 59 circa
1634 2029 121 59 esse
1710 2029 197 59 temporis.
1862 2029 121 59 Quid
1922 2029 61 59 ex

192 2083 166 69 presse
309 2083 150 69 patet
409 2083 100 69 ex
458 2083 100 69 eo
508 2083 133 69 quod
592 2083 150 69 dicit
691 2083 133 69 ante
774 2083 150 69 finem
874 2083 200 69 capituli
1024 2083 100 69 de
1074 2083 200 69 tempore.
1224 2083 166 69 Dignum
1340 2083 166 69 inquit
1456 2083 299 69 consideratione
1706 2083 133 69 est:
1789 2083 83 69 &
1822 2083 116 69 quo
1872 2083 100 69 modo

199 2136 88 69 se
243 2136 147 69 habeat
347 2136 88 69 ad
391 2136 162 69 animam,
509 2136 74 69 &
538 2136 162 69 propter
656 2136 118 69 quid
729 2136 88 69 in
774 2136 118 69 omni
847 2136 162 69 videtur
965 2136 118 69 esse
1039 2136 162 69 tempus,
1156 2136 74 69 &
1186 2136 88 69 in
1230 2136 147 69 terra,
1333 2136 74 69 &
1363 2136 88 69 in
1407 2136 133 69 mari,
1495 2136 74 69 &
1525 2136 88 69 in
1569 2136 147 69 caelo.
1672 2136 103 69 Per
1731 2136 103 69 hoc
1790 2136 118 69 ergo
1863 2136 118 69 quod
1922 2136 59 69 di

202 2190 129 53 cit.
283 2190 97 53 Et
331 2190 177 53 propter
460 2190 129 53 quid
541 2190 113 53 &c.
605 2190 194 53 expresse
750 2190 194 53 insinuat
895 2190 129 53 quod
976 2190 113 53 per
1041 2190 145 53 motum
1137 2190 145 53 habet
1234 2190 129 53 esse
1315 2190 97 53 in
1363 2190 145 53 rebus
1460 2190 161 53 extra.
1573 2190 81 53 &
1605 2190 113 53 hoc
1670 2190 113 53 est
1734 2190 129 53 quod
1799 2190 177 53 subiungit

192 2248 242 51 respondendo
385 2248 97 51 ad
434 2248 145 51 illud
531 2248 177 51 propter
660 2248 145 51 quid,
756 2248 177 51 dicens.
885 2248 113 51 Aut
950 2248 129 51 quia
1030 2248 161 51 tempus
1143 2248 177 51 quaedam
1272 2248 161 51 passio
1385 2248 129 51 est:
1466 2248 129 51 motu
1547 2248 194 51 scilicet
1692 2248 129 51 hic:
1772 2248 113 51 aut
1821 2248 161 51 mouentur

193 2303 172 58 omnia:
313 2303 172 58 tempus
433 2303 155 58 autem
537 2303 86 58 &
571 2303 155 58 motus
674 2303 155 58 simul
777 2303 206 58 secundum
932 2303 155 58 actum
1035 2303 86 58 &
1069 2303 223 58 potentiam
1241 2303 155 58 sunt.
1344 2303 120 58 Per
1413 2303 103 58 id
1464 2303 155 58 autem
1568 2303 137 58 quod
1653 2303 172 58 dicit,
1774 2303 120 58 Quo
1843 2303 137 58 modo
1911 2303 69 58 se

189 2349 153 69 habeat
296 2349 92 69 ad
342 2349 169 69 animam,
464 2349 153 69 innuit
572 2349 230 69 philosophus
755 2349 123 69 quod
832 2349 214 69 quodammodo
1001 2349 138 69 habet
1093 2349 123 69 esse
1169 2349 92 69 in
1215 2349 153 69 anima,
1322 2349 123 69 quod
1399 2349 184 69 explicat
1537 2349 153 69 satis,
1644 2349 107 69 cum
1705 2349 153 69 statim
1812 2349 169 69 adducit
1920 2349 61 69 ar

195 2406 210 64 gumentum
353 2406 193 64 probans
493 2406 140 64 quod
581 2406 175 64 tempus
703 2406 123 64 non
773 2406 123 64 est
844 2406 140 64 sine
931 2406 175 64 anima:
1054 2406 140 64 quia
1141 2406 175 64 tempus
1264 2406 123 64 est
1334 2406 193 64 numerus
1474 2406 175 64 motus.
1597 2406 193 64 Numerus
1737 2406 158 64 autem
1842 2406 123 64 non
1894 2406 88 64 est

192 2458 120 56 sine
267 2458 210 56 numerante:
432 2458 120 56 quod
507 2458 105 56 non
567 2458 105 56 est
627 2458 120 56 nisi
703 2458 150 56 anima.
808 2458 105 56 Sed
868 2458 165 56 quomodo
988 2458 150 56 tempus
1093 2458 150 56 habeat
1198 2458 120 56 esse
1273 2458 90 56 vt
1318 2458 165 56 cumque,
1438 2458 135 56 satis
1528 2458 195 56 difficile
1679 2458 105 56 est
1739 2458 150 56 videre
1844 2458 75 56 &
1859 2458 120 56 obscu-

188 2506 133 71 rum:
272 2506 83 71 &
305 2506 183 71 necesse
439 2506 117 71 est
505 2506 100 71 ad
555 2506 117 71 hoc
622 2506 250 71 declarandum
822 2506 167 71 videre
939 2506 133 71 quid
1022 2506 117 71 sit
1089 2506 167 71 tempus
1206 2506 100 71 re
1256 2506 83 71 &
1289 2506 267 71 definitione.
1506 2506 100 71 In
1556 2506 117 71 eis
1623 2506 133 71 enim
1706 2506 167 71 quorum
1806 2506 167 71 obscurum

181 2563 109 59 est
244 2563 140 59 esse,
337 2563 140 59 quale
431 2563 109 59 est
494 2563 125 59 esse
572 2563 203 59 temporis,
728 2563 94 59 vt
774 2563 156 59 dictum
884 2563 125 59 est,
962 2563 140 59 prius
1055 2563 172 59 oportet
1180 2563 140 59 scire
1274 2563 125 59 quid
1352 2563 125 59 sit:
1430 2563 125 59 quam
1508 2563 94 59 an
1555 2563 125 59 sit,
1633 2563 78 59 &
1664 2563 172 59 quomodo
1789 2563 109 59 sit
1851 2563 94 59 vt
1882 2563 94 59 vult

187 2620 268 67 commentator
402 2620 143 67 supe
491 2620 232 67 capitulum
670 2620 107 67 de
723 2620 179 67 Vacuo.
849 2620 125 67 Cum
920 2620 161 67 autem
1027 2620 250 67 quaeritur,
1224 2620 143 67 quid
1313 2620 125 67 sit
1385 2620 179 67 tempus
1510 2620 197 67 oportet
1653 2620 215 67 incipere
1814 2620 143 67 quid
1886 2620 89 67 sit

188 2671 162 71 motus:
301 2671 97 71 vt
350 2671 146 71 dicit
447 2671 243 71 philosophus
641 2671 97 71 in
689 2671 129 71 cap.
770 2671 97 71 de
819 2671 194 71 Tempore.
964 2671 97 71 De
1013 2671 129 71 motu
1094 2671 146 71 autem
1191 2671 162 71 clarum
1304 2671 129 71 quod
1385 2671 146 71 nihil
1482 2671 146 71 aliud
1579 2671 113 71 est
1643 2671 129 71 quam
1724 2671 210 71 successio
1886 2671 129 71 quae

185 2723 125 62 dam
257 2723 304 62 translationis
507 2723 179 62 ipsius
633 2723 197 62 mobilis
776 2723 89 62 a
812 2723 179 62 priori
937 2723 107 62 in
991 2723 233 62 posterius
1170 2723 143 62 eius
1259 2723 215 62 secundum
1420 2723 143 62 quod
1510 2723 215 62 mouetur.
1671 2723 161 62 cuius
1778 2723 179 62 quidem
1886 2723 89 62 mo-

189 2778 122 62 tus
258 2778 157 62 nihil
363 2778 122 62 est
433 2778 105 62 in
485 2778 175 62 actum,
607 2778 140 62 nisi
695 2778 192 62 simplex
834 2778 209 62 mutatio,
991 2778 87 62 &
1026 2778 122 62 per
1096 2778 122 62 eam
1166 2778 157 62 totus
1271 2778 157 62 motus
1376 2778 105 62 vt
1428 2778 122 62 iam
1498 2778 209 62 dicetur.
1655 2778 122 62 Qua
1725 2778 175 62 quidem
1847 2778 157 62 muta-

191 2835 160 60 tione
298 2835 107 60 id
351 2835 142 60 quod
441 2835 196 60 mouetur
583 2835 142 60 motu
672 2835 178 60 locali
797 2835 107 60 in
850 2835 125 60 qua
921 2835 125 60 est
993 2835 214 60 apertior
1153 2835 160 60 ratio
1260 2835 178 60 motus,
1384 2835 178 60 mobile
1509 2835 178 60 semper
1634 2835 160 60 super
1740 2835 142 60 sibi
1812 2835 160 60 aequale

187 2888 102 66 in
238 2888 171 66 spatio
358 2888 239 66 translatum
545 2888 136 66 est:
630 2888 102 66 vt
682 2888 188 66 habetur
818 2888 102 66 in
869 2888 154 66 sexto
972 2888 256 66 Physicorum.
1176 2888 102 66 In
1227 2888 119 66 hac
1296 2888 154 66 autem
1398 2888 273 66 translatione
1620 2888 136 66 quae
1705 2888 154 66 motus
1807 2888 136 66 est:
1876 2888 102 66 tria

188 2939 121 58 est
257 2939 277 58 considerare.
482 2939 156 58 Primo
586 2939 138 58 eius
672 2939 311 58 continuationem
932 2939 121 58 qua
1001 2939 121 58 non
1070 2939 173 58 cessat
1191 2939 173 58 fluxus
1312 2939 156 58 eius,
1416 2939 121 58 nec
1485 2939 190 58 sistit,
1624 2939 121 58 aut
1693 2939 208 58 deficit.
1832 2939 138 58 Secun-

187 2988 108 58 do
241 2988 108 58 id
295 2988 144 58 quod
386 2988 108 58 de
440 2988 108 58 ea
494 2988 217 58 acceptum
657 2988 144 58 est,
747 2988 108 58 vt
801 2988 253 58 distinctum
1000 2988 108 58 ab
1054 2988 108 58 eo
1108 2988 144 58 quod
1198 2988 289 58 accipiendum,
1433 2988 90 58 &
1469 2988 217 58 vtrunque
1632 2988 217 58 secundum
1794 2988 108 58 se
1849 2988 163 58 indi-

191 3041 202 71 stinctum
343 3041 101 71 ab
393 3041 101 71 eo
444 3041 135 71 quod
528 3041 101 71 de
579 3041 135 71 ipsa
663 3041 169 71 instat
781 3041 101 71 in
832 3041 236 71 praesenti.
1017 3041 169 71 Tertio
1135 3041 118 71 est
1203 3041 253 71 considerare
1405 3041 101 71 in
1455 3041 101 71 ea
1506 3041 202 71 vtrunque
1658 3041 202 71 illorum:
1809 3041 101 71 vt
1843 3041 135 71 conti-

181 3097 161 62 nuata
288 3097 214 62 secundum
449 3097 125 62 rem
520 3097 107 62 ad
574 3097 107 62 id
628 3097 143 62 quod
717 3097 179 62 instat
842 3097 107 62 de
895 3097 125 62 ea,
967 3097 89 62 &
1003 3097 107 62 vt
1056 3097 232 62 distincta
1235 3097 214 62 secundum
1396 3097 214 62 rationem
1556 3097 196 62 prioris
1699 3097 89 62 &
1717 3097 250 62 posterioris.

183 3153 184 83 Primo
305 3153 163 83 modo
407 3153 327 83 consideratur
673 3153 122 83 vt
734 3153 286 83 continuum.
958 3153 225 83 Secundo
1122 3153 163 83 modo
1224 3153 122 83 vt
1285 3153 265 83 discretum
1489 3153 184 83 quid.
1612 3153 204 83 Tertio
1754 3153 163 83 vero
1857 3153 163 83 modo
