2490 3717
478 282 206 71 cupatur
628 282 263 71 nominibus.
835 282 206 71 Dicitur
985 282 188 71 nanque
1116 282 169 71 anima
1229 282 131 71 dum
1304 282 225 71 vegetat:
1473 282 225 71 spiritus
1642 282 131 71 dum
1717 282 319 71 contemplatur:
1980 282 188 71 sensus
2111 282 131 71 dum
2167 282 94 71 sen

481 344 146 65 tit:
572 344 182 65 animus
699 344 128 65 dum
772 344 182 65 sapit:
900 344 128 65 dum
973 344 255 65 intelligit
1173 344 164 65 mens:
1283 344 128 65 dum
1355 344 255 65 recordatur
1556 344 219 65 memoria:
1720 344 128 65 dum
1793 344 237 65 consentit
1975 344 237 65 voluntas:
2139 344 91 65 dum

486 397 223 63 discernit
657 397 171 63 ratio.
777 397 137 63 Ista
863 397 120 63 non
932 397 223 63 differunt
1103 397 103 63 in
1155 397 257 63 substantia,
1360 397 257 63 quemadmodum
1566 397 103 63 in
1618 397 240 63 nominibus:
1806 397 189 63 quoniam
1943 397 274 63 proprietates
2149 397 103 63 sunt

491 458 213 64 diuersae:
655 458 115 64 sed
720 458 197 64 essentia
868 458 131 64 vna.
950 458 115 64 Has
1015 458 213 64 potentias
1179 458 148 64 habet
1278 458 197 64 antequam
1426 458 180 64 corpori
1557 458 230 64 misceatur.
1737 458 213 64 Naturales
1901 458 197 64 siquidem
2049 458 131 64 sunt
2131 458 115 64 ei:
2180 458 82 64 nec

490 513 150 58 aliud
590 513 134 58 sunt
674 513 134 58 quam
757 513 150 58 ipsa:
858 513 134 58 tota
941 513 167 58 videt,
1058 513 134 58 tota
1141 513 184 58 visorum
1275 513 200 58 meminit,
1425 513 134 58 tota
1509 513 167 58 audit,
1626 513 83 58 &
1659 513 184 58 sonorum
1793 513 284 58 reminiscitur:
2026 513 134 58 tota
2110 513 184 58 odorat:

481 556 139 62 tota
567 556 208 62 saporat,
724 556 87 62 &
758 556 139 62 tota
845 556 174 62 odores
967 556 191 62 sentit:
1105 556 87 62 &
1140 556 139 62 tota
1227 556 191 62 tangit:
1366 556 87 62 &
1401 556 139 62 tota
1487 556 156 62 simul
1591 556 208 62 approbat
1748 556 121 62 vel
1817 556 226 62 improbat:
1991 556 139 62 tota
2077 556 121 62 est
2130 556 121 62 volum

493 614 131 66 tas.
574 614 131 66 haec
656 614 147 66 omnia
754 614 196 66 adiuncta
902 614 131 66 sunt
984 614 180 66 animae,
1114 614 98 66 vt
1164 614 115 66 vna
1229 614 115 66 sit
1294 614 115 66 res
1360 614 115 66 per
1425 614 262 66 efficientias
1638 614 229 66 multiplex.
1818 614 131 66 Hanc
1900 614 229 66 sententiam
2080 614 147 66 iuxta
2162 614 98 66 pla-

484 664 123 61 num
555 664 211 61 sermonis
713 664 123 61 sui
783 664 176 61 tenuit
906 664 246 61 Augustinus
1099 664 123 61 cum
1169 664 158 61 dixit
1274 664 123 61 in.
1344 664 105 61 x.
1397 664 105 61 de
1450 664 246 61 trinitate.
1643 664 211 61 Memoria:
1801 664 316 61 intelligentia:
2064 664 228 61 voluntas:

485 723 119 61 vna
553 723 136 61 sunt
638 723 153 61 vita,
739 723 119 61 vna
807 723 221 61 essentia.
977 723 136 61 ltem
1062 723 119 61 in.
1130 723 119 61 ix.
1197 723 153 61 Mens,
1299 723 204 61 notitia,
1452 723 136 61 amor
1537 723 102 61 in
1588 723 153 61 anima
1689 723 322 61 substantialiter
1961 723 153 61 sunt.
2062 723 102 61 Et
2096 723 170 61 saluatur

482 769 102 64 in
533 769 119 64 hoc
601 769 239 64 expressius
789 769 239 64 trinitatis
977 769 154 64 imago
1079 769 102 64 in
1130 769 188 64 vnitate
1267 769 273 64 substantiae,
1488 769 85 64 &
1522 769 102 64 in
1574 769 222 64 trinitate
1744 769 256 64 potentiarum
1949 769 256 64 relatiuarum
2137 769 119 64 inter

478 824 101 73 se
529 824 118 73 per
596 824 135 73 suos
680 824 168 73 actus:
798 824 101 73 si
848 824 202 73 ponantur
1000 824 135 73 esse
1084 824 235 73 substantia
1269 824 185 73 animae:
1403 824 252 73 differentia
1605 824 151 73 autem
1706 824 101 73 ab
1756 824 135 73 ipsa
1841 824 84 73 &
1874 824 151 73 inter
1975 824 101 73 se
2026 824 135 73 sola
2110 824 185 73 ratione

480 878 232 60 respectus:
663 878 149 60 sicut
762 878 215 60 differunt
927 878 199 60 personae
1076 878 182 60 diuinae
1209 878 99 60 ab
1259 878 132 60 ipsa
1341 878 215 60 essentia,
1507 878 83 60 &
1540 878 149 60 inter
1639 878 116 60 se:
1706 878 132 60 quam
1788 878 99 60 si
1838 878 199 60 ponantur
1987 878 132 60 esse
2053 878 199 60 accidentia

478 934 182 65 addita
605 934 236 65 essentiae
787 934 200 65 animae.
932 934 109 65 Et
986 934 182 65 siquis
1114 934 163 65 velit
1223 934 272 65 considerare
1441 934 182 65 gradus
1568 934 91 65 &
1604 934 200 65 ordinem
1749 934 254 65 animatorum
1949 934 218 65 secundum
2095 934 163 65 dignius

493 987 87 58 &
527 987 225 58 nobilius,
701 987 243 58 perfectius
891 987 87 58 &
926 987 295 58 imperfectius,
1168 987 104 58 in
1220 987 173 58 quibus
1342 987 191 58 dignius
1480 987 87 58 &
1515 987 243 58 perfectius
1706 987 173 58 semper
1827 987 121 58 sub
1896 987 260 58 eminentiori
2104 987 139 58 esse
2173 987 87 58 com

489 1042 149 63 tinet
589 1042 99 63 in
638 1042 99 63 se
688 1042 248 63 intentionem
886 1042 265 63 perfectionis
1101 1042 99 63 in
1151 1042 116 63 qua
1217 1042 198 63 sistebat
1366 1042 132 63 eius
1449 1042 132 63 esse
1531 1042 132 63 quod
1614 1042 116 63 sub
1680 1042 99 63 eo
1730 1042 248 63 continetur:
1928 1042 83 63 &
1961 1042 149 63 addit
2044 1042 215 63 intentionem

495 1092 227 59 superioris
673 1092 276 59 perfectionis:
900 1092 113 59 ita
965 1092 130 59 quod
1046 1092 227 59 quaecumque
1224 1092 97 59 in
1273 1092 195 59 diuersis
1419 1092 195 59 animatis
1565 1092 227 59 inferioris
1743 1092 162 59 gradus
1857 1092 211 59 distincta
2019 1092 146 59 sunt,
2116 1092 81 59 &
2132 1092 130 59 diffe-

493 1146 177 59 rentia
617 1146 106 59 re
670 1146 88 59 &
705 1146 194 59 natura,
847 1146 159 59 omnia
953 1146 194 59 virtute
1094 1146 141 59 sunt
1182 1146 106 59 in
1235 1146 194 59 animato
1377 1146 247 59 superioris
1571 1146 177 59 gradus
1695 1146 230 59 distincta
1871 1146 88 59 &
1907 1146 265 59 differentia
2119 1146 141 59 sola
2189 1146 71 59 ra

484 1201 183 63 tionis
612 1201 274 63 intentione:
831 1201 201 63 poterit
977 1201 219 63 inuenire
1141 1201 237 63 potentias
1324 1201 164 63 istas
1433 1201 237 63 distingui
1616 1201 110 63 in
1671 1201 183 63 eodem:
1798 1201 128 63 non
1872 1201 110 63 ex
1926 1201 146 63 solo
2018 1201 219 63 respectu
2182 1201 110 63 ad

489 1263 175 60 actus
605 1263 97 60 &
644 1263 214 60 obiecta
800 1263 233 60 secundum
975 1263 136 60 iam
1053 1263 253 60 expositum
1247 1263 195 60 modum:
1384 1263 136 60 sed
1461 1263 175 60 etiam
1578 1263 117 60 ex
1636 1263 195 60 natura
1773 1263 156 60 rei.
1870 1263 136 60 Cum
1948 1263 175 60 enim,
2064 1263 117 60 vt
2103 1263 156 60 dictum

493 1316 143 55 est,
582 1316 161 55 forma
690 1316 143 55 quae
779 1316 125 55 est
850 1316 107 55 in
904 1316 232 55 vnoquoque
1083 1316 125 55 det
1154 1316 161 55 actum
1261 1316 197 55 essendi
1404 1316 107 55 et
1458 1316 250 55 principium
1655 1316 232 55 operandi:
1833 1316 89 55 &
1869 1316 232 55 inquantum
2048 1316 125 55 est
2101 1316 161 55 princi-

495 1359 144 61 pium
585 1359 198 61 essendi
729 1359 198 61 dicitur
874 1359 235 61 essentia:
1054 1359 235 61 inquantum
1235 1359 253 61 principium
1433 1359 235 61 operandi,
1614 1359 216 61 potentia
1776 1359 216 61 dicitur:
1938 1359 162 61 forma
2047 1359 108 61 in
2101 1359 126 61 qua
2155 1359 108 61 esse

490 1411 256 61 substantiale
698 1411 240 61 cuiuscumque
889 1411 176 61 animati
1017 1411 96 61 in
1065 1411 112 61 suo
1129 1411 144 61 gradu
1225 1411 144 61 stat:
1321 1411 112 61 est
1385 1411 128 61 eius
1464 1411 208 61 specifica
1624 1411 240 61 differentia
1816 1411 112 61 sub
1880 1411 160 61 genere
1991 1411 192 61 animati.
2135 1411 128 61 Illa
2199 1411 64 61 er

489 1473 103 63 go
540 1473 120 63 est
609 1473 205 63 potentia
762 1473 103 63 in
814 1473 137 63 illo
899 1473 137 63 quae
984 1473 120 63 est
1053 1473 239 63 principium
1241 1473 205 63 propriae
1395 1473 256 63 operationis
1600 1473 205 63 secundum
1753 1473 325 63 considerationem
2027 1473 120 63 sui
2095 1473 154 63 esse:
2181 1473 85 63 ita

488 1521 133 67 quod
571 1521 100 67 in
621 1521 216 67 vnoquoque
787 1521 183 67 animato
920 1521 216 67 potentia:
1086 1521 133 67 quae
1169 1521 116 67 est
1236 1521 232 67 principium
1418 1521 199 67 propriae
1568 1521 249 67 operationis
1767 1521 332 67 substantialiter,
2049 1521 116 67 est
2116 1521 133 67 eius
2182 1521 83 67 spe

495 1577 156 65 cifica
605 1577 250 65 differentia,
808 1577 78 65 &
839 1577 94 65 de
886 1577 187 65 fundatur
1026 1577 140 65 ratio
1120 1577 125 65 eius
1198 1577 125 65 quae
1276 1577 109 65 est
1338 1577 203 65 respectus
1494 1577 156 65 quidam
1604 1577 94 65 ad
1650 1577 234 65 operationem
1838 1577 78 65 &
1869 1577 94 65 ad
1916 1577 203 65 obiectum,
2072 1577 94 65 in
2119 1577 109 65 ea.
2165 1577 94 65 Nunc

490 1628 139 69 autem
582 1628 108 69 ita
644 1628 108 69 est
706 1628 93 69 in
752 1628 139 69 linea
845 1628 247 69 corporalium:
1045 1628 124 69 quod
1123 1628 154 69 quanto
1231 1628 124 69 plus
1308 1628 201 69 descendit
1462 1628 108 69 per
1524 1628 278 69 differentiarum
1756 1628 262 69 appositionem,
1972 1628 139 69 tanto
2064 1628 170 69 quaeque
2172 1628 93 69 sunt

494 1684 243 68 perfectiora
689 1684 81 68 &
721 1684 211 68 superiora
883 1684 97 68 in
932 1684 146 68 gradu
1029 1684 179 68 essendi
1159 1684 162 68 quanto
1273 1684 130 68 sunt
1354 1684 227 68 inferiora:
1533 1684 81 68 &
1565 1684 162 68 quanto
1679 1684 211 68 posterius
1841 1684 130 68 stat
1922 1684 97 68 in
1971 1684 114 68 eis
2036 1684 211 68 descensus
2182 1684 81 68 sub

493 1746 177 60 genere:
622 1746 80 60 &
654 1746 145 60 tanto
750 1746 273 60 imperfectiora
975 1746 80 60 &
1008 1746 209 60 inferiora
1168 1746 96 60 in
1217 1746 145 60 gradu
1313 1746 193 60 essendi,
1458 1746 161 60 quanto
1570 1746 129 60 sunt
1651 1746 225 60 superiora,
1828 1746 80 60 &
1860 1746 161 60 quanto
1973 1746 145 60 prius
2069 1746 129 60 stat
2149 1746 96 60 in
2182 1746 80 60 eis

488 1797 206 56 descensus
646 1797 111 56 sub
710 1797 174 56 genere.
836 1797 111 56 lta
899 1797 126 56 quod
978 1797 253 56 differentiae
1184 1797 221 56 specificae
1358 1797 158 56 omnium
1468 1797 221 56 superiorum
1642 1797 95 56 in
1690 1797 158 56 linea,
1800 1797 95 56 in
1848 1797 158 56 quibus
1959 1797 142 56 primo
2053 1797 126 56 stat
2133 1797 142 56 ratio
2212 1797 47 56 &

491 1843 187 57 diuisio
627 1843 204 57 generis:
781 1843 222 57 inuenitur
951 1843 204 57 secundum
1104 1843 170 57 gradum
1224 1843 273 57 intentionis:
1445 1843 153 57 licet
1547 1843 136 57 esse
1633 1843 273 57 eminentioris
1854 1843 102 57 in
1905 1843 170 57 aliquo
2024 1843 239 57 inferiori:
2195 1843 68 57 li

494 1897 117 63 cet
561 1897 117 63 non
628 1897 168 63 semper
746 1897 101 63 in
796 1897 201 63 omnibus:
947 1897 117 63 sed
1014 1897 285 63 vniuersaliter
1248 1897 251 63 inueniuntur
1449 1897 168 63 omnium
1566 1897 235 63 animatorum
1751 1897 268 63 differentiae
1968 1897 268 63 perfectiores
2169 1897 84 63 sim

497 1953 188 65 pliciter
638 1953 94 65 in
685 1953 266 65 perfectissimo
905 1953 172 65 animato
1030 1953 125 65 quod
1108 1953 110 65 est
1171 1953 141 65 homo:
1265 1953 78 65 &
1296 1953 141 65 sicut
1391 1953 266 65 differentiae:
1610 1953 110 65 ita
1673 1953 78 65 &
1704 1953 219 65 potentiae:
1876 1953 94 65 vt
1923 1953 94 65 in
1970 1953 157 65 homine
2080 1953 110 65 sit
2127 1953 141 65 assigna

489 2011 101 62 re
540 2011 169 62 omnium
658 2011 236 62 animatorum
844 2011 219 62 potentias
1012 2011 203 62 fundatas
1164 2011 152 62 super
1265 2011 253 62 intentiones
1468 2011 304 62 differentiarum
1721 2011 287 62 specificarum,
1957 2011 135 62 quae
2042 2011 203 62 singulas
2177 2011 84 62 spe

492 2064 141 59 cies
580 2064 176 59 habent
703 2064 264 59 constituere
914 2064 105 59 in
967 2064 211 59 diuersis
1125 2064 229 59 animatis.
1301 2064 105 59 vt
1354 2064 264 59 quemadmodum
1565 2064 193 59 videmus
1705 2064 229 59 distingui
1881 2064 246 59 vegetabile
2075 2064 105 59 in
2110 2064 158 59 plantis

493 2111 82 59 &
525 2111 212 59 sensibile
689 2111 98 59 in
738 2111 180 59 brutis,
869 2111 82 59 &
901 2111 212 59 rationale
1065 2111 98 59 in
1114 2111 212 59 hominibus
1277 2111 147 59 penes
1375 2111 229 59 specificas
1555 2111 278 59 differentias,
1784 2111 131 59 quae
1866 2111 131 59 sunt
1947 2111 245 59 vegetabile,
2127 2111 131 59 senfi-

490 2164 148 54 bile,
588 2164 230 54 rationale,
769 2164 132 54 quae
851 2164 132 54 sunt
934 2164 164 54 nomina
1049 2164 296 54 differentiarum
1296 2164 214 54 inquantum
1460 2164 197 54 sumuntur
1608 2164 82 54 a
1641 2164 230 54 substantia
1822 2164 164 54 animae
1937 2164 263 54 vegetatiuae,
2134 2164 132 54 sensi-

494 2219 160 59 tiuae,
606 2219 80 59 &
638 2219 287 59 intellectiuae:
877 2219 80 59 &
909 2219 160 59 nomina
1021 2219 239 59 potentiarum
1212 2219 207 59 inquantum
1372 2219 191 59 sumuntur
1515 2219 80 59 a
1547 2219 144 59 sensu
1643 2219 191 59 respectu
1786 2219 144 59 actus
1882 2219 223 59 sentiendi,
2058 2219 80 59 &
2074 2219 191 59 intellectu

492 2273 178 63 respectu
626 2273 133 63 actus
715 2273 252 63 intelligendi,
922 2273 74 63 &
952 2273 89 63 ab
996 2273 148 63 aliquo
1100 2273 193 63 consimili
1249 2273 208 63 innominato
1412 2273 89 63 in
1456 2273 267 63 vegetabilibus:
1679 2273 119 63 quae
1753 2273 119 63 tria
1827 2273 89 63 in
1871 2273 178 63 simplici
2005 2273 178 63 essentia
2138 2273 148 63 animae

491 2325 233 66 rationalis
674 2325 133 66 sunt
758 2325 216 66 distincta
924 2325 150 66 solum
1024 2325 200 66 secundum
1174 2325 166 66 gradus
1290 2325 250 66 intentionum
1490 2325 116 66 sub
1556 2325 133 66 esse
1639 2325 200 66 simplici
1789 2325 83 66 &
1822 2325 266 66 eminentiori:
2039 2325 250 66 quemadmodum

492 2378 190 63 trigonum
635 2378 95 63 in
683 2378 222 63 tetragono,
857 2378 79 63 &
889 2378 222 63 tetragonum
1064 2378 95 63 in
1111 2378 206 63 petagono,
1270 2378 143 63 sicut
1365 2378 222 63 determinat
1540 2378 254 63 philosophus:
1746 2378 206 63 distincta
1905 2378 143 63 solum
2000 2378 190 63 secundum
2127 2378 127 63 gradus

493 2432 254 60 intentionum,
700 2432 207 60 inquantum
859 2432 191 60 secundum
1002 2432 127 60 vnum
1081 2432 143 60 eorum
1176 2432 222 60 communicat
1351 2432 111 60 cum
1415 2432 238 60 vegetabili:
1605 2432 191 60 secundum
1748 2432 143 60 alium
1844 2432 111 60 cum
1907 2432 222 60 sensibili:
2082 2432 79 60 &
2114 2432 175 60 distin-

489 2495 150 59 guitur
594 2495 75 59 a
624 2495 224 59 vegetabili:
803 2495 180 59 secundum
938 2495 165 59 tertium
1058 2495 120 59 vero
1133 2495 210 59 perficitur
1297 2495 120 59 suum
1372 2495 135 59 esse:
1462 2495 75 59 &
1492 2495 239 59 distinguitur
1686 2495 90 59 ab
1731 2495 180 59 vtroque:
1866 2495 105 59 sic
1926 2495 239 59 intelligimus
2120 2495 165 59 distin-

492 2545 115 61 gui
557 2545 198 61 plurimas
706 2545 263 61 differentias
920 2545 99 61 in
969 2545 165 61 genere
1084 2545 280 61 vegetabilium,
1315 2545 82 61 &
1348 2545 198 61 plurimas
1496 2545 99 61 in
1545 2545 165 61 genere
1661 2545 247 61 sensibilium
1858 2545 329 61 irrationabilium,
2138 2545 165 61 quorum

495 2595 152 64 omnium
601 2595 244 64 perfectiones
799 2595 183 64 secundum
937 2595 152 64 gradus
1043 2595 244 64 eminentioris
1241 2595 122 64 esse
1317 2595 229 64 inueniuntur
1500 2595 91 64 in
1546 2595 168 64 homine,
1668 2595 76 64 &
1698 2595 183 64 secundum
1835 2595 152 64 easdem
1942 2595 198 64 potentiae
2079 2595 183 64 distinctae

487 2649 102 53 in
538 2649 170 53 natura
657 2649 85 53 &
691 2649 204 53 essentia
844 2649 289 53 simplicitatis
1081 2649 170 53 animae
1200 2649 255 53 rationalis:
1404 2649 136 53 quae
1489 2649 102 53 ab
1540 2649 136 53 ipsa
1625 2649 170 53 natura
1744 2649 85 53 &
1778 2649 204 53 essentia
1930 2649 136 53 eius
2015 2649 119 53 non
2066 2649 187 53 differunt

485 2703 149 59 nisi
579 2703 205 59 ratione
728 2703 93 59 &
765 2703 224 59 respectu
932 2703 205 59 quodam,
1081 2703 112 59 vt
1137 2703 186 59 dictum
1268 2703 149 59 est.
1361 2703 112 59 AD
1417 2703 224 59 sciendum
1584 2703 168 59 autem
1696 2703 205 59 quomodo
1845 2703 168 59 dicta
1957 2703 335 59 determinatione

493 2753 99 63 in
542 2753 197 63 essentia
690 2753 165 63 animae
805 2753 280 63 determinentur
1035 2753 197 63 rationes
1184 2753 263 63 potentiarum,
1397 2753 165 63 quarum
1513 2753 132 63 ipsa
1595 2753 165 63 nullam
1710 2753 99 63 ex
1759 2753 99 63 se
1809 2753 247 63 determinat:
2006 2753 280 63 intelligendum

492 2813 111 61 quod
561 2813 193 61 substantia
713 2813 138 61 animae
810 2813 97 61 non
865 2813 152 61 dicitur
976 2813 111 61 esse
1045 2813 83 61 re
1086 2813 111 61 ipsa
1155 2813 111 61 eius
1225 2813 180 61 potentia,
1363 2813 152 61 tamquam
1473 2813 83 61 ex
1515 2813 83 61 eo
1556 2813 111 61 solo
1625 2813 111 61 quod
1694 2813 97 61 est
1750 2813 193 61 substantia
1902 2813 69 61 &
1929 2813 166 61 essentia
2054 2813 166 61 quaedam,
2164 2813 97 61 proce

486 2857 113 70 dat
550 2857 97 70 in
599 2857 145 70 actum
696 2857 129 70 sine
777 2857 129 70 omni
858 2857 226 70 adminiculo
1035 2857 226 70 exteriori.
1213 2857 113 70 Hoc
1278 2857 129 70 enim
1359 2857 113 70 non
1423 2857 113 70 est
1488 2857 162 70 verum.
1601 2857 129 70 tunc
1682 2857 129 70 enim
1763 2857 226 70 necessario
1941 2857 145 70 esset
2038 2857 162 70 semper
2151 2857 97 70 in
2183 2857 81 70 suo

487 2915 157 71 actum:
597 2915 126 71 immo
676 2915 126 71 ipsa
754 2915 126 71 eius
833 2915 189 71 essentia
974 2915 110 71 est
1037 2915 141 71 esset
1132 2915 110 71 sua
1194 2915 204 71 operatio,
1352 2915 126 71 quod
1430 2915 157 71 falsum
1540 2915 126 71 est,
1619 2915 110 71 hoc
1682 2915 126 71 enim
1760 2915 126 71 modo
1839 2915 94 71 in
1886 2915 126 71 solo
1964 2915 110 71 deo
2027 2915 220 71 substantia
2184 2915 79 71 est

486 2966 130 62 ipsa
567 2966 211 62 potentia.
730 2966 114 62 Sed
795 2966 114 62 sic
860 2966 179 62 credunt
990 2966 114 62 nos
1055 2966 163 62 ponere
1168 2966 244 62 substantiam
1363 2966 163 62 animae
1477 2966 130 62 esse
1558 2966 146 62 ipsam
1656 2966 211 62 potentiam
1818 2966 130 62 eius
1900 2966 130 62 illi
1981 2966 114 62 qui
2046 2966 163 62 ponunt
2160 2966 130 62 quod

490 3025 195 63 potentiae
640 3025 120 63 sint
715 3025 210 63 accidentia
881 3025 165 63 animae:
1001 3025 150 63 quando
1106 3025 165 63 arguunt
1227 3025 150 63 contra
1332 3025 105 63 nos
1392 3025 120 63 sic.
1467 3025 135 63 Sicut
1557 3025 90 63 se
1603 3025 135 63 habet
1693 3025 120 63 esse
1768 3025 90 63 ad
1813 3025 210 63 essentiam:
1978 3025 105 63 ita
2039 3025 75 63 &
2069 3025 165 63 operari
2189 3025 90 63 ad

491 3076 221 65 potentiam.
665 3076 126 65 ergo
744 3076 206 65 permutata
902 3076 237 65 proportione
1092 3076 142 65 sicut
1187 3076 95 65 se
1234 3076 142 65 habet
1329 3076 126 65 esse
1408 3076 95 65 ad
1456 3076 190 65 operari,
1598 3076 79 65 &
1630 3076 190 65 essentia
1772 3076 95 65 ad
1819 3076 221 65 potentiam.
1993 3076 111 65 sed
2056 3076 95 65 in
2104 3076 126 65 solo
2183 3076 111 65 deo

491 3129 124 74 esse
569 3129 124 74 suum
647 3129 109 74 est
709 3129 124 74 eius
787 3129 187 74 operari.
927 3129 124 74 ergo
1005 3129 93 74 in
1051 3129 124 74 solo
1129 3129 109 74 deo
1191 3129 187 74 essentia
1331 3129 109 74 est
1393 3129 124 74 ipsa
1471 3129 124 74 eius
1549 3129 202 74 potentia.
1704 3129 109 74 Non
1766 3129 124 74 ergo
1844 3129 93 74 in
1891 3129 140 74 anima
1984 3129 187 74 essentia
2124 3129 109 74 est
2171 3129 93 74 eius
