2461 3690
216 257 222 97 potentia:
387 257 137 97 immo
472 257 120 97 hoc
541 257 171 97 dicere
661 257 120 97 est
729 257 222 97 creaturae
900 257 239 97 attribuere
1088 257 188 97 diuinam
1225 257 308 97 simplicitatem.
1482 257 103 97 Et
1533 257 120 97 est
1601 257 274 97 respondendum
1824 257 120 97 cum
1875 257 154 97 dicitur

225 345 146 66 Sicut
322 345 97 66 se
371 345 146 66 habet
468 345 130 66 esse
549 345 97 66 ad
598 345 227 66 essentiam:
776 345 114 66 ita
841 345 81 66 &
874 345 179 66 operari
1004 345 97 66 ad
1052 345 227 66 potentiam:
1231 345 260 66 distinguendo
1442 345 97 66 de
1491 345 211 66 potentia,
1653 345 130 66 quod
1734 345 114 66 est
1799 345 179 66 quaedam
1912 345 114 66 poten

223 397 121 63 tia
292 397 138 63 quae
378 397 104 63 ex
430 397 104 63 se
482 397 277 63 sufficienter
707 397 87 63 &
742 397 208 63 perfecte
898 397 138 63 sine
984 397 138 63 omni
1071 397 225 63 exteriori
1244 397 242 63 adminiculo
1434 397 208 63 procedit
1590 397 104 63 in
1642 397 156 63 actum
1746 397 156 63 suum.
1850 397 138 63 Alia
1919 397 104 63 vero

226 452 123 60 est
297 452 212 60 potentia
456 452 141 60 quae
544 452 123 60 non
614 452 212 60 procedit
773 452 106 60 ad
826 452 159 60 actum
932 452 106 60 ex
985 452 106 60 se
1038 452 141 60 sine
1126 452 141 60 alio
1214 452 265 60 adminiculo.
1425 452 106 60 De
1478 452 212 60 potentia
1637 452 159 60 primo
1743 452 141 60 modo
1831 452 159 60 tenet
1919 452 106 60 illa

229 512 256 65 comparatio,
434 512 85 65 &
468 512 222 65 similiter
639 512 137 65 illa
724 512 222 65 conmutata
895 512 239 65 proportio:
1082 512 85 65 &
1116 512 102 65 de
1168 512 137 65 illa
1253 512 137 65 vera
1338 512 119 65 est
1407 512 239 65 conclusio,
1594 512 85 65 &
1628 512 137 65 illa
1714 512 119 65 est
1782 512 137 65 sola
1850 512 171 65 potentia

232 559 114 73 dei
297 559 81 73 &
329 559 179 73 nullius
459 559 227 73 creaturae.
638 559 146 73 Solus
735 559 130 73 enim
816 559 130 73 deus
898 559 97 73 ex
946 559 130 73 sola
1027 559 195 73 essentia
1174 559 114 73 sua
1239 559 130 73 fine
1320 559 130 73 omni
1401 559 227 73 adminiculo
1580 559 195 73 alterius
1726 559 146 73 habet
1823 559 195 73 rationem
1953 559 65 73 po

226 614 186 71 tentiae
361 614 271 71 sufficientis
581 614 102 71 in
632 614 152 71 omnem
734 614 135 71 eius
818 614 254 71 operationem
1021 614 135 71 siue
1106 614 203 71 manentem
1258 614 220 71 interius,
1428 614 135 71 siue
1512 614 254 71 transeuntem
1715 614 220 71 exterius:
1885 614 85 71 &
1918 614 135 71 ideo

224 665 152 59 omnis
326 665 119 59 sua
393 665 203 59 operatio
546 665 102 59 in
597 665 136 59 ipso
682 665 186 59 aeterna
817 665 119 59 est
885 665 85 59 &
919 665 254 59 indifferens
1122 665 102 59 ab
1173 665 136 59 eius
1258 665 220 59 essentia:
1427 665 152 59 nulla
1529 665 152 59 autem
1630 665 203 59 creatura
1783 665 102 59 ex
1834 665 136 59 sola
1901 665 119 59 essen

229 721 122 73 tia
298 721 122 73 sua
368 721 139 73 sine
455 721 226 73 exteriori
628 721 243 73 adminiculo
820 721 209 73 sufficit
976 721 104 73 ad
1028 721 261 73 operationem
1237 721 139 73 sibi
1324 721 191 73 debitam
1463 721 261 73 eliciendam.
1671 721 156 73 patet
1776 721 139 73 enim
1863 721 139 73 quod
1949 721 104 73 in

229 774 252 71 operationem
431 774 252 71 transeuntem
633 774 101 71 in
683 774 151 71 aliud
784 774 151 71 extra
885 774 118 71 non
952 774 168 71 potest
1070 774 101 71 ex
1121 774 118 71 se,
1188 774 118 71 sic
1255 774 135 71 enim
1339 774 118 71 sua
1407 774 185 71 actione
1541 774 168 71 posset
1659 774 151 71 aliud
1760 774 101 71 in
1810 774 135 71 esse
1894 774 151 71 produ

220 824 131 65 cere
301 824 98 65 ex
350 824 180 65 nihilo.
481 824 131 65 immo
562 824 212 65 indigeret
726 824 98 65 ad
775 824 147 65 talem
873 824 131 65 eius
954 824 212 65 actionem,
1117 824 98 65 vt
1166 824 212 65 praecedat
1330 824 147 65 aliud
1427 824 98 65 in
1476 824 131 65 esse
1558 824 180 65 tamquam
1689 824 180 65 materia
1819 824 82 65 &
1835 824 180 65 subiectum

220 874 136 70 suae
305 874 272 70 operationis:
526 874 85 70 &
560 874 136 70 quod
645 874 102 70 ei
695 874 289 70 approximetur,
933 874 153 70 sicut
1035 874 170 70 dictum
1154 874 119 70 est
1222 874 102 70 de
1273 874 170 70 calore
1392 874 170 70 agente
1511 874 221 70 separato.
1680 874 221 70 Similiter
1850 874 153 70 neque
1952 874 102 70 in

217 944 259 63 operationem
424 944 207 63 manentem
579 944 104 63 in
631 944 190 63 seipsa:
769 944 104 63 vt
821 944 259 63 intellectus
1029 944 104 63 in
1080 944 259 63 operationem
1288 944 276 63 intelligendi
1512 944 121 63 non
1581 944 173 63 potest
1702 944 104 63 ex
1754 944 104 63 se
1806 944 155 63 solo:
1909 944 138 63 quia

222 986 102 68 ad
273 986 290 68 intelligendum
512 986 153 68 aliud
614 986 85 68 a
648 986 102 68 se
699 986 136 68 quod
784 986 136 68 sibi
869 986 119 68 non
938 986 119 68 est
1006 986 187 68 intimum
1142 986 85 68 &
1176 986 204 68 praesens
1329 986 119 68 per
1398 986 239 68 essentiam,
1585 986 187 68 indiget
1721 986 170 68 specie
1824 986 187 68 intelligi

219 1037 149 65 bilis
319 1037 116 65 qua
385 1037 249 65 informetur.
584 1037 99 65 Et
634 1037 216 65 similiter
800 1037 116 65 est
866 1037 265 65 intelligendo
1082 1037 133 65 quod
1164 1037 133 65 sibi
1247 1037 199 65 praesens
1397 1037 116 65 est
1463 1037 83 65 &
1496 1037 199 65 intimum.
1645 1037 166 65 etenim
1761 1037 99 65 si
1794 1037 216 65 intellectus

214 1095 122 64 non
283 1095 192 64 indiget
423 1095 105 64 ad
475 1095 297 64 intelligendum
719 1095 157 64 illud
824 1095 174 64 specie
946 1095 174 64 aliqua
1068 1095 174 64 illius
1190 1095 122 64 qua
1260 1095 262 64 informetur:
1469 1095 157 64 tamen
1574 1095 105 64 ex
1626 1095 244 64 praesentia
1818 1095 140 64 eius
1888 1095 122 64 quasi

216 1148 172 64 specie
336 1148 172 64 illius
457 1148 241 64 informatus
646 1148 189 64 mouetur
784 1148 103 64 ab
835 1148 120 64 eo,
904 1148 103 64 vt
956 1148 103 64 ab
1007 1148 138 64 illo
1093 1148 120 64 per
1162 1148 138 64 quid
1248 1148 189 64 accidit
1386 1148 103 64 ei
1437 1148 206 64 operari.
1592 1148 103 64 Et
1644 1148 138 64 ideo
1730 1148 206 64 loquendo
1885 1148 103 64 de
1919 1148 86 64 po-

215 1202 173 60 tentia
336 1202 242 60 creaturae:
525 1202 121 60 non
595 1202 121 60 est
664 1202 173 60 verum:
784 1202 138 60 quod
871 1202 155 60 sicut
974 1202 104 60 se
1026 1202 155 60 habet
1130 1202 138 60 esse
1216 1202 104 60 ad
1268 1202 224 60 essentiam
1440 1202 104 60 in
1492 1202 224 60 creatura,
1665 1202 86 60 &
1699 1202 190 60 operari
1837 1202 104 60 ad
1872 1202 138 60 poten-

211 1253 137 63 tiam.
302 1253 167 63 Quoniam
423 1253 122 63 esse
499 1253 137 63 licet
591 1253 106 63 sit
651 1253 228 63 accidentale
834 1253 197 63 essentiae
985 1253 122 63 rei:
1061 1253 122 63 quia
1137 1253 167 63 ratione
1259 1253 152 63 ipsius
1365 1253 289 63 essentialitatis
1608 1253 106 63 non
1669 1253 182 63 conuenit
1806 1253 91 63 ei
1851 1253 122 63 quod
1927 1253 106 63 sit

216 1306 123 59 sed
287 1306 159 59 habet
393 1306 159 59 ipsum
499 1306 106 59 ab
551 1306 176 59 altero
675 1306 300 59 participatum,
922 1306 106 59 vt
975 1306 176 59 dictum
1098 1306 123 59 est
1169 1306 176 59 supra:
1292 1306 123 59 non
1363 1306 159 59 tamen
1468 1306 123 59 est
1539 1306 106 59 re
1592 1306 212 59 accidens
1750 1306 194 59 inditum
1892 1306 88 59 a
1927 1306 123 59 deo

209 1363 219 74 essentiae
377 1363 101 74 in
428 1363 185 74 creando
563 1363 168 74 ipsum:
680 1363 151 74 sicut
781 1363 202 74 dealbans
933 1363 202 74 parietem
1084 1363 202 74 imprimit
1236 1363 101 74 ei
1286 1363 236 74 albedinem:
1471 1363 118 74 sed
1539 1363 151 74 solum
1640 1363 185 74 accidit
1774 1363 219 74 essentiae
1926 1363 84 74 rei

218 1417 166 63 tamquam
338 1417 181 63 intentio
474 1417 120 63 alia
549 1417 120 63 sibi
624 1417 211 63 adueniens:
790 1417 196 63 inquantum
940 1417 181 63 secundum
1076 1417 120 63 quod
1151 1417 105 63 est
1211 1417 166 63 aliquid
1332 1417 90 63 in
1377 1417 211 63 existentia
1542 1417 151 63 rerum,
1648 1417 105 63 est
1708 1417 181 63 effectus
1843 1417 120 63 dei:
1904 1417 105 63 sicut

217 1470 230 73 expositum
395 1470 142 73 fuit
483 1470 106 73 in
536 1470 142 73 alio
625 1470 230 73 Quolibet.
802 1470 195 73 Operari
944 1470 160 73 autem
1051 1470 230 73 creaturae
1228 1470 177 73 omnino
1352 1470 266 73 accidentale
1565 1470 124 73 est
1636 1470 124 73 ei:
1707 1470 142 73 quia
1795 1470 124 73 hoc
1866 1470 124 73 non
1919 1470 89 73 con

215 1521 149 77 uenit
315 1521 116 77 ei,
381 1521 132 77 nisi
464 1521 165 77 omnino
579 1521 314 77 accidentaliter,
844 1521 83 77 &
877 1521 116 77 est
943 1521 199 77 accidens
1092 1521 99 77 ei
1142 1521 215 77 differens
1307 1521 99 77 re
1357 1521 99 77 ab
1406 1521 132 77 ipsa
1489 1521 215 77 essentia:
1655 1521 83 77 &
1688 1521 132 77 ideo
1770 1521 199 77 potentia
1903 1521 99 77 crea

211 1576 174 77 turae.
332 1576 226 77 Similiter
506 1576 121 77 non
575 1576 121 77 est
644 1576 139 77 vera
731 1576 226 77 conmutata
905 1576 243 77 proportio,
1096 1576 156 77 sicut
1200 1576 104 77 se
1252 1576 156 77 habet
1356 1576 139 77 esse
1443 1576 104 77 ad
1495 1576 191 77 operari
1634 1576 87 77 &
1668 1576 208 77 essentia
1824 1576 104 77 ad
1859 1576 139 77 poten-

209 1629 151 72 tiam,
310 1629 135 72 immo
394 1629 135 72 esse
478 1629 101 72 re
529 1629 185 72 differt
664 1629 101 72 in
714 1629 202 72 creatura
865 1629 101 72 ab
916 1629 202 72 operari:
1067 1629 118 72 sed
1135 1629 202 72 essentia
1286 1629 101 72 in
1337 1629 202 72 pluribus
1488 1629 118 72 non
1555 1629 185 72 differt
1690 1629 101 72 re
1741 1629 101 72 ab
1791 1629 135 72 ipsa
1858 1629 135 72 poten-

208 1683 121 62 tia
277 1683 103 62 vt
328 1683 172 62 dictum
449 1683 138 62 est.
535 1683 103 62 Et
587 1683 138 62 ideo
673 1683 121 62 non
742 1683 207 62 sequitur
897 1683 241 62 conclusio:
1086 1683 138 62 quod
1172 1683 103 62 in
1224 1683 155 62 anima
1327 1683 207 62 essentia
1482 1683 121 62 non
1551 1683 121 62 sit
1620 1683 224 62 potentia,
1792 1683 121 62 sed
1861 1683 103 62 in
1896 1683 103 62 solo

211 1734 146 61 deo.
302 1734 146 61 immo
394 1734 219 61 sequitur
558 1734 238 61 solummodo
741 1734 146 61 quod
833 1734 110 61 in
887 1734 165 61 anima
997 1734 219 61 essentia
1162 1734 128 61 non
1235 1734 128 61 est
1308 1734 146 61 ipsa
1399 1734 219 61 potentia
1564 1734 165 61 sicut
1674 1734 128 61 est
1747 1734 110 61 in
1802 1734 146 61 deo.
1893 1734 91 61 &
1912 1734 91 61 hoc

209 1794 157 72 verum
313 1794 122 72 est
383 1794 209 72 secundum
540 1794 139 72 quod
627 1794 227 72 expositum
801 1794 139 72 est.
889 1794 139 72 Quia
976 1794 174 72 igitur
1098 1794 244 72 substantia
1290 1794 174 72 animae
1412 1794 122 72 non
1481 1794 192 72 dicitur
1621 1794 122 72 sua
1691 1794 209 72 potentia
1830 1794 157 72 tamquam

215 1847 102 75 eo
266 1847 136 75 solo
351 1847 136 75 quod
436 1847 119 75 est
504 1847 238 75 substantia
691 1847 204 75 procedit
844 1847 102 75 in
895 1847 153 75 actum
997 1847 153 75 suum:
1099 1847 153 75 sicut
1201 1847 221 75 contingit
1371 1847 102 75 de
1422 1847 204 75 potentia
1575 1847 136 75 dei:
1660 1847 119 75 sed
1728 1847 136 75 eget
1796 1847 204 75 adminiculo

204 1900 268 74 exterioris:
419 1900 125 74 sic
490 1900 143 74 ergo
580 1900 197 74 dicitur
723 1900 251 74 substantia
920 1900 179 74 animae
1045 1900 143 74 eius
1135 1900 233 74 potentia:
1314 1900 143 74 quia
1403 1900 143 74 sine
1493 1900 143 74 omni
1582 1900 215 74 alterius
1743 1900 251 74 adminiculo
1922 1900 72 74 ha

214 1949 141 79 beat
303 1949 106 79 in
355 1949 123 79 sua
426 1949 212 79 essentia
585 1949 264 79 determinate
796 1949 212 79 rationem
955 1949 229 79 potentiae
1131 1949 123 79 qua
1202 1949 229 79 prosiliat
1378 1949 106 79 in
1431 1949 229 79 actionem.
1607 1949 141 79 immo
1695 1949 106 79 vt
1748 1949 141 79 ipsa
1819 1949 176 79 essentia

211 2006 140 75 eius
298 2006 262 75 determinate
507 2006 175 75 habeat
630 2006 210 75 rationem
787 2006 210 75 alicuius
944 2006 227 75 potentiae
1119 2006 87 75 &
1154 2006 262 75 determinati
1363 2006 227 75 respectus
1538 2006 105 75 ad
1590 2006 192 75 aliquam
1730 2006 227 75 actionem,
1887 2006 105 75 opor

219 2058 117 77 tet
286 2058 134 77 quod
370 2058 117 77 hoc
437 2058 167 77 habeat
554 2058 100 77 ab
604 2058 167 77 aliqua
721 2058 167 77 ipsius
838 2058 217 77 essentiae
1005 2058 301 77 determinatione
1256 2058 117 77 qua
1322 2058 100 77 ad
1373 2058 150 77 actum
1473 2058 267 77 determinatum
1690 2058 251 77 inclinetur.
1874 2058 117 77 poten

216 2111 117 74 tia
283 2111 134 74 enim
367 2111 117 74 non
434 2111 218 74 definitur
602 2111 134 74 nisi
685 2111 101 74 ex
736 2111 218 74 relatione
903 2111 101 74 ad
953 2111 168 74 actum.
1071 2111 101 74 Et
1121 2111 134 74 quia
1205 2111 151 74 maior
1305 2111 251 74 differentia
1506 2111 251 74 potentiarum
1707 2111 184 74 videtur
1824 2111 168 74 existere

221 2162 97 82 in
269 2162 129 82 hoc:
350 2162 129 82 quod
431 2162 178 82 quaedam
560 2162 129 82 sunt
641 2162 210 82 alligatae
803 2162 178 82 organo,
932 2162 81 82 &
964 2162 178 82 quaedam
1094 2162 129 82 non:
1175 2162 113 82 cum
1239 2162 194 82 essentia
1385 2162 162 82 animae
1498 2162 113 82 non
1563 2162 162 82 potest
1676 2162 145 82 penes
1773 2162 113 82 hoc
1821 2162 178 82 distingui

219 2222 120 61 cum
288 2222 258 61 vniformiter
494 2222 103 61 se
546 2222 155 61 habet
649 2222 103 61 ad
700 2222 155 61 totum
803 2222 189 61 corpus:
941 2222 86 61 &
975 2222 155 61 omnes
1079 2222 172 61 partes
1199 2222 155 61 eius:
1302 2222 138 61 quod
1388 2222 138 61 tota
1474 2222 120 61 sit
1543 2222 103 61 in
1594 2222 155 61 toto,
1698 2222 86 61 &
1732 2222 138 61 tota
1818 2222 103 61 in
1870 2222 155 61 quali

216 2270 115 80 bet
281 2270 164 80 parte,
396 2270 197 80 secundum
544 2270 247 80 Augustinum,
742 2270 99 80 vt
791 2270 247 80 essentialis
988 2270 132 80 eius
1070 2270 230 80 perfectio:
1251 2270 197 80 secundum
1399 2270 132 80 quod
1481 2270 214 80 processit
1646 2270 230 80 argumentum
1827 2270 197 80 secundum

206 2330 162 73 supra
314 2330 234 73 inductum.
494 2330 108 73 AD
548 2330 306 73 declarationem
801 2330 180 73 igitur
927 2330 270 73 principalis
1143 2330 198 73 intenti
1287 2330 180 73 simul,
1413 2330 90 73 &
1449 2330 108 73 ad
1503 2330 306 73 dissolutionem
1756 2330 180 73 illius
1864 2330 126 73 argu-

210 2379 179 75 menti,
335 2379 232 75 sciendum:
514 2379 143 75 quod
603 2379 232 75 potentiae
782 2379 179 75 animae
907 2379 196 75 quaedam
1049 2379 214 75 dicuntur
1210 2379 179 75 organo
1335 2379 125 75 non
1407 2379 250 75 alligatae:
1603 2379 196 75 quaedam
1746 2379 143 75 vero
1817 2379 179 75 dicuntur

209 2430 243 67 alligatae,
399 2430 121 67 hoc
469 2430 121 67 non
538 2430 225 67 contingit
711 2430 173 67 aliquo
832 2430 139 67 modo
919 2430 104 67 ex
971 2430 156 67 parte
1075 2430 243 67 potentiae,
1265 2430 104 67 vt
1317 2430 208 67 fundatur
1473 2430 104 67 in
1525 2430 139 67 ipsa
1612 2430 260 67 substantia:
1820 2430 139 67 quia
1889 2430 104 67 tota

210 2490 217 58 substantia
380 2490 155 58 animae
488 2490 124 58 quae
566 2490 93 58 re
612 2490 108 58 est
674 2490 139 58 omnes
767 2490 124 58 eius
844 2490 217 58 potentiae,
1015 2490 139 58 actus
1108 2490 108 58 est
1169 2490 77 58 &
1200 2490 201 58 perfectio
1355 2490 155 58 totius
1464 2490 201 58 corporis:
1618 2490 108 58 ita
1680 2490 139 58 etiam
1773 2490 124 58 quod
1851 2490 108 58 sit
1913 2490 108 58 sub

209 2548 217 53 stantialis
379 2548 202 53 persectio
534 2548 155 53 organi
643 2548 124 53 dans
720 2548 124 53 esse
798 2548 248 53 substantiale
999 2548 155 53 organo
1108 2548 202 53 inquantum
1263 2548 155 53 corpus
1371 2548 124 53 est:
1449 2548 140 53 iuxta
1542 2548 248 53 definitionem
1743 2548 233 53 philosophi:
1914 2548 78 53 Aia

217 2592 110 82 est
280 2592 141 82 actus
374 2592 188 82 corporis
515 2592 204 82 organici.
672 2592 110 82 est
735 2592 141 82 etiam
829 2592 126 82 tota
908 2592 94 82 in
955 2592 126 82 toto
1033 2592 188 82 corpore,
1174 2592 78 82 &
1206 2592 126 82 tota
1284 2592 94 82 in
1331 2592 188 82 qualibet
1472 2592 157 82 parte.
1582 2592 188 82 secundum
1723 2592 126 82 quod
1802 2592 141 82 dicit
1880 2592 110 82 Augu-

211 2650 156 68 stinus
321 2650 94 68 in
368 2650 125 68 fine
446 2650 94 68 de
493 2650 266 68 immortalitate
712 2650 172 68 animae.
837 2650 110 68 Aia
900 2650 110 68 non
962 2650 219 68 tantummodo
1134 2650 203 68 vniuersae
1291 2650 125 68 moli
1369 2650 188 68 corporis
1510 2650 125 68 sui,
1588 2650 110 68 sed
1651 2650 141 68 etiam
1744 2650 203 68 vnicuique
1885 2650 94 68 per-

211 2699 178 63 ticulae
340 2699 194 63 corporis
485 2699 113 63 sui
550 2699 129 63 tota
631 2699 145 63 simul
728 2699 162 63 adest:
841 2699 113 63 nec
906 2699 178 63 quantum
1035 2699 97 63 in
1083 2699 97 63 se
1132 2699 129 63 est,
1213 2699 178 63 aliquid
1342 2699 113 63 sui
1406 2699 129 63 plus
1487 2699 210 63 alligatur
1649 2699 113 63 vni
1713 2699 226 63 particulae
1875 2699 113 63 corpo

217 2756 114 74 ris
282 2756 131 74 quam
364 2756 180 74 alteri.
495 2756 114 74 Sed
560 2756 131 74 quod
642 2756 180 74 dicitur
773 2756 164 74 habere
887 2756 164 74 partes
1002 2756 180 74 quasdam
1133 2756 213 74 alligatas
1296 2756 196 74 corpori,
1443 2756 82 74 &
1476 2756 164 74 partem
1590 2756 180 74 aliquam
1721 2756 114 74 non
1787 2756 229 74 alligatam:

206 2810 106 71 hoc
266 2810 212 71 contingit,
433 2810 121 71 quia
508 2810 166 71 quaedam
629 2810 136 71 earum
720 2810 91 71 vt
765 2810 136 71 omnes
856 2810 196 71 potentiae
1007 2810 212 71 sensitiuae
1173 2810 151 71 deteri
1279 2810 136 71 antur
1369 2810 91 71 in
1415 2810 212 71 substantia
1581 2810 121 71 ipsa
1657 2810 106 71 per
1717 2810 181 71 rationem
1853 2810 76 71 &
1868 2810 121 71 dispon

213 2863 103 71 nem
272 2863 148 71 organi
376 2863 89 71 ad
420 2863 222 71 operationes
598 2863 133 71 suas:
686 2863 192 71 potentiae
834 2863 118 71 vero
908 2863 251 71 intellectiuae
1115 2863 222 71 nequamquam:
1292 2863 103 71 sed
1351 2863 103 71 per
1411 2863 163 71 aliquid
1529 2863 133 71 aliud
1617 2863 177 71 secundum
1750 2863 177 71 seipsas,
1884 2863 89 71 vt
1928 2863 89 71 in

212 2914 104 66 fra
271 2914 178 66 patebit.
405 2914 163 66 Propter
523 2914 119 66 quod
597 2914 193 66 potentiae
746 2914 252 66 intellectiuae
953 2914 119 66 quae
1027 2914 119 66 sunt
1101 2914 207 66 substantia
1264 2914 119 66 ipsa
1338 2914 163 66 animae,
1457 2914 193 66 inquantum
1605 2914 252 66 determinantur
1812 2914 178 66 secundum
1931 2914 59 66 se

207 2969 96 67 ad
255 2969 224 67 eliciendum
431 2969 240 67 operationes
624 2969 288 67 intellectuales
864 2969 192 67 dicuntur
1008 2969 128 67 esse
1088 2969 112 67 non
1153 2969 208 67 alligatae
1313 2969 176 67 organo.
1441 2969 208 67 potentiae
1601 2969 128 67 vero
1681 2969 224 67 sensitiuae
1858 2969 128 67 quae
1922 2969 64 67 si

204 3027 176 74 militer
332 3027 128 74 sunt
412 3027 128 74 ipsa
491 3027 223 74 substantia
667 3027 176 74 animae,
795 3027 208 74 inquantum
954 3027 271 74 determinantur
1178 3027 112 74 per
1242 3027 271 74 dispositiones
1465 3027 160 74 organi
1577 3027 96 74 ad
1625 3027 223 74 eliciendum
1784 3027 208 74 operationes

203 3071 219 80 sensuales,
376 3071 188 80 dicuntur
517 3071 204 80 alligatae
673 3071 172 80 organo.
799 3071 94 80 Et
846 3071 188 80 secundum
987 3071 125 80 quod
1065 3071 110 80 per
1127 3071 172 80 diuersa
1253 3071 157 80 organa
1362 3071 125 80 nata
1441 3071 235 80 diuersimode
1629 3071 251 80 determinari.
1832 3071 188 80 secundum

212 3128 106 86 hoc
272 3128 257 86 distinguuntur
484 3128 182 86 diuersae
621 3128 197 86 potentiae
772 3128 227 86 sensitiuae,
954 3128 121 86 fine
1030 3128 121 86 omni
1105 3128 227 86 diuersitate
1287 3128 136 86 earum
1378 3128 136 86 inter
1469 3128 106 86 se,
1529 3128 106 86 vel
1590 3128 91 86 ad
1636 3128 197 86 potentias
1772 3128 227 86 intellectiuas
