2443 3749
436 262 125 81 tet
507 262 143 81 quod
597 262 178 81 maneat
721 262 232 81 aequiuoce
900 262 107 81 id
953 262 160 81 cuius
1060 262 143 81 erat
1149 262 232 81 accidens.
1328 262 125 81 Nec
1399 262 214 81 accidens
1559 262 178 81 potest
1684 262 178 81 facere
1809 262 196 81 aliquid
1952 262 143 81 esse
2041 262 196 81 animal.
2166 262 71 81 ex

434 334 252 59 substantia
632 334 144 59 enim
722 334 90 59 &
758 334 234 59 accidente
938 334 126 59 non
1010 334 126 59 fit
1082 334 144 59 nisi
1172 334 144 59 ens,
1262 334 90 59 &
1298 334 144 59 vnum
1387 334 126 59 per
1459 334 234 59 accidens:
1639 334 126 59 non
1711 334 126 59 per
1783 334 126 59 se:
1855 334 162 59 quale
1963 334 162 59 habet
2071 334 144 59 esse
2143 334 90 59 ani

443 390 134 71 mal.
527 390 117 71 Sed
594 390 134 71 dico
678 390 134 71 quod
762 390 151 71 visus
862 390 134 71 ille
946 390 151 71 esset
1047 390 151 71 anima
1147 390 168 71 oculi:
1265 390 117 71 qui
1332 390 117 71 est
1399 390 134 71 ipsa
1483 390 235 71 substantia
1667 390 168 71 animae
1784 390 117 71 sub
1851 390 184 71 ratione
1986 390 218 71 potentiae
2136 390 101 71 visi

450 454 117 60 uae
517 454 167 60 tantum
634 454 134 60 quam
717 454 150 60 solum
818 454 150 60 habet
918 454 100 60 in
968 454 167 60 oculo,
1085 454 150 60 sicut
1185 454 167 60 sensus
1302 454 250 60 simpliciter
1502 454 117 60 qui
1569 454 117 60 est
1636 454 134 60 ipsa
1719 454 234 60 substantia
1903 454 167 60 animae
2020 454 117 60 sub
2087 454 184 60 ratione

442 508 231 66 potentiae
620 508 249 66 sensitiuae
815 508 284 66 simpliciter:
1046 508 89 66 &
1082 508 107 66 in
1135 508 195 66 communi
1277 508 249 66 acceptione
1473 508 107 66 ad
1526 508 160 66 omnes
1633 508 231 66 potentias
1811 508 249 66 sensitiuas
2006 508 124 66 est
2077 508 160 66 anima
2166 508 71 66 to

443 557 150 68 tius
537 557 225 68 corporis
705 557 206 68 animati
855 557 150 68 quod
949 557 131 68 est
1023 557 187 68 animal
1154 557 243 68 inquantum
1342 557 243 68 organicum
1529 557 150 68 est.
1622 557 150 68 Vnde
1716 557 187 68 siquis
1847 557 262 68 philosophi
2034 557 206 68 intentio-

440 618 118 67 nem
507 618 286 67 perspicaciter
743 618 235 67 inspiciat,
927 618 202 67 inueniet
1079 618 134 67 quod
1163 618 168 67 potius
1280 618 202 67 definiat
1432 618 185 67 animam,
1566 618 84 67 &
1600 618 235 67 determinet
1784 618 101 67 de
1835 618 101 67 ea
1885 618 218 67 inquantum
2053 618 118 67 est
2120 618 151 67 totum

440 668 239 70 potentiale
628 668 137 70 dans
713 668 154 70 esse,
816 668 85 70 &
850 668 171 70 viuere
969 668 188 70 corpori
1106 668 171 70 potius
1225 668 102 70 vt
1277 668 222 70 organicum
1447 668 137 70 est,
1533 668 137 70 quam
1618 668 102 70 vt
1669 668 171 70 corpus
1789 668 256 70 simpliciter
1994 668 137 70 est.
2079 668 102 70 Et
2113 668 120 70 secun

439 728 126 71 dum
511 728 126 71 hoc
583 728 234 71 definitio
763 728 180 71 animae
889 728 144 71 quam
979 728 252 71 inuestigat
1177 728 108 71 in
1231 728 234 71 principio
1410 728 216 71 secundi,
1572 728 198 71 proprie
1716 728 126 71 non
1788 728 126 71 est
1860 728 180 71 animae
1986 728 144 71 nisi
2076 728 198 71 ratione

449 776 212 68 potentiae
612 776 245 68 sensitiuae,
807 776 82 68 &
840 776 114 68 non
905 776 179 68 ratione
1036 776 212 68 potentiae
1199 776 277 68 intellectiuae
1427 776 130 68 nisi
1509 776 228 68 aequiuoce,
1688 776 98 68 vt
1737 776 147 68 dicit
1835 776 196 68 Comment.
1981 776 98 68 Et
2030 776 147 68 patet
2128 776 130 68 quod

450 840 122 68 haec
526 840 107 68 est
587 840 122 68 eius
664 840 183 68 intentio
801 840 92 68 ad
847 840 183 68 literam.
984 840 168 68 quoniam
1107 840 107 68 per
1168 840 137 68 illud
1259 840 153 68 dictum
1366 840 122 68 suum
1443 840 92 68 de
1488 840 122 68 visu
1565 840 153 68 oculi:
1672 840 122 68 quod
1748 840 107 68 est
1809 840 153 68 anima:
1916 840 168 68 tanquam
2038 840 107 68 per
2100 840 92 68 id
2145 840 122 68 quod

447 891 189 65 apparet
584 891 103 65 in
636 891 172 65 aliqua
756 891 154 65 parte
859 891 223 65 organica,
1030 891 206 65 intendit
1185 891 189 65 probare
1322 891 137 65 quod
1408 891 154 65 dixit
1510 891 103 65 de
1562 891 137 65 toto
1648 891 189 65 corpore
1785 891 206 65 organico
1939 891 274 65 simpliciter,
2145 891 86 65 se-

451 946 167 70 cundum
568 946 133 70 quod
651 946 150 70 anima
752 946 117 70 est
818 946 167 70 forma,
935 946 83 70 &
968 946 150 70 actus
1068 946 150 70 eius.
1169 946 183 70 Oportet
1302 946 133 70 enim
1385 946 217 70 accipere,
1552 946 100 70 vt
1602 946 167 70 dicit,
1719 946 100 70 in
1769 946 133 70 toto
1852 946 183 70 corpore
1986 946 200 70 viuente,
2136 946 133 70 quod

450 1002 172 67 videmus
576 1002 94 67 in
623 1002 157 67 parte.
732 1002 204 67 Similiter
889 1002 157 67 nanque
999 1002 94 67 se
1046 1002 141 67 habet
1140 1002 125 67 pars
1218 1002 172 67 sensus.
1343 1002 94 67 i.
1390 1002 219 67 substantia
1562 1002 157 67 animae
1672 1002 219 67 sensitiuae
1844 1002 204 67 inquantum
2001 1002 141 67 habet
2079 1002 157 67 rationem

459 1060 120 70 vnius
539 1060 133 70 sensus
632 1060 146 70 tantum,
738 1060 80 70 ad
778 1060 133 70 partem
871 1060 146 70 aliquam
978 1060 173 70 organicm.
1111 1060 160 70 scilicet
1230 1060 173 70 corporis:
1363 1060 120 70 sicut
1443 1060 120 70 totus
1523 1060 146 70 sensus.
1629 1060 80 70 i.
1669 1060 106 70 tota
1736 1060 186 70 substantia
1882 1060 133 70 animae
1975 1060 200 70 sensitiuae,
2122 1060 106 70 inquan

457 1113 103 69 tum
516 1113 132 69 habet
604 1113 176 69 rationem
737 1113 206 69 cuiuslibet
898 1113 147 69 sensus
1001 1113 88 69 ad
1045 1113 132 69 totum
1134 1113 147 69 corpus
1237 1113 118 69 quid
1310 1113 206 69 sensitiuum
1472 1113 103 69 est
1531 1113 191 69 inquantum
1678 1113 206 69 huiusmodi.
1839 1113 132 69 Sicut
1928 1113 118 69 ergo
2001 1113 88 69 si
2045 1113 147 69 oculus
2133 1113 74 69 qui

452 1169 109 71 est
515 1169 156 71 aliqua
624 1169 125 71 pars
702 1169 188 71 corporis
843 1169 203 71 organica,
999 1169 141 71 esset
1093 1169 172 71 animal,
1218 1169 156 71 visus.
1328 1169 188 71 secundum
1468 1169 125 71 quod
1546 1169 109 71 iam
1609 1169 203 71 expositum
1765 1169 125 71 est,
1843 1169 141 71 esset
1937 1169 125 71 eius
2015 1169 156 71 anima,
2125 1169 109 71 sic
2171 1169 63 71 to

453 1227 129 55 tius
533 1227 193 55 corporis
679 1227 193 55 organici
824 1227 97 55 ex
872 1227 193 55 pluribus
1017 1227 177 55 organis
1146 1227 242 55 constituti,
1339 1227 161 55 sensus
1452 1227 193 55 scilicet
1597 1227 274 55 simpliciterid
1823 1227 113 55 est
1887 1227 145 55 anima
1984 1227 210 55 sensitiua
2129 1227 97 55 sime

458 1285 194 64 pliciter
603 1285 97 64 ad
652 1285 146 64 omnes
749 1285 162 64 sensus
862 1285 113 64 est
927 1285 129 64 eius
1008 1285 162 64 anima.
1121 1285 97 64 i.
1170 1285 227 64 substantia
1348 1285 146 64 eius,
1445 1285 194 64 secundum
1591 1285 210 64 rationem,
1753 1285 97 64 vt
1801 1285 210 64 expositum
1963 1285 129 64 est.
2044 1285 97 64 Et
2093 1285 113 64 hoc
2141 1285 81 64 est

461 1348 128 57 quid
541 1348 241 57 philosophus
734 1348 128 57 post
814 1348 177 57 modicum
943 1348 209 57 concludit
1103 1348 177 57 dicens.
1232 1348 144 57 Quare
1328 1348 144 57 visus
1424 1348 80 57 &
1456 1348 193 57 potentia
1601 1348 161 57 organi
1713 1348 144 57 anima
1810 1348 128 57 est:
1890 1348 161 57 corpus
2002 1348 144 57 autem
2099 1348 128 57 quod
2163 1348 64 57 po

451 1390 163 69 tentia
565 1390 131 69 est:
647 1390 82 69 &
679 1390 147 69 sicut
777 1390 180 69 oculus,
908 1390 196 69 pupilla,
1055 1390 82 69 &
1087 1390 163 69 visus:
1202 1390 114 69 ita
1267 1390 147 69 anima
1365 1390 82 69 &
1397 1390 163 69 corpus
1512 1390 163 69 animal
1626 1390 131 69 est.
1708 1390 147 69 Dicit
1806 1390 131 69 ergo
1887 1390 229 69 manifeste:
2067 1390 131 69 quod
2132 1390 98 69 ipsa

447 1448 152 61 anima
548 1448 135 61 quae
632 1448 118 61 est
700 1448 168 61 actus,
818 1448 152 61 cuius
919 1448 202 61 potentia
1070 1448 118 61 est
1138 1448 185 61 corpus,
1272 1448 118 61 est
1340 1448 135 61 ipse
1424 1448 152 61 visus
1525 1448 84 61 &
1558 1448 202 61 potentia
1710 1448 185 61 organi.
1845 1448 84 61 &
1878 1448 118 61 per
1946 1448 135 61 hunc
2030 1448 152 61 modum
2114 1448 118 61 sicut

446 1509 162 64 oculus
559 1509 114 64 est
624 1509 195 64 pupilla.
771 1509 97 64 i.
819 1509 162 64 visus:
933 1509 81 64 &
965 1509 227 64 substantia
1144 1509 162 64 animae
1258 1509 97 64 in
1306 1509 179 64 ratione
1436 1509 211 64 potentiae
1599 1509 179 64 visiuae
1729 1509 179 64 tantum,
1859 1509 114 64 sic
1923 1509 146 64 anima
2021 1509 97 64 vt
2070 1509 114 64 est
2118 1509 114 64 causa

449 1554 178 71 sensus,
578 1554 81 71 &
611 1554 211 71 potentiae
773 1554 243 71 sensitiuae:
967 1554 81 71 &
999 1554 178 71 corpus,
1129 1554 97 71 vt
1177 1554 194 71 continet
1323 1554 146 71 omnia
1420 1554 211 71 organica,
1582 1554 113 71 est
1647 1554 146 71 ipsum
1744 1554 178 71 animal.
1874 1554 130 71 Quia
1955 1554 146 71 autem
2052 1554 146 71 anima
2133 1554 97 71 ipsa

446 1614 181 62 hominis
577 1614 247 62 considerata
775 1614 115 62 sub
841 1614 181 62 ratione
973 1614 115 62 sic
1039 1614 214 62 animandi:
1203 1614 115 62 non
1269 1614 165 62 tantum
1385 1614 198 62 scilicet
1533 1614 99 62 vt
1582 1614 115 62 est
1648 1614 231 62 substantia
1830 1614 82 62 &
1863 1614 148 62 actus
1961 1614 198 62 corporis
2110 1614 99 62 vt
2143 1614 82 62 cor

449 1664 123 79 pus
520 1664 141 79 est:
608 1664 123 79 sed
679 1664 106 79 vt
731 1664 141 79 ipsa
820 1664 123 79 est
890 1664 212 79 potentia
1049 1664 229 79 organica,
1225 1664 88 79 &
1260 1664 159 79 actus
1366 1664 229 79 quarundam
1542 1664 194 79 partium
1683 1664 229 79 corporis,
1860 1664 212 79 scilicet
2001 1664 229 79 organicarum

440 1734 184 58 quibus
569 1734 129 58 cum
642 1734 203 58 exuitur
790 1734 166 58 nullo
901 1734 148 58 modo
993 1734 166 58 habet
1103 1734 221 58 rationem
1269 1734 240 58 potentiae
1454 1734 258 58 sensitiuae
1656 1734 111 58 in
1712 1734 166 58 actu,
1822 1734 129 58 sed
1896 1734 166 58 solum
2007 1734 166 58 sicut
2117 1734 111 58 in
2154 1734 74 58 ra

453 1777 138 76 dice
539 1777 104 76 in
591 1777 121 76 sua
660 1777 259 76 substantia:
867 1777 138 76 quia
953 1777 224 76 specierum
1126 1777 276 76 sensibilium,
1351 1777 104 76 vt
1402 1777 242 76 sensibiles
1592 1777 155 76 sunt,
1696 1777 121 76 non
1765 1777 121 76 est
1834 1777 224 76 receptiua
2007 1777 138 76 sine
2093 1777 173 76 organo

441 1835 100 66 vt
491 1835 167 66 dictum
608 1835 133 66 est:
691 1835 117 66 sub
758 1835 183 66 ratione
891 1835 133 66 vero
974 1835 200 66 animandi
1124 1835 100 66 vt
1174 1835 117 66 est
1241 1835 250 66 simpliciter
1441 1835 250 66 substantia,
1641 1835 83 66 &
1674 1835 100 66 de
1724 1835 150 66 actus
1824 1835 217 66 corporis,
1991 1835 100 66 vt
2041 1835 167 66 corpus
2141 1835 83 66 est

437 1900 92 67 &
473 1900 129 67 non
547 1900 220 67 potentia
712 1900 220 67 alicuius
877 1900 202 67 organi:
1024 1900 129 67 non
1098 1900 165 67 actus
1208 1900 239 67 quarundam
1391 1900 202 67 partium
1538 1900 239 67 corporis:
1722 1900 202 67 ratione
1869 1900 220 67 scilicet
2034 1900 129 67 qua
2089 1900 147 67 partes

435 1943 232 73 organicae
614 1943 161 73 sunt:
721 1943 125 73 sed
793 1943 161 73 solum
900 1943 232 73 inquantum
1079 1943 143 73 sunt
1168 1943 125 73 sub
1240 1943 161 73 forma
1347 1943 197 73 totius:
1490 1943 179 73 quibus
1615 1943 179 73 exutis
1740 1943 197 73 retinet
1883 1943 215 73 rationem
2026 1943 197 73 potentiae

437 2009 282 62 intellectiuae
669 2009 99 62 in
719 2009 166 62 actum:
835 2009 132 62 quia
918 2009 199 62 secundum
1067 2009 99 62 se
1116 2009 116 62 est
1183 2009 232 62 contentiua
1365 2009 215 62 specierum
1530 2009 331 62 intelligibilium:
1812 2009 149 62 etiam
1911 2009 132 62 sine
1994 2009 166 62 organo
2110 2009 83 62 &
2127 2009 99 62 cor-

441 2066 151 64 pore:
542 2066 184 64 idcirco
676 2066 201 64 continue
826 2066 218 64 concludit
994 2066 268 64 philosophus:
1211 2066 134 64 quod
1295 2066 234 64 manifestum
1479 2066 117 64 est
1546 2066 100 64 ex
1596 2066 184 64 dictis,
1730 2066 134 64 quod
1814 2066 151 64 anima
1914 2066 184 64 humana,
2048 2066 117 64 aut
2098 2066 134 64 omnino

435 2120 138 59 non
514 2120 138 59 est
593 2120 158 59 nata
691 2120 236 59 separari
868 2120 98 59 a
908 2120 236 59 corpore:
1085 2120 138 59 aut
1164 2120 256 59 solummodo
1361 2120 236 59 secundum
1538 2120 217 59 quandam
1695 2120 197 59 partem
1833 2120 197 59 ipsius
1971 2120 138 59 non
2050 2120 138 59 est
2109 2120 118 59 nata

436 2174 233 64 separari:
615 2174 90 64 &
651 2174 161 64 verum
759 2174 126 64 est
831 2174 144 64 quod
920 2174 215 64 secundum
1082 2174 179 64 partem
1207 2174 305 64 intellectiuae
1459 2174 144 64 nata
1548 2174 126 64 est
1620 2174 233 64 separari:
1799 2174 126 64 non
1871 2174 161 64 autem
1979 2174 215 64 secundum
2122 2174 108 64 ali-

445 2212 138 73 quam
531 2212 155 73 aliam
634 2212 190 73 partem.
772 2212 121 73 Sic
841 2212 172 73 igitur
962 2212 172 73 patet,
1083 2212 190 73 quomodo
1221 2212 103 73 si
1273 2212 172 73 oculus
1393 2212 155 73 esset
1497 2212 190 73 animal,
1635 2212 155 73 visus
1738 2212 155 73 esset
1842 2212 138 73 eius
1928 2212 172 73 anima.
2049 2212 103 73 Et
2083 2212 138 73 simili

448 2282 108 62 ter
509 2282 93 62 de
556 2282 170 62 auditu.
680 2282 93 62 Et
726 2282 124 62 quod
804 2282 248 62 concluditur:
1005 2282 124 62 quod
1083 2282 124 62 ergo
1160 2282 155 62 essent
1269 2282 170 62 diuersa
1392 2282 186 62 animalia
1532 2282 170 62 specie:
1656 2282 77 62 &
1687 2282 108 62 non
1749 2282 124 62 nisi
1826 2282 108 62 per
1888 2282 170 62 diuersa
2012 2282 108 62 re:
2074 2282 124 62 quae
2136 2282 93 62 sunt

442 2325 215 80 potentia
603 2325 179 80 visiua
728 2325 89 80 &
764 2325 232 80 auditiua:
943 2325 215 80 Dicendum
1104 2325 143 80 quod
1193 2325 161 80 visus
1300 2325 89 80 &
1336 2325 197 80 auditus
1479 2325 215 80 animalia
1640 2325 197 80 diuersa
1783 2325 143 80 esse
1872 2325 125 80 non
1944 2325 197 80 possunt
2069 2325 161 80 intelli

448 2397 104 59 gi
500 2397 138 59 nisi
586 2397 121 59 aut
655 2397 104 59 vt
707 2397 121 59 per
776 2397 104 59 se
828 2397 277 59 subsistentia
1053 2397 86 59 &
1087 2397 190 59 diuersa
1226 2397 86 59 a
1260 2397 190 59 corpore
1398 2397 86 59 &
1433 2397 104 59 ab
1485 2397 207 59 inuicem,
1640 2397 121 59 aut
1709 2397 104 59 vt
1761 2397 104 59 in
1813 2397 121 59 suo
1882 2397 190 59 corpore
2003 2397 225 59 existentia,

444 2449 92 62 &
480 2449 166 62 aliis
591 2449 221 62 partibus
757 2449 221 62 corporis
922 2449 276 62 continuata.
1143 2449 166 62 Primo
1253 2449 147 62 modo
1346 2449 129 62 non
1419 2449 202 62 possent
1566 2449 147 62 esse
1658 2449 202 62 diuersa
1806 2449 221 62 animalia
1971 2449 147 62 nisi
2063 2449 202 62 habendo

437 2494 219 66 diuersas
601 2494 183 66 animas
729 2494 219 66 secundum
894 2494 274 66 substantiam
1113 2494 311 66 determinantes
1369 2494 146 66 sibi
1461 2494 219 66 diuersas
1625 2494 238 66 potentias
1808 2494 110 66 in
1863 2494 165 66 oculo
1973 2494 91 66 &
2010 2494 165 66 aure:
2119 2494 146 66 quia

444 2548 135 65 sola
529 2548 203 65 potentia
681 2548 271 65 accidentalis
901 2548 169 65 animal
1020 2548 119 65 non
1088 2548 169 65 facit,
1206 2548 102 65 vt
1257 2548 169 65 dictum
1375 2548 135 65 est,
1460 2548 119 65 ita
1528 2548 135 65 quod
1612 2548 119 65 non
1680 2548 237 65 potentiae,
1866 2548 119 65 sed
1934 2548 254 65 substantiae
2120 2548 102 65 ips-

444 2609 113 68 sae
509 2609 194 68 diuersae
654 2609 194 68 facerent
800 2609 113 68 per
865 2609 97 68 se
913 2609 130 68 quod
994 2609 162 68 essent
1108 2609 178 68 diuersa
1237 2609 211 68 animalia,
1399 2609 81 68 e
1432 2609 113 68 non
1496 2609 211 68 potentiae
1658 2609 130 68 nisi
1739 2609 113 68 per
1804 2609 211 68 accidens:
1966 2609 130 68 quae
2047 2609 113 68 non
2095 2609 130 68 differ

444 2665 133 64 rent
527 2665 100 64 re
577 2665 100 64 ab
627 2665 149 64 ipsis
726 2665 216 64 animabus,
892 2665 100 64 vt
942 2665 166 64 dictum
1058 2665 116 64 est
1125 2665 166 64 prius.
1241 2665 182 64 Secundo
1373 2665 149 64 autem
1473 2665 149 64 modo,
1572 2665 149 64 etiam
1672 2665 182 64 diuersa
1805 2665 199 64 animalia
1954 2665 133 64 esse
2037 2665 116 64 non
2087 2665 149 64 possent

442 2722 138 66 nisi
528 2722 103 66 in
579 2722 155 66 eodem
683 2722 172 66 essent
803 2722 206 66 diuersae
958 2722 172 66 animae
1078 2722 103 66 in
1130 2722 206 66 diuersis
1285 2722 224 66 partibus:
1457 2722 138 66 quod
1543 2722 189 66 negatum
1680 2722 120 66 est
1749 2722 172 66 supra.
1870 2722 103 66 Si
1921 2722 138 66 enim
2007 2722 103 66 in
2059 2722 155 66 eodem
2145 2722 86 66 vna

445 2762 121 73 est
514 2762 156 73 anima
618 2762 139 73 quae
705 2762 121 73 est
774 2762 156 73 actus
878 2762 173 73 totius
999 2762 87 73 &
1034 2762 208 73 partium:
1190 2762 87 73 &
1224 2762 156 73 eadem
1328 2762 104 73 in
1380 2762 139 73 toto
1467 2762 87 73 &
1501 2762 104 73 in
1553 2762 208 73 singulis
1709 2762 225 73 partibus,
1883 2762 104 73 vt
1934 2762 173 73 dictum
2056 2762 121 73 est
2108 2762 121 73 prius

440 2811 186 80 oculus
570 2811 93 80 &
607 2811 167 80 auris
719 2811 167 80 nullo
830 2811 148 80 modo
923 2811 204 80 diuersa
1071 2811 223 80 animalia
1238 2811 111 80 in
1294 2811 167 80 eodem
1405 2811 204 80 corpore
1554 2811 148 80 esse
1647 2811 204 80 possunt
1795 2811 130 80 quo
1869 2811 111 80 ad
1925 2811 148 80 esse
1999 2811 223 80 substantia

448 2870 121 70 le:
517 2870 121 70 sed
586 2870 156 70 solum
690 2870 121 70 quo
759 2870 104 70 ad
811 2870 138 70 esse
897 2870 242 70 potentiale
1088 2870 208 70 diuersum
1243 2870 225 70 hincinde:
1416 2870 138 70 quod
1503 2870 121 70 non
1572 2870 311 70 diuersificatur
1831 2870 138 70 nisi
1918 2870 208 70 secundum
2056 2870 173 70 accidens

448 2921 170 77 propter
571 2921 263 77 dispositionem
788 2921 201 77 materiae,
943 2921 93 77 vt
989 2921 155 77 dictum
1098 2921 108 77 est
1160 2921 155 77 prius,
1268 2921 108 77 non
1330 2921 170 77 propter
1454 2921 201 77 essentiam
1609 2921 170 77 formae:
1733 2921 108 77 ita
1794 2921 124 77 quod
1872 2921 93 77 si
1918 2921 139 77 alibi
2011 2921 124 77 quam
2089 2921 93 77 in
2120 2921 108 77 capi-

452 2989 92 66 te
498 2989 138 66 esset
590 2989 153 66 oculus
697 2989 107 66 sub
759 2989 123 66 illa
835 2989 246 66 dispositione
1035 2989 107 66 qua
1096 2989 107 66 est
1158 2989 138 66 media
1250 2989 138 66 ratio
1342 2989 184 66 colorum,
1480 2989 92 66 vt
1526 2989 92 66 in
1572 2989 138 66 pede,
1664 2989 77 66 &
1695 2989 292 66 substantialiter
1940 2989 215 66 substantia
2109 2989 153 66 animae

452 3037 237 66 informatus,
642 3037 142 66 sicut
737 3037 127 66 alia
816 3037 127 66 pars
895 3037 158 66 pedis,
1006 3037 111 66 per
1069 3037 142 66 ipsum
1164 3037 174 66 videret
1291 3037 142 66 anima
1386 3037 95 66 in
1434 3037 142 66 pede,
1529 3037 142 66 sicut
1624 3037 95 66 in
1671 3037 174 66 capite.
1798 3037 95 66 Et
1845 3037 111 66 sic
1908 3037 142 66 plane
2003 3037 142 66 patet
2098 3037 127 66 quod
2162 3037 63 66 il

456 3084 110 70 lud
519 3084 157 70 dictum
629 3084 236 70 philosophi,
818 3084 94 70 Si
865 3084 157 70 oculus
975 3084 142 70 esset
1069 3084 157 70 animal
1180 3084 110 70 &c.
1242 3084 110 70 aut
1305 3084 110 70 non
1368 3084 157 70 potest
1478 3084 220 70 concludere
1651 3084 126 70 quod
1730 3084 94 70 ex
1777 3084 126 70 sola
1856 3084 189 70 potentia
1997 3084 236 70 accidentali
2170 3084 63 70 vi

446 3140 114 68 sus
511 3140 147 68 esset
609 3140 180 68 animal:
740 3140 82 68 &
773 3140 114 68 ita
838 3140 147 68 etiam
936 3140 147 68 plane
1034 3140 147 68 patet
1132 3140 131 68 quod
1214 3140 114 68 non
1280 3140 180 68 propter
1410 3140 147 68 illud
1509 3140 164 68 dictum
1623 3140 180 68 oportet
1754 3140 164 68 ponere
1868 3140 131 68 quod
1950 3140 196 68 potentia
2097 3140 114 68 est
2146 3140 82 68 ac-

444 3191 140 88 cidens
542 3191 154 88 animae:
654 3191 98 88 aut
710 3191 168 88 proponit
836 3191 126 88 illud
920 3191 126 88 quasi
1004 3191 98 88 per
1060 3191 224 88 impossibile:
1242 3191 112 88 quia
1312 3191 126 88 eadem
1397 3191 126 88 anima
1481 3191 266 88 substantialiter
1705 3191 168 88 existens
1831 3191 84 88 in
1873 3191 168 88 diuersis
1999 3191 168 88 partibus
2125 3191 98 88 per
2181 3191 84 88 di
