2450 3703
181 259 166 108 uersas
297 259 215 108 potentias
463 259 99 108 in
513 259 116 108 eis
579 259 182 108 faceret
712 259 116 108 eas
778 259 133 108 esse
861 259 182 108 diuersa
993 259 215 108 animalia.
1159 259 99 108 Si
1209 259 133 108 enim
1292 259 116 108 sic
1358 259 166 108 esset,
1474 259 133 108 tunc
1557 259 99 108 in
1606 259 116 108 rei
1673 259 199 108 veritate
1805 259 166 108 sequitur

181 353 146 68 quod
272 353 164 68 sicut
381 353 164 68 anima
491 353 164 68 facit
600 353 182 68 oculum
728 353 146 68 esse
819 353 182 68 animal
946 353 128 68 per
1019 353 237 68 potentiam
1201 353 182 68 visus,
1329 353 91 68 &
1366 353 164 68 aurem
1475 353 128 68 per
1548 353 237 68 potentiam
1730 353 219 68 auditus:
1876 353 91 68 sic

184 405 196 67 faceret
326 405 160 67 totum
433 405 142 67 esse
522 405 178 67 animal
646 405 124 67 per
718 405 231 67 potentiam
895 405 178 67 sensus
1020 405 284 67 simpliciter.
1251 405 124 67 sed
1322 405 124 67 hoc
1393 405 124 67 non
1464 405 142 67 nisi
1553 405 142 67 quia
1642 405 142 67 ipsa
1731 405 213 67 potentia
1873 405 89 67 per

181 461 218 61 essentiam
349 461 117 61 est
416 461 134 61 ipsa
500 461 168 61 anima:
618 461 134 61 quia
701 461 151 61 nulla
802 461 268 61 accidentalis
1020 461 235 61 dispositio
1205 461 168 61 potest
1322 461 168 61 facere
1440 461 185 61 aliquid
1574 461 134 61 esse
1658 461 185 61 animal,
1792 461 101 61 vt
1826 461 134 61 dictum

180 519 129 65 est.
261 519 97 65 Et
309 519 113 65 sic
374 519 113 65 non
438 519 242 65 obstantibus
632 519 161 65 dictis
745 519 242 65 philosophi,
939 519 226 65 vndecumque
1116 519 258 65 extrahantur,
1326 519 178 65 nunquam
1455 519 194 65 sequitur
1601 519 97 65 ex
1649 519 113 65 eis
1714 519 129 65 quod
1778 519 178 65 potentiae

192 568 170 66 animae
311 568 136 66 sint
396 568 238 66 accidentia
583 568 119 66 ei.
650 568 119 66 Sed
718 568 153 66 magis
820 568 238 66 contrarium
1007 568 204 66 sequitur
1160 568 102 66 ex
1211 568 136 66 eis:
1296 568 102 66 si
1347 568 136 66 quis
1432 568 136 66 bene
1517 568 238 66 intelligat
1703 568 119 66 ea.
1771 568 136 66 immo
1839 568 119 66 decla

194 618 138 72 raret
286 618 92 72 ex
332 618 169 72 omnibus
455 618 154 72 dictis
562 618 138 72 eius,
654 618 184 72 secundum
793 618 123 72 quod
869 618 108 72 iam
931 618 92 72 ex
977 618 200 72 aliquibus
1131 618 138 72 satis
1223 618 215 72 declaratum
1392 618 123 72 est,
1468 618 123 72 quod
1545 618 138 72 nihil
1637 618 138 72 facit
1730 618 184 72 rationem
1852 618 108 72 poten

195 676 129 68 tiae
275 676 209 68 diuersae,
436 676 129 68 nisi
517 676 177 68 diuersa
645 676 145 68 ratio
742 676 306 68 determinationis
999 676 129 68 eius
1079 676 193 68 respectu
1224 676 257 68 operationis:
1433 676 129 68 quod
1514 676 145 68 facit
1610 676 225 68 dispositio
1787 676 161 68 organi
1900 676 96 68 in

201 735 201 62 potentiis
355 735 232 62 sensitiuis,
541 735 139 62 sicut
634 735 108 62 iam
696 735 217 62 declaratum
866 735 124 62 est.
943 735 124 62 quod
1020 735 139 62 autem
1113 735 155 62 faciat
1221 735 108 62 eam
1283 735 93 62 in
1330 735 201 62 potentiis
1484 735 278 62 intellectiuis,
1716 735 108 62 iam
1778 735 186 62 dicetur.
1902 735 62 62 Po

193 780 162 55 tentia
306 780 130 55 enim
388 780 97 55 id
436 780 130 55 quod
517 780 114 55 est
582 780 179 55 dicitur
712 780 97 55 ex
761 780 211 55 relatione
923 780 97 55 ad
972 780 162 55 actum:
1086 780 130 55 quae
1167 780 97 55 ex
1215 780 195 55 obiectis
1361 780 146 55 sumit
1459 780 195 55 species:
1605 780 146 55 anima
1702 780 146 55 autem
1800 780 97 55 ex
1832 780 130 55 natura

181 833 261 66 substantiae
389 833 139 66 suae
476 833 244 66 absolutae,
668 833 104 66 vt
720 833 244 66 substantia
911 833 139 66 est,
998 833 122 66 non
1068 833 244 66 determinat
1259 833 139 66 sibi
1346 833 174 66 actum,
1468 833 157 66 sicut
1572 833 157 66 neque
1677 833 191 66 materia
1798 833 157 66 formam.

185 890 162 72 quare
293 890 162 72 neque
401 890 216 72 rationem
564 890 253 72 potentiae.
762 890 198 72 Oportet
907 890 180 72 igitur
1033 890 108 72 ad
1087 890 343 72 determinationem
1376 890 235 72 potentiae
1556 890 108 72 in
1610 890 108 72 ea
1664 890 126 72 eam
1737 890 180 72 aliquo
1863 890 126 72 de-

187 947 258 59 terminari,
389 947 111 59 vt
444 947 276 59 determinate
666 947 111 59 ad
721 947 166 59 actum
831 947 295 59 determinatum
1071 947 184 59 habeat
1200 947 258 59 respectum:
1402 947 92 59 &
1439 947 129 59 per
1513 947 129 59 hoc
1587 947 221 59 rationem
1734 947 221 59 potentiae.

185 998 98 61 AD
234 998 147 61 cuius
332 998 245 61 intellectum
528 998 213 61 ampliorem
692 998 213 61 sciendum,
856 998 131 61 quod
937 998 196 61 secundum
1085 998 245 61 philosophum
1281 998 98 61 in
1330 998 131 61 nono
1412 998 245 61 metaphysica
1608 998 180 61 aliquid
1739 998 180 61 dicitur
1854 998 98 61 esse

192 1048 100 72 in
242 1048 200 72 potentia
393 1048 250 72 dupliciter:
593 1048 117 72 vel
660 1048 100 72 in
710 1048 200 72 potentia
860 1048 184 72 remota:
994 1048 134 72 quod
1077 1048 134 72 eget
1161 1048 200 72 pluribus
1311 1048 351 72 transmutationibus
1611 1048 100 72 vt
1661 1048 200 72 procedat
1812 1048 100 72 in
1845 1048 117 72 actum

185 1096 118 68 vel
252 1096 101 68 in
303 1096 235 68 propinqua:
488 1096 134 68 quod
572 1096 134 68 eget
656 1096 101 68 vt
706 1096 202 68 procedat
858 1096 101 68 in
908 1096 151 68 actum
1009 1096 151 68 solum
1110 1096 151 68 vnica
1210 1096 319 68 transmutatione:
1479 1096 84 68 &
1513 1096 118 68 hoc
1580 1096 202 68 solummod
1732 1096 185 68 dicitur
1849 1096 101 68 pro-

188 1160 133 70 prie
272 1160 133 70 esse
355 1160 100 70 in
405 1160 217 70 potentia.
571 1160 150 70 verbi
671 1160 183 70 gratia,
805 1160 150 70 terra
905 1160 117 70 non
971 1160 183 70 dicitur
1104 1160 183 70 proprie
1238 1160 100 70 in
1288 1160 200 70 potentia
1438 1160 100 70 vt
1488 1160 133 70 fiat
1571 1160 150 70 arca:
1671 1160 117 70 sed
1737 1160 183 70 lignum.
1854 1160 100 70 Opor

181 1208 132 65 tet
256 1208 150 65 enim
350 1208 188 65 primum
482 1208 188 65 terram
614 1208 282 65 transmutari
839 1208 113 65 vt
896 1208 150 65 fiat
990 1208 207 65 lignum:
1140 1208 169 65 ligna
1253 1208 169 65 autem
1366 1208 245 65 solummodo
1554 1208 226 65 coniungi
1723 1208 113 65 vt
1780 1208 150 65 fiat
1874 1208 132 65 ar-

177 1273 117 55 ca.
244 1273 100 55 Et
294 1273 200 55 secundum
444 1273 133 55 quod
528 1273 133 55 vult
611 1273 100 55 in
661 1273 183 55 secundo
794 1273 100 55 de
844 1273 167 55 anima,
961 1273 183 55 Sentire
1095 1273 100 55 in
1145 1273 200 55 potentia
1295 1273 234 55 dupliciter
1478 1273 200 55 dicitur,
1628 1273 150 55 sicut
1728 1273 83 55 &
1762 1273 167 55 scire.
1879 1273 117 55 Vno

185 1311 136 73 enim
270 1311 136 73 modo
355 1311 187 73 dicitur
492 1311 187 73 aliquis
628 1311 153 73 scire
730 1311 102 73 in
781 1311 204 73 potentia
935 1311 136 73 quia
1020 1311 119 73 est
1088 1311 102 73 de
1139 1311 170 73 numero
1258 1311 187 73 illorum
1395 1311 119 73 qui
1463 1311 187 73 possint
1599 1311 170 73 scire,
1718 1311 85 73 &
1753 1311 136 73 sibi
1838 1311 153 73 acqui

181 1369 149 58 rere
275 1369 205 58 habitum
424 1369 261 58 scientiae.
629 1369 149 58 Alio
722 1369 168 58 modo,
834 1369 149 58 quia
927 1369 131 58 iam
1002 1369 168 58 habet
1114 1369 205 58 habitum
1263 1369 261 58 scientiae:
1468 1369 93 58 &
1505 1369 131 58 non
1580 1369 261 58 considerat
1767 1369 186 58 secundum

182 1424 159 66 ipsum:
293 1424 111 66 sed
357 1424 159 66 volens
468 1424 223 66 possibilis
643 1424 111 66 est
707 1424 239 66 considerare
898 1424 127 66 nisi
978 1424 175 66 aliquid
1105 1424 207 66 impediat.
1264 1424 207 66 Similiter
1423 1424 175 66 sentire
1550 1424 111 66 vno
1614 1424 127 66 modo
1694 1424 175 66 dicitur
1821 1424 175 66 aliquid

187 1469 99 66 in
236 1469 198 66 potentia
384 1469 132 66 quod
467 1469 99 66 in
516 1469 165 66 natura
632 1469 115 66 sua
698 1469 115 66 est
764 1469 132 66 tale
846 1469 132 66 quod
929 1469 181 66 poterit
1061 1469 99 66 in
1110 1469 99 66 se
1159 1469 132 66 hare
1242 1469 214 66 potentiam
1407 1469 231 66 sentiendi:
1588 1469 148 66 sicut
1687 1469 165 66 embryo
1803 1469 115 66 vel
1852 1469 99 66 cor-

183 1531 134 67 pus
259 1531 210 67 humanum
412 1531 134 67 iam
489 1531 248 67 figuratum
680 1531 153 67 ante
775 1531 268 67 infusionem
985 1531 210 67 animae.
1138 1531 153 67 Alio
1234 1531 172 67 modo,
1349 1531 153 67 quod
1444 1531 172 67 habet
1559 1531 248 67 potentiam
1731 1531 229 67 sensitiuam

184 1590 105 57 in
237 1590 105 57 se
290 1590 123 57 iam
360 1590 263 57 acquisitam:
570 1590 88 57 &
605 1590 123 57 non
675 1590 175 57 sentit
798 1590 105 57 in
851 1590 140 57 actu
938 1590 123 57 per
1008 1590 140 57 eam.
1096 1590 158 57 Primo
1201 1590 140 57 modo
1289 1590 123 57 est
1359 1590 210 57 potentia
1517 1590 245 57 materialis
1710 1590 210 57 respectu
1850 1590 105 57 for-

175 1634 140 68 mae:
263 1634 88 68 &
298 1634 140 68 exit
386 1634 105 68 in
438 1634 158 68 actum
544 1634 123 68 per
614 1634 228 68 generans.
789 1634 193 68 Secundo
929 1634 140 68 vero
1017 1634 140 68 modo
1105 1634 123 68 est
1175 1634 210 68 potentia
1333 1634 210 68 formalis
1491 1634 210 68 respectu
1648 1634 175 68 actus,
1771 1634 88 68 &
1806 1634 140 68 exit
1894 1634 105 68 in

186 1694 149 62 actum
286 1694 116 62 per
352 1694 182 62 speciem
484 1694 198 62 obiecti:
633 1694 116 62 qua
699 1694 116 62 sic
765 1694 198 62 existens
914 1694 99 62 in
964 1694 198 62 potentia
1113 1694 248 62 informatur.
1311 1694 132 62 vnde
1394 1694 149 62 dicit
1493 1694 265 62 philosophus.
1708 1694 215 62 Sensitiui
1857 1694 99 62 pri-

182 1743 105 61 ma
234 1743 227 61 immutatio
409 1743 122 61 fit
478 1743 87 61 a
513 1743 245 61 generante:
705 1743 122 61 cum
775 1743 157 61 autem
880 1743 227 61 generatum
1055 1743 140 61 est,
1142 1743 157 61 habet
1247 1743 122 61 iam
1317 1743 140 61 eam,
1404 1743 157 61 sicut
1509 1743 227 61 scientiam
1684 1743 175 61 habet.
1788 1743 175 61 scilicet

189 1795 163 70 sciens.
307 1795 74 70 &
337 1795 133 70 solum
426 1795 163 70 differt
544 1795 89 70 in
588 1795 118 70 hoc,
662 1795 89 70 vt
707 1795 133 70 dicit
795 1795 237 70 philosophus,
987 1795 118 70 quod
1061 1795 89 70 ea
1106 1795 118 70 quae
1180 1795 163 70 faciunt
1298 1795 163 70 sentire
1416 1795 177 70 secundum
1549 1795 133 70 actum
1638 1795 118 70 sunt
1712 1795 207 70 sensibilia
1860 1795 103 70 parti

184 1850 189 56 cularia
322 1850 172 56 extra:
442 1850 138 56 quia
528 1850 172 56 sensus
649 1850 121 56 non
717 1850 121 56 est
786 1850 138 56 nisi
872 1850 310 56 particularium.
1131 1850 103 56 Ea
1182 1850 138 56 vero
1268 1850 138 56 quae
1354 1850 189 56 faciunt
1492 1850 155 56 scire
1595 1850 207 56 secundum
1750 1850 172 56 actum,
1854 1850 103 56 sunt

192 1904 258 63 vniuersalia
398 1904 207 63 concepta
554 1904 155 63 intra
657 1904 103 63 in
709 1904 172 63 habitu
829 1904 241 63 scientiae.
1019 1904 189 63 Propter
1156 1904 138 63 quod
1243 1904 207 63 postquam
1398 1904 155 63 sumus
1501 1904 103 63 in
1553 1904 207 63 potentia
1708 1904 207 63 scientes
1845 1904 121 63 secum

186 1952 109 68 do
240 1952 163 68 modo,
349 1952 217 68 conuenit
512 1952 163 68 nobis
620 1952 163 68 scire
729 1952 217 68 secundum
892 1952 163 68 actum
1000 1952 127 68 cum
1072 1952 217 68 volumus:
1235 1952 199 68 sentire
1380 1952 163 68 autem
1489 1952 127 68 non
1561 1952 127 68 est
1633 1952 109 68 in
1688 1952 163 68 nobis
1796 1952 127 68 cum
1850 1952 109 68 volu

183 2011 137 62 mus:
269 2011 137 62 quia
354 2011 189 62 necesse
491 2011 120 62 est
560 2011 223 62 sensibile
732 2011 154 62 extra
834 2011 120 62 per
903 2011 137 62 suam
989 2011 189 62 speciem
1126 2011 206 62 immutare
1280 2011 206 62 organum.
1434 2011 189 62 Proprie
1572 2011 137 62 ergo
1657 2011 189 62 dicitur
1795 2011 103 62 in
1829 2011 137 62 poten-

196 2069 113 64 tia
261 2069 195 64 sentire,
407 2069 130 64 quod
488 2069 113 64 est
552 2069 97 64 in
601 2069 195 64 potentia
747 2069 178 64 secundo
877 2069 146 64 modo:
974 2069 81 64 &
1006 2069 146 64 illud
1104 2069 113 64 est
1169 2069 178 64 proprie
1298 2069 211 64 subiectum
1460 2069 211 64 potentiae
1623 2069 243 64 sensitiuae,
1817 2069 178 64 quoniam

196 2118 130 56 illud
282 2118 116 56 est,
355 2118 159 56 proprie
470 2118 188 56 subiectum
615 2118 203 56 potentiae:
774 2118 116 56 quod
847 2118 101 56 sic
905 2118 101 56 est
962 2118 87 56 in
1006 2118 188 56 potentia,
1151 2118 87 56 vt
1194 2118 159 56 proprie
1310 2118 116 56 dici
1382 2118 145 56 possit
1483 2118 130 56 posse
1570 2118 174 56 operari.
1701 2118 116 56 Eius
1773 2118 116 56 enim
1845 2118 101 56 est
1889 2118 72 56 po-

193 2169 145 57 tentia
295 2169 131 57 cuius
382 2169 102 57 est
440 2169 73 57 &
469 2169 145 57 actus,
571 2169 87 57 vt
615 2169 131 57 dicit
702 2169 218 57 philosophus
876 2169 87 57 in
920 2169 131 57 libro
1007 2169 87 57 de
1050 2169 131 57 Sonno
1137 2169 73 57 &
1166 2169 174 57 vigilia.
1297 2169 73 57 &
1326 2169 131 57 illud
1413 2169 116 57 est,
1486 2169 160 57 proprie
1602 2169 189 57 subiectum
1747 2169 174 57 alicuius
1878 2169 116 57 quid

187 2220 95 64 ab
235 2220 127 64 ipso
314 2220 175 64 proprie
441 2220 143 64 habet
537 2220 238 64 denominari:
727 2220 143 64 quare
823 2220 111 64 cum
886 2220 143 64 illud
982 2220 127 64 quod
1061 2220 159 64 potest
1172 2220 175 64 sentire
1300 2220 191 64 potentia
1443 2220 207 64 sensitiua
1601 2220 175 64 tamquam
1729 2220 191 64 potentia
1856 2220 111 64 propi

185 2276 144 57 qua,
275 2276 162 57 solum
384 2276 144 57 eget
474 2276 162 57 vnica
582 2276 343 57 transmutatione,
871 2276 108 57 vt
925 2276 108 57 ex
979 2276 144 57 ipso
1069 2276 126 57 per
1142 2276 235 57 potentiam
1322 2276 235 57 eliciatur
1503 2276 181 57 actio,
1629 2276 126 57 non
1701 2276 126 57 est
1773 2276 144 57 nisi
1846 2276 108 57 com-

188 2335 208 62 positum
339 2335 113 62 ex
396 2335 151 62 ipsa
490 2335 264 62 substantia
698 2335 189 62 animae
830 2335 94 62 &
867 2335 189 62 organo
1000 2335 245 62 corporali
1188 2335 132 62 sua
1264 2335 302 62 dispositione
1509 2335 302 62 determinante
1754 2335 208 62 animam,
1887 2335 75 62 vt

186 2392 127 58 est
258 2392 109 58 in
313 2392 181 58 organo
440 2392 272 58 determinato
658 2392 109 58 ad
712 2392 218 58 rationem
875 2392 236 58 potentiae
1057 2392 308 58 determinatae,
1311 2392 91 58 &
1347 2392 109 58 ad
1402 2392 163 58 actum
1510 2392 308 58 determinatum.
1764 2392 163 58 Anima
1855 2392 109 58 enim

189 2441 118 64 non
257 2441 168 64 potest
374 2441 185 64 sentire
509 2441 135 64 sine
593 2441 185 64 organo,
728 2441 118 64 nec
795 2441 185 64 organum
930 2441 135 64 sine
1014 2441 168 64 anima,
1132 2441 135 64 nisi
1216 2441 101 64 in
1267 2441 202 64 potentia
1418 2441 185 64 remota,
1553 2441 101 64 vt
1603 2441 168 64 dictum
1721 2441 135 64 est.
1789 2441 168 64 Potentia

189 2493 175 58 igitur
311 2493 227 58 sentiendi
486 2493 122 58 per
556 2493 105 58 se
608 2493 122 58 est
678 2493 105 58 in
731 2493 175 58 organo
853 2493 227 58 composito
1028 2493 105 58 ex
1081 2493 245 58 substantia
1273 2493 192 58 animae,
1413 2493 87 58 &
1448 2493 192 58 corpore
1588 2493 280 58 determinante
1815 2493 175 58 animam

184 2545 122 69 sua
253 2545 278 69 dispositione
479 2545 104 69 ad
531 2545 209 69 rationem
688 2545 278 69 determinatae
914 2545 243 69 potentiae,
1105 2545 87 69 &
1140 2545 104 69 ad
1192 2545 278 69 determinatum
1418 2545 174 69 actum,
1540 2545 122 69 per
1609 2545 122 69 hoc
1679 2545 139 69 quod
1766 2545 104 69 ex
1818 2545 122 69 sua
1870 2545 87 69 dis

193 2599 221 66 positione
363 2599 119 66 est
431 2599 221 66 formabile
601 2599 255 66 determinata
806 2599 170 66 specie
925 2599 204 66 obiecti,
1078 2599 102 66 vt
1129 2599 170 66 oculus
1248 2599 187 66 colore,
1384 2599 187 66 auditus
1520 2599 153 66 sono.
1623 2599 85 66 &
1657 2599 119 66 sic
1725 2599 221 66 quaelibet
1878 2599 85 66 spe

194 2656 129 59 cies
275 2656 226 59 sensibilis
452 2656 242 59 determinate
645 2656 129 59 agit
726 2656 97 59 in
775 2656 258 59 determinatum
984 2656 226 59 possibile:
1162 2656 129 59 quod
1242 2656 113 59 non
1307 2656 177 59 faceret
1436 2656 97 59 si
1484 2656 129 59 nuda
1565 2656 226 59 substantia
1742 2656 161 59 animae
1839 2656 113 59 esset

187 2704 211 64 subiectum
349 2704 228 64 potentiae.
528 2704 114 64 SED
593 2704 130 64 quid
675 2704 130 64 tunc
756 2704 211 64 dicendum:
919 2704 179 64 quomodo
1049 2704 211 64 potentiae
1212 2704 130 64 sunt
1293 2704 98 64 vt
1342 2704 98 64 in
1391 2704 195 64 subiecto
1537 2704 98 64 in
1586 2704 146 64 anima
1683 2704 277 64 intellectiua,
1895 2704 65 64 si

194 2758 113 68 non
258 2758 129 68 sunt
339 2758 226 68 accidentia
517 2758 97 68 in
566 2758 113 68 ea:
630 2758 113 68 cum
695 2758 178 68 species
824 2758 243 68 determinata
1018 2758 178 68 tamquam
1148 2758 178 68 actiuum
1277 2758 113 68 non
1342 2758 129 68 agit
1423 2758 129 68 nisi
1503 2758 97 68 in
1552 2758 259 68 determinatum
1762 2758 210 68 passiuum:
1908 2758 49 68 &

195 2813 122 60 nuda
271 2813 213 60 substantia
438 2813 152 60 animae
545 2813 152 60 omnino
651 2813 107 60 est
712 2813 259 60 indeterminata
925 2813 183 60 respectu
1062 2813 198 60 specierum
1214 2813 304 60 intelligibilium:
1473 2813 122 60 quia
1549 2813 107 60 non
1610 2813 243 60 determinatur
1808 2813 183 60 secundum

193 2868 94 55 se
240 2868 94 55 ad
287 2868 172 55 aliquam
412 2868 187 55 illarum:
552 2868 140 55 neque
646 2868 94 55 ex
693 2868 156 55 organo
802 2868 218 55 corporali:
973 2868 125 55 quia
1051 2868 203 55 potentias
1207 2868 265 55 intellectiuas
1426 2868 125 55 hent
1504 2868 172 55 praeter
1628 2868 172 55 organa:
1753 2868 94 55 Et
1800 2868 109 55 est
1847 2868 109 55 dicen

191 2913 112 61 dum
255 2913 160 61 primo:
367 2913 128 61 quod
446 2913 255 61 determinatio
654 2913 239 61 potentiarum
846 2913 303 61 intellectiuarum
1101 2913 128 61 quae
1181 2913 112 61 sit
1245 2913 96 61 in
1293 2913 144 61 anima
1388 2913 192 61 secundum
1532 2913 112 61 se,
1596 2913 160 61 quarum
1708 2913 128 61 ipsa
1787 2913 192 61 secundum

190 2975 103 60 se
241 2975 154 60 habet
344 2975 137 60 esse
430 2975 240 60 subiectum:
619 2975 120 60 non
687 2975 103 60 vt
739 2975 120 60 est
807 2975 103 60 in
859 2975 189 60 organo:
996 2975 120 60 non
1065 2975 189 60 habetur
1202 2975 137 60 nisi
1288 2975 103 60 ex
1339 2975 309 60 determinatione
1597 2975 223 60 specierum
1768 2975 154 60 simul
1854 2975 103 60 eli-

189 3020 202 75 cientium
341 3020 152 75 actus
442 3020 303 75 intellectiuos,
694 3020 84 75 &
728 3020 303 75 determinantium
980 3020 152 75 ipsam
1082 3020 168 75 animae
1199 3020 253 75 substantiam
1401 3020 84 75 &
1435 3020 202 75 rationes
1587 3020 303 75 determinatarum
1822 3020 135 75 poten-

181 3083 165 66 tiarum
296 3083 198 66 secundum
444 3083 263 66 diuersitatem
658 3083 214 66 specierum
823 3083 313 66 intellectualium
1086 3083 82 66 &
1119 3083 247 66 operationum
1317 3083 280 66 intelligendi:
1547 3083 132 66 quas
1630 3083 148 66 anima
1728 3083 115 66 per
1778 3083 181 66 specierum

194 3136 268 81 informationem
415 3136 173 81 elicit:
541 3136 95 81 vt
588 3136 95 81 in
635 3136 110 81 hoc
698 3136 189 81 differat
840 3136 252 81 determinatio
1045 3136 236 81 substantiae
1234 3136 158 81 animae
1344 3136 95 81 ad
1392 3136 189 81 rationes
1534 3136 236 81 potentiarum
1723 3136 252 81 sensitiuarum
1912 3136 47 81 &
