2422 3746
420 303 137 86 quod
505 303 120 86 sic
574 303 120 86 est
642 303 103 86 in
693 303 222 86 potentia,
864 303 120 86 nec
933 303 154 86 habet
1035 303 171 86 causam
1155 303 137 86 nisi
1240 303 188 86 motorem
1377 303 256 86 extrahentem
1582 303 154 86 ipsum
1684 303 103 86 de
1736 303 205 86 potentia
1889 303 103 86 in
1941 303 171 86 actum:
2043 303 171 86 secundum

424 381 121 60 quod
500 381 197 60 expositum
651 381 106 60 est
711 381 121 60 iam:
787 381 76 60 &
817 381 106 60 cum
878 381 106 60 sic
938 381 121 60 est,
1014 381 121 60 hom.
1090 381 182 60 scilicet
1226 381 212 60 compositum
1392 381 91 60 ex
1437 381 136 60 anima
1528 381 76 60 &
1558 381 182 60 corpore,
1695 381 106 60 est
1755 381 121 60 vnum
1831 381 76 60 &
1861 381 136 60 idem:
1952 381 227 60 quemadmodum
2133 381 106 60 ma-

416 428 158 58 teria
522 428 176 58 vltima
645 428 88 58 &
680 428 176 58 forma:
803 428 105 58 vt
856 428 158 58 dicit
961 428 264 58 philosophus
1172 428 193 58 ibidem.
1313 428 158 58 Super
1418 428 123 58 quo
1488 428 158 58 dicit
1594 428 281 58 commentator.
1822 428 158 58 Anima
1928 428 123 58 cum
1998 428 193 58 corpore
2121 428 88 58 est

424 481 153 64 idim:
526 481 153 64 sicut
629 481 188 64 dicimus
765 481 136 64 quod
850 481 153 64 prima
952 481 188 64 materia
1089 481 85 64 &
1123 481 153 64 forma
1225 481 136 64 sunt
1310 481 153 64 idem.
1413 481 102 64 Et
1464 481 222 64 contingit
1634 481 102 64 in
1686 481 136 64 tali
1771 481 239 64 composito,
1958 481 102 64 ex
2009 481 188 64 materia
2129 481 85 64 sci

413 537 153 60 licet
515 537 85 60 &
549 537 153 60 forma
651 537 204 60 duplici,
804 537 221 60 materiali
974 537 85 60 &
1008 537 272 60 immateriali,
1229 537 255 60 quemadmodum
1433 537 102 60 in
1484 537 323 60 definitionibus.
1756 537 255 60 Quemadmodum
1960 537 136 60 enim
2028 537 170 60 secundum

420 589 179 62 Auerroim
554 589 149 62 super.
659 589 134 62 viii.
749 589 239 62 Metaphysicae
943 589 149 62 vltima
1047 589 224 62 differentia
1226 589 90 62 in
1271 589 269 62 definitionibus
1495 589 164 62 quoniam
1615 589 179 62 continet
1749 589 164 62 formam,
1869 589 105 62 per
1928 589 119 62 quam
2003 589 105 62 ens
2063 589 105 62 est
2122 589 119 62 vnum

424 642 97 64 in
472 642 162 64 actum:
585 642 81 64 &
618 642 258 64 differentiae
828 642 129 64 quae
909 642 129 64 sunt
989 642 129 64 ante
1070 642 178 64 vltimam
1199 642 275 64 differentiam,
1426 642 129 64 sunt
1506 642 226 64 existentes
1684 642 97 64 in
1732 642 194 64 definito
1878 642 97 64 in
1926 642 194 64 potentia
2056 642 145 64 tantum:

414 695 143 64 ideo
503 695 232 64 definitum
682 695 125 64 non
753 695 196 64 dicitur
896 695 232 64 multiplex
1074 695 125 64 per
1146 695 357 64 multiplicationem
1449 695 196 64 partium
1592 695 303 64 definitionis:
1841 695 125 64 sic
1913 695 143 64 quia
2002 695 107 64 in
2055 695 143 64 tali
2127 695 89 64 com

416 748 157 76 posito
526 748 157 76 vltima
636 748 157 76 forma,
746 748 110 76 per
808 748 125 76 quam
887 748 110 76 est
950 748 110 76 ens
1012 748 94 76 in
1059 748 157 76 actum,
1169 748 110 76 est
1232 748 157 76 vnica,
1342 748 78 76 &
1373 748 125 76 alia
1451 748 110 76 est
1514 748 94 76 in
1561 748 188 76 potentia
1702 748 157 76 tantum
1812 748 94 76 in
1859 748 220 76 composito,
2032 748 78 76 &
2047 748 173 76 similiter

426 809 182 58 materia:
563 809 91 58 vt
608 809 152 58 dictum
715 809 122 58 est.
791 809 122 58 ldeo
867 809 122 58 etsi
943 809 137 58 illae
1034 809 152 58 formae
1140 809 319 58 multiplicarentur,
1414 809 106 58 non
1475 809 137 58 tamen
1566 809 122 58 esse
1642 809 213 58 compositi.
1809 809 76 58 &
1840 809 106 58 sic
1901 809 152 58 semper
2007 809 137 58 vnius
2098 809 106 58 rei
2144 809 76 58 vna

420 855 112 73 est
484 855 159 73 forma,
595 855 112 73 per
659 855 127 73 quam
739 855 112 73 est
802 855 112 73 ens
866 855 96 73 in
914 855 159 73 actum:
1025 855 112 73 per
1089 855 127 73 quod
1169 855 112 73 non
1232 855 223 73 excluditur
1408 855 127 73 quin
1487 855 159 73 possit
1599 855 127 73 alia
1678 855 143 73 forma
1774 855 143 73 illam
1870 855 223 73 praecedere
2045 855 96 73 in
2077 855 143 73 materia

424 916 120 62 quae
499 916 90 62 ex
544 916 90 62 se
588 916 120 62 esse
663 916 105 62 non
723 916 135 62 habet
813 916 120 62 nisi
887 916 90 62 in
932 916 194 62 potentia,
1082 916 194 62 inquantum
1231 916 105 62 non
1291 916 105 62 est
1351 916 120 62 nata
1426 916 194 62 complere:
1575 916 105 62 sed
1635 916 149 62 tantum
1740 916 179 62 inchoare
1874 916 254 62 dispositionem
2083 916 120 62 esse
2143 916 75 62 rei

426 963 103 66 vt
477 963 172 66 dictum
598 963 138 66 est.
684 963 103 66 Et
736 963 121 66 per
805 963 138 66 hunc
891 963 155 66 modum
994 963 172 66 nullum
1115 963 121 66 est
1184 963 293 66 inconueniens:
1425 963 138 66 quod
1511 963 155 66 vnius
1615 963 121 66 rei
1684 963 172 66 plures
1804 963 138 66 sunt
1891 963 172 66 formae
1994 963 224 66 substantia.

422 1020 134 66 les.
506 1020 100 66 AD
556 1020 184 66 tertiam
690 1020 301 66 difficultatem:
941 1020 134 66 quod
1025 1020 151 66 forma
1125 1020 100 66 ex
1175 1020 100 66 eo
1225 1020 134 66 quod
1309 1020 117 66 est
1376 1020 184 66 aliquid
1510 1020 117 66 per
1577 1020 217 66 essentiam
1744 1020 151 66 suam,
1844 1020 151 66 habet
1945 1020 134 66 esse
2028 1020 151 66 actus
2112 1020 117 66 compo

418 1068 146 69 siti.
515 1068 146 69 cuius
613 1068 130 69 ergo
694 1068 195 69 essentia
840 1068 163 69 potest
954 1068 130 69 esse
1035 1068 211 69 separata:
1198 1068 114 69 cum
1263 1068 114 69 non
1328 1068 114 69 sit
1393 1068 163 69 actus:
1507 1068 179 69 nuilius
1637 1068 114 69 est
1702 1068 146 69 forma
1799 1068 114 69 &c.
1864 1068 195 69 Dicendum
2011 1068 130 69 quod
2092 1068 130 69 bene
2157 1068 65 69 ve

424 1122 102 60 rum
483 1122 102 60 est
541 1122 117 60 quod
614 1122 88 60 de
658 1122 175 60 essentia
789 1122 117 60 eius
862 1122 117 60 quod
935 1122 102 60 est
994 1122 146 60 forma,
1096 1122 102 60 est
1154 1122 117 60 quod
1227 1122 102 60 sit
1286 1122 131 60 actus
1373 1122 190 60 alicuius,
1519 1122 73 60 &
1548 1122 117 60 quod
1621 1122 102 60 per
1680 1122 102 60 eam
1738 1122 131 60 illud
1826 1122 146 60 habeat
1928 1122 131 60 esse,
2016 1122 73 60 &
2045 1122 117 60 ipsa
2118 1122 88 60 in
2147 1122 73 60 il-

418 1175 116 69 lo.
485 1175 83 69 &
518 1175 100 69 in
568 1175 116 69 rei
634 1175 216 69 veritate,
800 1175 100 69 vt
850 1175 116 69 iam
917 1175 166 69 dictum
1033 1175 133 69 est,
1116 1175 100 69 in
1166 1175 216 69 composito
1332 1175 100 69 ex
1382 1175 149 69 anima
1481 1175 83 69 &
1514 1175 183 69 corpore
1647 1175 166 69 tantum
1764 1175 116 69 est
1830 1175 133 69 vnum
1913 1175 133 69 esse
1996 1175 133 69 quod
2079 1175 116 69 est
2129 1175 83 69 com

425 1238 162 61 positi
538 1238 114 61 per
603 1238 162 61 animam
717 1238 114 61 non
782 1238 179 61 animae:
912 1238 130 61 nisi
993 1238 97 61 vt
1042 1238 114 61 est
1107 1238 179 61 aliquid
1237 1238 227 61 compositi:
1415 1238 97 61 in
1464 1238 114 61 quo
1529 1238 97 61 si
1578 1238 195 61 secundum
1724 1238 97 61 se
1773 1238 179 61 haberet
1902 1238 179 61 aliquod
2032 1238 146 61 esse:
2130 1238 114 61 non

419 1288 146 58 esset
516 1288 130 58 homo
598 1288 130 58 vnus
679 1288 130 58 nisi
761 1288 277 58 aggregatione,
988 1288 146 58 neque
1086 1288 179 58 haberet
1216 1288 130 58 homo
1298 1288 130 58 esse
1379 1288 114 58 per
1444 1288 163 58 animam
1558 1288 163 58 aliter
1672 1288 130 58 quam
1753 1288 130 58 homo
1835 1288 146 58 videt
1932 1288 114 58 vel
1997 1288 179 58 sanatur
2128 1288 114 58 per

429 1338 176 58 oculum:
557 1338 96 58 vt
605 1338 128 58 bene
685 1338 192 58 inductum
829 1338 128 58 est.
909 1338 112 58 Non
973 1338 144 58 tamen
1069 1338 192 58 sequitur
1213 1338 96 58 ex
1261 1338 112 58 hoc
1325 1338 128 58 quod
1404 1338 112 58 non
1468 1338 160 58 possit
1580 1338 160 58 habere
1692 1338 96 58 in
1740 1338 96 58 se
1788 1338 128 58 esse
1868 1338 224 58 separatum:
2044 1338 128 58 quia
2108 1338 112 58 etiam

427 1392 135 64 ipsa
511 1392 219 64 separata,
680 1392 101 64 vt
731 1392 169 64 dictum
849 1392 135 64 est,
933 1392 101 64 in
983 1392 169 64 natura
1101 1392 84 64 &
1135 1392 202 64 essentia
1287 1392 135 64 sua,
1371 1392 118 64 non
1439 1392 118 64 est
1506 1392 135 64 nisi
1590 1392 152 64 forma
1691 1392 202 64 alterius
1843 1392 185 64 propter
1978 1392 185 64 naturam
2096 1392 118 64 incli

427 1441 216 67 nationis
589 1441 90 67 &
625 1441 288 67 dependentiae
859 1441 108 67 in
913 1441 180 67 natura
1039 1441 126 67 sua
1111 1441 108 67 ad
1165 1441 162 67 aliud
1273 1441 288 67 informandum.
1506 1441 108 67 si
1560 1441 144 67 enim
1650 1441 162 67 actum
1758 1441 126 67 non
1830 1441 216 67 informet
1992 1441 126 67 hoc
2046 1441 162 67 accidit

430 1497 113 67 ei,
494 1497 81 67 &
527 1497 113 67 est
591 1497 97 67 ei
640 1497 323 67 praeternaturale:
914 1497 113 67 sed
979 1497 145 67 tamen
1076 1497 258 67 possibilitas
1286 1497 226 67 recipiendi
1464 1497 97 67 in
1512 1497 97 67 se
1561 1497 129 67 tale
1641 1497 194 67 accidens
1787 1497 113 67 est
1851 1497 97 67 de
1900 1497 291 67 consideratione
2142 1497 113 67 na-

429 1549 156 65 turae
533 1549 139 65 suae
620 1549 156 65 super
724 1549 156 65 alias
828 1549 174 65 formas
950 1549 278 65 specialiter,
1176 1549 226 65 inquantum
1349 1549 208 65 scilicet
1506 1549 156 65 habet
1610 1549 139 65 esse
1697 1549 156 65 finis
1801 1549 208 65 primorum
1957 1549 243 65 connectens
2131 1549 87 65 pri

430 1604 109 69 ma
484 1604 235 69 secundis:
665 1604 109 69 vt
719 1604 181 69 dictum
846 1604 145 69 est.
936 1604 109 69 ex
991 1604 127 69 hoc
1063 1604 145 69 enim
1154 1604 163 69 debet
1262 1604 109 69 in
1316 1604 181 69 aliquo
1443 1604 271 69 communicare
1660 1604 127 69 cum
1733 1604 181 69 formis
1859 1604 181 69 omnino
1968 1604 253 69 immateriali-

427 1659 130 55 bus:
508 1659 97 55 vt
556 1659 97 55 in
605 1659 194 55 essentia
751 1659 113 55 sua
815 1659 178 55 poterit
945 1659 227 55 subsistere
1123 1659 130 55 sine
1204 1659 194 55 materia,
1350 1659 146 55 licet
1447 1659 97 55 in
1495 1659 130 55 esse
1576 1659 243 55 incompleto:
1771 1659 97 55 vt
1819 1659 162 55 dictum
1933 1659 130 55 est,
2014 1659 81 55 &
2046 1659 113 55 cum
2094 1659 130 55 formis

426 1716 169 62 omnino
545 1716 288 62 materialibus,
782 1716 203 62 scilicet
934 1716 102 62 vt
985 1716 119 62 per
1053 1716 220 62 essentiam
1222 1716 136 62 suam
1307 1716 119 62 sit
1375 1716 152 62 actus
1477 1716 203 62 materiae
1629 1716 169 62 nuilum
1748 1716 169 62 habens
1866 1716 136 62 esse
1951 1716 203 62 proprium
2103 1716 102 62 in
2137 1716 85 62 con

437 1763 166 69 posito:
558 1763 106 69 sed
618 1763 121 69 quod
694 1763 166 69 solummo
815 1763 212 69 communicat
981 1763 106 69 cum
1042 1763 166 69 materia
1163 1763 121 69 esse
1239 1763 212 69 compositi:
1405 1763 91 69 vt
1450 1763 151 69 dictum
1556 1763 121 69 est.
1632 1763 106 69 Qui
1693 1763 121 69 ista
1768 1763 121 69 scit
1844 1763 212 69 discernere
2010 1763 76 69 &
2025 1763 197 69 distinguere

429 1829 219 55 scilicet
593 1829 201 55 quomodo
739 1829 164 55 anima
849 1829 256 55 rationalis
1050 1829 146 55 nata
1141 1829 128 55 est
1214 1829 183 55 habere
1342 1829 146 55 esse
1433 1829 292 55 incompletum,
1671 1829 91 55 &
1707 1829 164 55 actum
1817 1829 274 55 subsistendi
2018 1829 201 55 incomple-

425 1876 122 64 tum
494 1876 226 64 separata:
668 1876 122 64 ita
738 1876 139 64 quod
825 1876 104 64 in
877 1876 226 64 composito
1051 1876 174 64 nuilum
1173 1876 157 64 actum
1277 1876 122 64 aut
1347 1876 139 64 esse
1434 1876 209 64 proprium
1591 1876 174 64 habet:
1712 1876 122 64 sed
1782 1876 157 64 solum
1886 1876 157 64 habet
1991 1876 157 64 actum
2095 1876 87 64 &
2113 1876 104 64 esse

429 1927 216 60 compositi
595 1927 133 60 quod
679 1927 233 60 communicat
861 1927 100 60 ei
911 1927 133 60 quia
994 1927 116 60 est
1060 1927 183 60 aliquid
1193 1927 233 60 compositi:
1376 1927 100 60 ei
1426 1927 116 60 non
1492 1927 116 60 est
1559 1927 216 60 difficile
1725 1927 249 60 intelligere
1924 1927 183 60 quomodo
2057 1927 149 60 anima
2140 1927 83 60 sit

436 1976 146 71 forma
533 1976 81 71 &
566 1976 146 71 actus
663 1976 195 71 materiae
809 1976 130 71 siue
891 1976 195 71 corporis
1037 1976 114 71 per
1102 1976 130 71 suam
1183 1976 260 71 substantiam.
1394 1976 130 71 Quid
1476 1976 146 71 autem
1573 1976 114 71 hoc
1638 1976 114 71 sit
1703 1976 162 71 alicui
1817 1976 227 71 difficile,
1996 1976 114 71 hoc
2061 1976 114 71 est
2126 1976 130 71 quia

436 2031 168 66 nescit
554 2031 135 66 illa
638 2031 253 66 discernere,
840 2031 118 66 aut
908 2031 118 66 non
975 2031 219 66 aduertit,
1143 2031 118 66 aut
1211 2031 253 66 dissimulat.
1413 2031 101 66 AD
1463 2031 185 66 quartam
1598 2031 303 66 difficultatem:
1851 2031 135 66 quod
1935 2031 101 66 si
1985 2031 152 66 anima
2086 2031 118 66 per
2137 2031 84 66 su-

437 2092 103 62 am
488 2092 257 62 substantiam
694 2092 154 62 esset
796 2092 154 62 forma
899 2092 86 62 &
933 2092 154 62 actus
1036 2092 205 62 corporis
1190 2092 137 62 siue
1276 2092 223 62 materiae,
1447 2092 205 62 operatio
1601 2092 274 62 intelligendi
1823 2092 137 62 quae
1909 2092 120 62 sit
1977 2092 120 62 per
2046 2092 171 62 ipsam,
2149 2092 68 62 de

435 2141 121 60 bet
504 2141 121 60 per
573 2141 104 60 se
625 2141 207 60 attribui
780 2141 242 60 composito:
970 2141 86 60 &
1004 2141 121 60 sic
1074 2141 155 60 actus
1177 2141 276 60 intelligendi
1402 2141 104 60 in
1453 2141 173 60 homine
1574 2141 121 60 non
1643 2141 155 60 esset
1747 2141 242 60 abstractus
1937 2141 86 60 a
1971 2141 190 60 corpore
2109 2141 86 60 &
2127 2141 86 60 ma-

432 2193 157 64 teria:
542 2193 141 64 sicut
636 2193 141 64 neque
730 2193 141 64 actus
824 2193 220 64 sentiendi:
997 2193 125 64 quod
1075 2193 110 64 est
1138 2193 251 64 impossibile:
1342 2193 125 64 quia
1420 2193 157 64 formae
1530 2193 188 64 receptae
1671 2193 94 64 in
1718 2193 172 64 corpore
1844 2193 78 64 &
1875 2193 172 64 materia
2000 2193 110 64 non
2063 2193 125 64 sunt
2142 2193 110 64 vni

437 2251 221 64 uersales,
607 2251 119 64 sed
675 2251 272 64 particulares
895 2251 187 64 tantum:
1031 2251 153 64 sicut
1133 2251 136 64 sunt
1218 2251 153 64 ipsum
1320 2251 170 64 corpus
1439 2251 85 64 &
1473 2251 204 64 materia:
1626 2251 136 64 quae
1711 2251 136 64 enim
1795 2251 255 64 recipiuntur
1999 2251 102 64 in
2050 2251 187 64 corpore
2169 2251 51 64 &

439 2302 198 60 materia,
588 2302 281 60 indiuiduantur
820 2302 116 60 per
886 2302 149 60 ipsa:
985 2302 198 60 Dicendum
1133 2302 132 60 quod
1216 2302 132 60 haec
1299 2302 116 60 est
1365 2302 215 60 sententia
1530 2302 231 60 aliquorum:
1712 2302 132 60 quod
1794 2302 198 60 operatio
1943 2302 264 60 intelligendi
2141 2302 83 60 non

437 2352 122 67 est
506 2352 140 67 nisi
594 2352 122 67 per
664 2352 192 67 species
804 2352 262 67 vniuersales
1014 2352 245 67 abstractas
1206 2352 105 67 ab
1258 2352 192 67 omnibus
1398 2352 297 67 conditionibus
1643 2352 315 67 indiuidualibus
1905 2352 175 67 quibus
2010 2352 210 67 informatur

430 2407 262 62 intellectus,
642 2407 82 62 &
675 2407 115 62 fit
741 2407 98 62 in
790 2407 131 62 actu
872 2407 213 62 inquantum
1035 2407 115 62 est
1101 2407 262 62 intelligens.
1314 2407 246 62 intellectus
1510 2407 131 62 enim
1592 2407 115 62 non
1657 2407 246 62 intelligit,
1854 2407 147 62 neque
1952 2407 115 62 est
2018 2407 98 62 in
2067 2407 131 62 actu
2149 2407 98 62 in

433 2468 180 58 quantum
564 2468 115 58 est
629 2468 262 58 intellectus,
843 2468 131 58 nisi
925 2468 230 58 informatus
1105 2468 213 58 speciebus
1269 2468 328 58 intelligibilium,
1548 2468 98 58 vt
1597 2468 180 58 habitum
1728 2468 115 58 est
1794 2468 164 58 supra.
1908 2468 180 58 Species
2040 2468 148 58 autem
2122 2468 98 58 vels

430 2517 233 64 abstractae
613 2517 83 64 a
647 2517 283 64 conditionibus
880 2517 316 64 indiuidualibus,
1146 2517 117 64 non
1213 2517 183 64 possunt
1346 2517 133 64 esse
1429 2517 100 64 in
1479 2517 166 64 aliquo
1595 2517 216 64 materiali
1762 2517 117 64 vel
1829 2517 233 64 corporali:
2012 2517 100 64 vt
2062 2517 100 64 in
2095 2517 133 64 subie-

431 2569 138 62 cto,.
523 2569 184 62 quicquid
661 2569 123 62 enim
737 2569 199 62 recipitur
891 2569 92 62 in
937 2569 169 62 materia
1059 2569 107 62 vel
1121 2569 92 62 in
1167 2569 184 62 corpore:
1305 2569 107 62 per
1366 2569 199 62 materiam,
1520 2569 77 62 &
1550 2569 107 62 per
1612 2569 153 62 corpus
1719 2569 261 62 indiuiduatur:
1934 2569 77 62 &
1964 2569 107 62 per
2026 2569 107 62 hoc
2087 2569 107 62 non
2148 2569 107 62 ha-

427 2626 112 69 bet
491 2626 193 69 rationem
636 2626 305 69 intellectualem,
893 2626 193 69 secundum
1037 2626 128 69 quod
1117 2626 144 69 dicit
1214 2626 193 69 Auicenna
1358 2626 96 69 in
1406 2626 161 69 octauo
1519 2626 273 69 Metaphysicae.
1743 2626 144 69 Causa
1840 2626 96 69 de
1888 2626 112 69 hoc
1952 2626 128 69 quod
2032 2626 112 69 res
2097 2626 112 69 non
2161 2626 96 69 in

438 2675 216 62 telligitur
607 2675 170 62 materia
731 2675 123 62 est:
808 2675 77 62 &
838 2675 247 62 appendentiae
1039 2675 123 62 eius
1116 2675 108 62 non
1178 2675 123 62 esse
1255 2675 123 62 rei.
1332 2675 170 62 Idcirco
1455 2675 154 62 inquam
1563 2675 154 62 dicunt
1671 2675 170 62 aliqui:
1794 2675 123 62 quod
1871 2675 93 62 in
1918 2675 216 62 operatione
2072 2675 154 62 intelli-

434 2731 137 69 gendi
525 2731 107 69 non
586 2731 107 69 est
647 2731 198 69 possibile
800 2731 229 69 communicare
983 2731 168 69 aliquid
1105 2731 198 69 corporale
1258 2731 107 69 vel
1319 2731 214 69 materiale:
1487 2731 107 69 sed
1548 2731 168 69 oportet
1670 2731 122 69 quod
1746 2731 122 69 ipsa
1822 2731 137 69 anima
1914 2731 244 69 intellectiua
2112 2731 107 69 per
2158 2731 61 69 se

429 2793 127 55 agat
508 2793 127 55 siue
587 2793 174 55 eliciat
714 2793 190 55 actionem
856 2793 269 55 intelligendi:
1078 2793 95 55 vt
1125 2793 127 55 pote
1204 2793 190 55 propriam
1347 2793 237 55 operationem
1537 2793 127 55 quae
1616 2793 127 55 sibi
1695 2793 190 55 conuenit
1837 2793 158 55 absque
1948 2793 142 55 omnis
2027 2793 190 55 materialis

429 2836 124 68 aut
500 2836 249 68 corporalis
696 2836 267 68 communione:
909 2836 89 68 &
945 2836 142 68 quod
1033 2836 213 68 secundum
1193 2836 124 68 hoc
1264 2836 107 68 in
1318 2836 249 68 operatione
1513 2836 284 68 intelligendi
1744 2836 249 68 conueniunt
1940 2836 178 68 animae
2064 2836 195 68 humanae

435 2890 67 57 &
461 2890 202 57 substantiae
623 2890 175 57 separatae
758 2890 148 57 omnino:
865 2890 108 57 qua.
933 2890 162 57 scilicet
1054 2890 121 57 ambae
1135 2890 242 57 immaterialiter
1337 2890 67 57 &
1363 2890 242 57 incorporaliter
1565 2890 202 57 cognoscunt.
1727 2890 81 57 In
1767 2890 94 57 hoc
1821 2890 121 57 autem
1902 2890 188 57 differunt:
2050 2890 108 57 quod
2117 2890 135 57 animae

427 2942 165 67 humanae
547 2942 105 67 non
607 2942 150 67 habent
713 2942 226 67 cognitionem
893 2942 286 67 intellectualem:
1134 2942 120 67 nisi
1209 2942 135 67 rerum
1299 2942 226 67 materialium
1480 2942 105 67 per
1540 2942 165 67 species
1660 2942 211 67 abstractas
1826 2942 75 67 a
1856 2942 211 67 cognitione
2021 2942 196 67 sensitiua
2157 2942 60 67 ma

430 2995 166 62 teriali
551 2995 226 62 materialium
731 2995 151 62 rerum:
837 2995 226 62 substantiae
1018 2995 121 62 vero
1093 2995 196 62 separatae
1244 2995 151 62 habent
1350 2995 226 62 cognitionem
1530 2995 136 62 rerum
1621 2995 256 62 immaterialium
1832 2995 75 62 &
1862 2995 226 62 materialium
2043 2995 106 62 per
2088 2995 136 62 species

432 3051 205 56 naturaliter
596 3051 68 56 a
624 3051 123 56 primo
706 3051 191 56 impressas.
856 3051 82 56 Et
897 3051 96 56 sic
952 3051 137 56 dicunt
1047 3051 109 56 quod
1116 3051 137 56 animae
1211 3051 150 56 humanae
1321 3051 164 56 quamquam
1444 3051 164 56 secundum
1567 3051 205 56 substantiam
1731 3051 109 56 suam
1799 3051 109 56 sunt
1868 3051 137 56 forma,
1963 3051 68 56 &
1991 3051 123 56 actus
2073 3051 164 56 corporis
2182 3051 41 56 &

427 3103 223 56 materiae:
598 3103 154 56 tamen
701 3103 188 56 quantum
838 3103 103 56 ad
890 3103 257 56 operationem
1095 3103 274 56 intelligendi
1318 3103 137 56 esse
1404 3103 154 56 earum
1506 3103 120 56 est
1575 3103 154 56 vltra
1678 3103 137 56 esse
1763 3103 240 56 materiale,
1952 3103 86 56 &
1986 3103 223 56 corporale
2140 3103 86 56 ele

428 3154 174 87 uatum,
550 3154 122 87 non
619 3154 226 87 dependens
793 3154 174 87 aliquo
915 3154 139 87 modo
1002 3154 87 87 a
1037 3154 192 87 corpore
1177 3154 87 87 &
1212 3154 209 87 materia,
1368 3154 139 87 nisi
1455 3154 226 87 inquantum
1630 3154 174 87 haurit
1752 3154 314 87 intellectualem
1996 3154 226 87 cognitionem
