2426 3755
475 291 198 108 probari.
624 291 116 108 His
690 291 132 108 ergo
773 291 99 108 ad
822 291 198 108 praesens
971 291 198 108 omissis,
1120 291 215 108 dicendum:
1285 291 198 108 secundum
1434 291 132 108 quod
1516 291 149 108 dicit
1615 291 248 108 Damascenus:
1813 291 132 108 quod
1896 291 99 108 si
1946 291 132 108 homo
2028 291 182 108 nullius
2144 291 132 108 actio-

467 387 109 67 nis
530 387 125 67 suae
608 387 141 67 esset
702 387 219 67 principium
874 387 188 67 liberum:
1014 387 203 67 superflue
1171 387 172 67 haberet
1296 387 234 67 consiliari.
1483 387 94 67 Ad
1530 387 125 67 quid
1608 387 125 67 enim
1687 387 156 67 vtitur
1796 387 203 67 consilio,
1952 387 172 67 nullius
2077 387 109 67 ens
2124 387 141 67 dominus

471 439 160 72 actus:
583 439 96 72 q.
631 439 96 72 d.
679 439 192 72 frustra.
823 439 128 72 Quia
903 439 128 72 ergo
983 439 112 72 non
1047 439 112 72 est
1111 439 176 72 frustra
1239 439 144 72 neque
1335 439 144 72 vanum
1432 439 224 72 consiliari
1608 439 144 72 atque
1704 439 224 72 negotiari:
1880 439 96 72 vt
1928 439 128 72 vult
2008 439 240 72 philosophus
2200 439 96 72 in

475 490 147 69 libro
573 490 130 69 Peri
654 490 228 69 hermenias:
833 490 130 69 homo
915 490 179 69 dominus
1045 490 114 69 est
1111 490 212 69 aliquorum
1274 490 163 69 actuum
1388 490 179 69 suorum:
1518 490 82 69 &
1551 490 114 69 hoc
1616 490 114 69 est
1681 490 130 69 esse
1763 490 163 69 liberi
1877 490 212 69 arbitrii.
2040 490 196 69 Absolute
2170 490 82 69 er-

466 549 98 86 go
515 549 196 86 dicendum
661 549 131 86 quod
743 549 131 86 homo
825 549 163 86 liberi
939 549 196 86 arbitrii
1086 549 131 86 est:
1167 549 114 86 sed
1232 549 196 86 quomodo,
1379 549 277 86 considerandum
1608 549 131 86 est.
1689 549 114 86 Est
1754 549 163 86 igitur
1869 549 196 86 sciendum
2015 549 131 86 quod
2097 549 179 86 liberum
2227 549 98 86 ar
2260 549 49 86 G

470 608 187 62 bitrium
606 608 204 62 quicquid
759 608 170 62 debeat
878 608 153 62 dici,
980 608 119 62 aut
1048 608 204 62 habitus,
1201 608 119 62 aut
1269 608 221 62 potentia,
1439 608 136 62 siue
1524 608 221 62 pertinens
1694 608 102 62 ad
1745 608 255 62 voluntatem,
1949 608 136 62 siue
2034 608 102 62 ad
2068 608 187 62 rationem:

471 669 97 68 de
519 669 113 68 quo
584 669 145 68 nihil
680 669 97 68 ad
728 669 209 68 praesens:
889 669 113 68 hoc
954 669 145 68 tamen
1050 669 97 68 de
1098 669 129 68 ipso
1179 669 161 68 certum
1292 669 129 68 est,
1372 669 129 68 quod
1452 669 113 68 est
1517 669 145 68 quasi
1613 669 225 68 dispositio
1790 669 145 68 media
1887 669 145 68 inter
1983 669 225 68 voluntatem
2160 669 80 68 &
2177 669 80 68 ob-

467 712 170 81 iectum
586 712 204 81 volitum,
740 712 222 81 explicans
910 712 153 81 modum
1012 712 222 81 eliciendi
1183 712 153 81 actum
1285 712 187 81 volendi
1421 712 102 81 ex
1472 712 239 81 voluntate:
1660 712 102 81 vt
1711 712 170 81 tendit
1830 712 102 81 in
1881 712 204 81 obiectum
2035 712 204 81 volitum.
2171 712 85 81 Po-

468 782 136 69 test
553 782 136 69 ergo
638 782 187 69 liberum
774 782 221 69 arbitrium
944 782 102 69 in
995 782 187 69 duplici
1131 782 204 69 respectu
1284 782 272 69 considerari.
1506 782 119 69 Vno
1574 782 221 69 videlicet
1744 782 221 69 inquantum
1914 782 204 69 respicit
2050 782 204 69 voluntatem

462 838 100 68 vt
512 838 232 68 elicientem
695 838 149 68 actum
794 838 199 68 volendi.
943 838 133 68 Alio
1026 838 216 68 inquantum
1192 838 199 68 respicit
1342 838 199 68 obiectum
1491 838 100 68 vt
1541 838 199 68 terminum
1690 838 149 68 eius.
1790 838 100 68 Et
1839 838 199 68 secundum
1989 838 199 68 vtrumque
2121 838 133 68 respe-

465 892 133 70 ctum
549 892 217 70 iudicanda
715 892 117 70 est
782 892 133 70 ipsa
865 892 200 70 arbitrii
1015 892 217 70 libertas:
1181 892 117 70 sed
1248 892 266 70 essentialius
1465 892 200 70 secundum
1614 892 183 70 primum.
1748 892 133 70 Quia
1831 892 117 70 est
1898 892 233 70 dispositio
2064 892 200 70 voluntatis

475 942 98 59 vt
524 942 213 59 subiecti:
688 942 148 59 licet
786 942 98 59 in
835 942 197 59 respectu
983 942 98 59 ad
1032 942 197 59 obiectum
1179 942 213 59 inquantum
1343 942 164 59 tendit
1458 942 98 59 in
1507 942 148 59 ipsum
1605 942 115 59 per
1671 942 131 59 suam
1753 942 213 59 actionem:
1917 942 131 59 quid
1999 942 115 59 non
2064 942 180 59 oportet
2195 942 98 59 ad

472 1000 191 73 praesens
615 1000 207 73 exponere.
774 1000 95 73 Si
822 1000 127 73 ergo
901 1000 254 73 consideretur
1108 1000 175 73 liberum
1235 1000 207 73 arbitrium
1394 1000 95 73 in
1442 1000 143 73 primo
1537 1000 207 73 respectu:
1696 1000 111 73 sic
1759 1000 127 73 dico
1839 1000 127 73 quod
1918 1000 191 73 voluntas
2061 1000 175 73 dicitur
2173 1000 79 73 li-

470 1054 156 54 berum
574 1054 242 54 arbitrium:
764 1054 138 54 quia
850 1054 208 54 absoluta
1006 1054 121 54 est
1075 1054 104 54 ab
1127 1054 138 54 omni
1214 1054 225 54 coactione
1387 1054 156 54 ipsam
1490 1054 242 54 impediente
1681 1054 87 54 &
1715 1054 277 54 contristante
1940 1054 104 54 in
1992 1054 121 54 sua
2061 1054 208 54 actione.
2200 1054 69 54 Vo

470 1107 149 75 luntas
574 1107 119 75 enim
649 1107 134 75 omnis
738 1107 89 75 vt
783 1107 149 75 libere
887 1107 149 75 tendit
991 1107 89 75 in
1036 1107 119 75 suam
1110 1107 193 75 actionem,
1259 1107 238 75 delectabilis
1452 1107 119 75 est.
1527 1107 208 75 necessitas
1690 1107 208 75 coactionis
1854 1107 238 75 contristans:
2048 1107 119 75 quia
2122 1107 104 75 est
2167 1107 89 75 com-

465 1172 117 51 tra
532 1172 250 51 voluntatem:
732 1172 83 51 &
766 1172 133 51 omne
849 1172 133 51 quod
932 1172 167 51 cogit,
1049 1172 234 51 necessario
1233 1172 117 51 est
1299 1172 300 51 contristabile.
1549 1172 100 51 vt
1600 1172 150 51 dicit
1700 1172 250 51 commentator
1900 1172 133 51 supe
1983 1172 167 51 quinto
2083 1172 167 51 Metaphy-

466 1220 161 68 sicae.
579 1220 97 68 Et
627 1220 113 68 hoc
692 1220 129 68 modo
772 1220 129 68 homo
853 1220 81 68 &
885 1220 145 68 omnis
982 1220 226 68 rationalis
1160 1220 81 68 &
1192 1220 290 68 intellectualis
1434 1220 161 68 natura
1547 1220 161 68 liberi
1660 1220 194 68 arbitrii
1805 1220 129 68 siue
1886 1220 178 68 liberae
2015 1220 226 68 voluntatis
2176 1220 81 68 est

471 1281 137 68 quia
557 1281 206 68 voluntas
711 1281 240 68 rationalis
899 1281 137 68 cogi
985 1281 120 68 non
1053 1281 188 68 potest:
1190 1281 223 68 coactione
1361 1281 137 68 dico
1447 1281 257 68 impellente.
1653 1281 154 68 iuxta
1755 1281 154 68 illud
1858 1281 137 68 quod
1944 1281 154 68 dicit
2046 1281 206 68 Anselmus
2183 1281 69 68 de

470 1328 198 80 concord.
618 1328 165 80 praed.
733 1328 115 80 &c.
799 1328 231 80 Voluntatis
980 1328 214 80 arbitrium
1145 1328 99 80 vt
1194 1328 263 80 rectitudinem
1408 1328 198 80 deserat,
1556 1328 148 80 nulla
1655 1328 181 80 cogitur
1787 1328 263 80 necessitate,
2001 1328 181 80 quamuis
2116 1328 132 80 mortis

474 1385 226 74 impugnetur
652 1385 275 74 difficultate.
878 1385 242 74 Philosophus
1072 1385 97 74 in
1120 1385 162 74 quinto
1233 1385 275 74 Metaphysicae.
1459 1385 226 74 Aestimatur
1637 1385 129 74 quod
1718 1385 242 74 necessitas.
1912 1385 97 74 i.
1960 1385 178 74 coactio
2089 1385 113 74 non
2138 1385 113 74 facit

471 1441 214 79 opinantem
635 1441 181 79 reuerti
767 1441 82 79 &
800 1441 165 79 mutari
916 1441 82 79 a
949 1441 115 79 sua
1015 1441 280 79 dispositione:
1245 1441 99 79 in
1295 1441 99 79 id
1344 1441 132 79 quid
1427 1441 115 79 est
1493 1441 231 79 contrarium
1674 1441 148 79 motui
1773 1441 115 79 qui
1839 1441 115 79 sit
1905 1441 115 79 per
1971 1441 231 79 voluntatem
2152 1441 82 79 &
2169 1441 82 79 co-

475 1498 232 77 gitationem.
660 1498 201 77 Coactione
814 1498 124 77 dico
892 1498 216 77 impellente
1062 1498 77 77 &
1092 1498 154 77 omnino
1201 1498 170 77 ligante
1324 1498 93 77 ne
1371 1498 170 77 poterit
1494 1498 139 77 velle
1587 1498 170 77 propter
1710 1498 170 77 ligamen
1834 1498 232 77 violentiae,
2019 1498 124 77 quod
2097 1498 139 77 velle
2174 1498 77 77 pos

478 1558 116 70 set
545 1558 99 70 de
594 1558 116 70 se.
661 1558 215 70 Coactione
827 1558 149 70 autem
926 1558 215 70 inducente
1092 1558 99 70 ad
1141 1558 182 70 aliquid
1274 1558 182 70 agendum
1407 1558 133 70 quod
1490 1558 149 70 alias
1589 1558 116 70 non
1655 1558 182 70 ageret:
1788 1558 99 70 vt
1838 1558 215 70 proiicere
2003 1558 166 70 merces
2119 1558 99 70 in
2153 1558 99 70 mari

469 1612 130 59 metu
550 1612 179 59 mortis:
680 1612 98 59 vt
729 1612 114 59 per
794 1612 114 59 hoc
859 1612 130 59 quis
940 1612 179 59 euadat:
1071 1612 114 59 vel
1136 1612 228 59 retrahente
1315 1612 98 59 ne
1363 1612 130 59 agat
1445 1612 130 59 quod
1526 1612 146 59 alias
1624 1612 163 59 vellet
1737 1612 163 59 agere:
1851 1612 98 59 vt
1900 1612 146 59 timor
1998 1612 228 59 suspendii,
2177 1612 114 59 qui

476 1667 150 84 tenet
576 1667 200 84 latronem
727 1667 100 84 ne
777 1667 200 84 furetur:
927 1667 200 84 voluntas
1077 1667 133 84 bene
1160 1667 167 84 potest
1277 1667 150 84 cogi.
1377 1667 83 84 &
1410 1667 117 84 hoc
1477 1667 83 84 a
1510 1667 267 84 prosecutione
1727 1667 150 84 actus
1827 1667 234 84 exterioris
2011 1667 167 84 solum.
2128 1667 117 84 Quo
2194 1667 100 84 ad

472 1722 129 58 hunc
553 1722 129 58 enim
633 1722 145 58 actum
730 1722 113 58 non
795 1722 145 58 solum
892 1722 97 58 in
940 1722 258 58 naturalibus:
1150 1722 113 58 sed
1215 1722 145 58 etiam
1312 1722 97 58 in
1360 1722 339 58 supernaturalibus:
1651 1722 113 58 non
1716 1722 113 58 est
1780 1722 178 58 hominis
1910 1722 113 58 via
1974 1722 129 58 eius
2055 1722 97 58 vt
2087 1722 162 58 ambulet.

470 1775 222 69 Hieremiae
641 1775 188 69 decimo.
778 1775 103 69 Et
829 1775 137 69 haec
915 1775 120 69 est
983 1775 188 69 coactio
1120 1775 137 69 quae
1205 1775 188 69 impedit
1342 1775 257 69 voluntatem:
1548 1775 86 69 &
1582 1775 154 69 facit
1684 1775 291 69 inuoluntarium
1924 1775 171 69 aliquo
2044 1775 154 69 modo,
2146 1775 137 69 quod

473 1834 150 68 tamen
573 1834 250 68 simpliciter
773 1834 116 68 est
839 1834 266 68 voluntarium.
1056 1834 133 68 Quia
1139 1834 166 68 coacta
1256 1834 200 68 voluntas
1405 1834 250 68 simpliciter
1605 1834 200 68 voluntas
1755 1834 133 68 est:
1838 1834 83 68 &
1871 1834 183 68 coactio
2004 1834 200 68 secundum
2154 1834 133 68 quid

480 1885 136 68 Tali
565 1885 222 68 voluntate
736 1885 171 68 liberi
855 1885 205 68 arbitrii
1009 1885 188 68 vtentur
1145 1885 171 68 beati:
1265 1885 119 68 qui
1333 1885 119 68 cum
1401 1885 222 68 desiderio
1572 1885 85 68 &
1606 1885 154 68 amore
1708 1885 171 68 volent
1828 1885 205 68 quicquid
1981 1885 188 68 volent,
2118 1885 119 68 non
2169 1885 85 68 ali

474 1944 115 70 qua
539 1944 230 70 coactione:
720 1944 131 70 quia
802 1944 131 70 illa
884 1944 230 70 necessario
1065 1944 148 70 esset
1163 1944 263 70 contristans.
1377 1944 148 70 neque
1475 1944 131 70 enim
1558 1944 164 70 aliquo
1673 1944 181 70 impulsu
1804 1944 197 70 naturali
1952 1944 115 70 vel
2001 1944 230 70 supnaturali,

478 2000 122 56 sed
547 2000 139 56 sola
634 2000 244 56 allectione
826 2000 139 56 boni
913 2000 209 56 voluntas
1070 2000 192 56 feretur
1210 2000 105 56 in
1262 2000 105 56 id
1314 2000 244 56 quodcunque
1506 2000 174 56 volet.
1628 2000 105 56 Si
1681 2000 157 56 autem
1785 2000 279 56 consideretur
2012 2000 192 56 liberum
2134 2000 122 56 arbi-

482 2052 151 74 trium
583 2052 100 74 in
633 2052 184 74 secundo
767 2052 217 74 respectu:
934 2052 117 74 sic
1001 2052 134 74 dico
1084 2052 134 74 quod
1168 2052 201 74 voluntas
1318 2052 184 74 dicitur
1452 2052 184 74 libera:
1586 2052 134 74 quia
1670 2052 251 74 indifferens
1870 2052 100 74 ad
1921 2052 184 74 diuersa
2054 2052 84 74 &
2071 2052 184 74 contraria

471 2109 142 55 sine
560 2109 142 55 omni
649 2109 321 55 determinatione
916 2109 285 55 restringente
1148 2109 160 55 ipsam
1255 2109 107 55 ad
1308 2109 196 55 alterum
1451 2109 178 55 eorum.
1575 2109 107 55 Et
1629 2109 160 55 largo
1736 2109 142 55 modo
1825 2109 214 55 loquendo
1985 2109 107 55 de
2038 2109 142 55 actu
2110 2109 142 55 volum-

484 2161 148 68 tatis
582 2161 246 68 interioris,
779 2161 213 68 solummodo
943 2161 115 68 sic
1008 2161 164 68 libera
1123 2161 115 68 est
1188 2161 82 68 &
1221 2161 148 68 circa
1320 2161 98 68 ea
1369 2161 131 68 quae
1451 2161 98 68 in
1500 2161 148 68 nobis
1598 2161 131 68 sunt
1680 2161 82 68 &
1713 2161 115 68 non
1779 2161 98 68 in
1828 2161 164 68 nobis.
1943 2161 197 68 Secundum
2090 2161 131 68 enim
2156 2161 98 68 quod

483 2219 149 58 dicit
583 2219 249 58 Damascenus,
782 2219 199 58 vulisis.
931 2219 99 58 i.
981 2219 199 58 voluntas
1130 2219 116 58 est
1196 2219 215 58 appetitus
1362 2219 83 58 &
1395 2219 232 58 desiderium
1577 2219 232 58 cuiuslibet
1760 2219 116 58 rei
1826 2219 99 58 in
1876 2219 116 58 his
1942 2219 133 58 quae
2025 2219 133 58 sunt
2108 2219 99 58 in
2141 2219 116 58 nobis

485 2271 86 72 &
519 2271 103 72 in
571 2271 120 72 his
639 2271 137 72 quae
725 2271 120 72 non
794 2271 137 72 sunt
880 2271 103 72 in
931 2271 172 72 nobis.
1052 2271 86 72 &
1086 2271 120 72 hoc
1155 2271 120 72 est
1223 2271 103 72 in
1275 2271 206 72 pluribus
1430 2271 86 72 &
1464 2271 103 72 in
1515 2271 275 72 simplicibus.
1739 2271 189 72 Volumus
1876 2271 137 72 enim
1962 2271 223 72 fornicari
2134 2271 120 72 vel
2185 2271 69 72 so

480 2321 124 73 brii
558 2321 140 73 esse,
651 2321 109 73 vel
713 2321 186 73 dormire,
853 2321 109 73 vel
915 2321 171 73 aliquid
1040 2321 171 73 talium:
1164 2321 124 73 quam
1241 2321 93 73 in
1288 2321 140 73 nobis
1381 2321 171 73 pariter
1506 2321 217 73 contingunt
1676 2321 186 73 partita:
1816 2321 155 73 moueri
1925 2321 78 73 &
1956 2321 109 73 non
2018 2321 171 73 moueri:
2127 2321 124 73 appete

487 2377 99 54 re
536 2377 82 54 &
569 2377 115 54 non
635 2377 197 54 appetere
782 2377 247 54 necessaria:
980 2377 181 54 mentiri
1111 2377 82 54 &
1144 2377 115 54 non
1210 2377 197 54 mentiri:
1358 2377 132 54 dare
1440 2377 82 54 &
1473 2377 115 54 non
1539 2377 148 54 dare:
1637 2377 82 54 &
1670 2377 230 54 quaecumque
1851 2377 181 54 talium.
1983 2377 132 54 Haec
2065 2377 132 54 enim
2130 2377 132 54 scimus

481 2436 183 71 liberum
614 2436 216 71 arbitrium
780 2436 183 71 facere.
913 2436 183 71 Volumus
1046 2436 149 71 autem
1146 2436 83 71 &
1179 2436 149 71 reges
1278 2436 149 71 esse:
1378 2436 133 71 quod
1461 2436 116 71 non
1527 2436 116 71 est
1594 2436 149 71 eorum
1693 2436 133 71 quae
1776 2436 133 71 sunt
1860 2436 100 71 in
1909 2436 166 71 nobis.
2026 2436 183 71 Volumus
2142 2436 116 71 autem

482 2490 221 61 fortassis
652 2490 85 61 &
686 2490 187 61 nunquam
823 2490 153 61 mori:
925 2490 119 61 hoc
993 2490 153 61 autem
1095 2490 289 61 impossibilium
1333 2490 153 61 nobis
1436 2490 136 61 est.
1521 2490 119 61 Hoc
1589 2490 153 61 etiam
1691 2490 136 61 modo
1776 2490 153 61 omnis
1878 2490 204 61 creatura
2032 2490 238 61 rationalis
2202 2490 51 61 &

482 2549 288 54 intellectualis
722 2549 160 54 liberi
834 2549 192 54 arbitrii
978 2549 128 54 est.
1058 2549 192 54 secundum
1202 2549 128 54 quod
1282 2549 144 54 dicit
1378 2549 224 54 Damascenus
1553 2549 176 54 capulo.
1681 2549 144 54 xxix.
1777 2549 96 54 In
1825 2549 160 54 quibus
1937 2549 112 54 est
2001 2549 224 54 rationale,
2161 2549 96 54 con-

480 2601 184 70 festim
608 2601 257 70 commutatur
810 2601 202 70 liberum
957 2601 257 70 arbitrium.
1159 2601 147 70 Omne
1251 2601 147 70 enim
1342 2601 257 70 generabile
1544 2601 257 70 vertibile.
1746 2601 239 70 Inanimata
1930 2601 184 70 quidem
2058 2601 239 70 irrationa

482 2653 122 67 lia
551 2653 227 67 vertuntur
726 2653 210 67 secundum
883 2653 227 67 corporeas
1058 2653 297 67 alterationes:
1302 2653 245 67 rationalia
1495 2653 140 67 vero
1582 2653 210 67 secundum
1739 2653 262 67 electionem.
1949 2653 192 67 Oportet
2088 2653 157 67 autem
2176 2653 87 67 sci

482 2705 96 59 re
530 2705 96 59 vt
578 2705 145 59 dicit
675 2705 193 59 Damasce.
819 2705 177 59 quoniam
948 2705 161 59 angeli
1061 2705 225 59 rationales
1237 2705 225 59 existentes
1414 2705 161 59 liberi
1527 2705 193 59 arbitrii
1671 2705 193 59 existunt
1816 2705 96 59 vt
1864 2705 209 59 creabiles
2025 2705 80 59 &
2041 2705 209 59 vertibiles.

483 2763 148 52 Quoid
581 2763 197 52 ostendit
729 2763 165 52 quidem
845 2763 132 52 quod
927 2763 197 52 diabolus
1075 2763 148 52 bonus
1174 2763 82 52 a
1207 2763 230 52 conditione
1388 2763 165 52 factus
1503 2763 214 52 libertate
1668 2763 197 52 arbitrii
1816 2763 197 52 malitiae
1964 2763 197 52 inuentor
2095 2763 165 52 effectus

482 2812 137 72 est.
568 2812 188 72 Quomodo
705 2812 154 72 autem
807 2812 154 72 posse
910 2812 120 72 non
979 2812 206 72 pertinet
1133 2812 103 72 ad
1184 2812 188 72 naturam
1321 2812 240 72 libertatis
1509 2812 223 72 arbitrii:
1681 2812 86 72 &
1715 2812 188 72 quomodo
1852 2812 120 72 non
1920 2812 120 72 est
1989 2812 171 72 liberi
2092 2812 171 72 arbitrii

484 2870 106 58 ex
537 2870 160 58 puris
644 2870 266 58 naturalibus
857 2870 160 58 posse
963 2870 106 58 in
1017 2870 160 58 bonum
1123 2870 266 58 meritorium:
1336 2870 89 58 &
1372 2870 195 58 quomodo
1514 2870 213 58 peccatum
1673 2870 231 58 corrumpit
1851 2870 213 58 naturale
2011 2870 195 58 liberum
2135 2870 124 58 arbi-

486 2928 160 72 trium:
598 2928 112 72 hoc
662 2928 208 72 declarare
822 2928 112 72 non
886 2928 208 72 pertinens
1047 2928 112 72 est
1111 2928 96 72 ad
1159 2928 240 72 propositum.
1351 2928 96 72 AD
1399 2928 224 72 argumentum
1575 2928 96 72 in
1623 2928 240 72 contrarium,
1816 2928 128 72 quod
1896 2928 128 72 homo
1976 2928 112 72 non
2040 2928 160 72 potest
2136 2928 112 72 velle

485 2975 130 68 nisi
566 2975 162 68 bonum:
679 2975 195 68 Dicendum
825 2975 97 68 ad
874 2975 130 68 hoc,
955 2975 130 68 quod
1036 2975 195 68 secundum
1182 2975 243 68 philosophum
1377 2975 97 68 in
1426 2975 178 68 septimo
1555 2975 227 68 Ethicorum,
1734 2975 130 68 quid
1815 2975 146 68 cuius
1912 2975 162 68 gratia
2026 2975 97 68 in
2058 2975 195 68 actionibus

487 3032 239 61 principium
675 3032 137 61 est:
760 3032 256 61 quemadmodum
965 3032 102 61 in
1016 3032 273 61 Mathematicis
1238 3032 222 61 suppones.
1409 3032 85 61 &
1443 3032 102 61 vt
1495 3032 154 61 dicit
1597 3032 102 61 in
1648 3032 137 61 fine
1734 3032 188 61 secundi
1870 3032 256 61 physicorum:
2058 3032 205 61 necessitas

492 3085 120 72 est
561 3085 103 72 in
612 3085 241 72 doctrinis:
802 3085 86 72 &
836 3085 103 72 in
888 3085 120 72 his
956 3085 138 72 quae
1042 3085 206 72 secundum
1197 3085 189 72 naturam
1335 3085 155 72 fiunt
1438 3085 241 72 quodammodo
1627 3085 241 72 similiter.
1817 3085 155 72 Sicut
1920 3085 138 72 ergo
2006 3085 103 72 in
2058 3085 224 72 doctrinis
2212 3085 52 72 &

485 3133 103 81 in
536 3133 155 81 rebus
640 3133 275 81 Mathematicis
863 3133 224 81 suppones:
1035 3133 86 81 &
1070 3133 172 81 primae
1190 3133 206 81 propones
1345 3133 120 81 per
1414 3133 103 81 se
1466 3133 155 81 notae
1569 3133 138 81 sese
1655 3133 172 81 habent
1775 3133 103 81 ad
1827 3133 258 81 intellectum
2033 3133 86 81 &
2068 3133 103 81 ad
2102 3133 155 81 conclu-

490 3190 161 79 siones
603 3190 226 79 sequentes,
780 3190 129 79 quod
861 3190 113 79 per
925 3190 97 79 se
974 3190 97 79 de
1022 3190 242 79 necessitate
1216 3190 81 79 &
1248 3190 242 79 naturaliter
1441 3190 97 79 ab
1490 3190 226 79 intellectu
1667 3190 274 79 cognoscuntur:
1893 3190 81 79 &
1925 3190 145 79 illis
2022 3190 194 79 cognitis
2167 3190 81 79 &
2183 3190 81 79 ap-

487 3244 183 87 plicatis
624 3244 107 87 per
685 3244 198 87 immediata
837 3244 91 87 ex
883 3244 107 87 eis
944 3244 213 87 necessario
1111 3244 244 87 cognoscuntur
1309 3244 244 87 conclusiones
1507 3244 122 87 quia
1583 3244 91 87 vt
1629 3244 137 87 dicit
1720 3244 228 87 philosophus
1903 3244 91 87 in
1948 3244 167 87 secundo
2055 3244 213 87 Metaphysicae
