2451 3709
415 297 264 95 necessitate
627 297 159 95 facta
733 297 264 95 improbanda,
944 297 123 95 vbi
1014 297 141 95 vult
1102 297 141 95 homo
1191 297 159 95 recte
1296 297 176 95 facere
1420 297 88 95 &
1455 297 123 95 non
1525 297 194 95 potest.
1666 297 123 95 Cui
1737 297 159 95 etiam
1842 297 229 95 concordat
2001 297 229 95 Philosophus

423 368 127 71 cum
496 368 164 71 dicit
605 368 109 71 in
659 368 182 71 tertio
787 368 255 71 Ethicorum:
987 368 146 71 quod
1078 368 291 71 legislatores
1315 368 200 71 puniunt
1460 368 91 71 &
1497 368 218 71 cruciant
1661 368 237 71 operantes
1843 368 164 71 mala:
1952 368 218 71 quotquot
2116 368 127 71 non
2170 368 73 71 vi

426 427 126 63 aut
498 427 198 63 propter
642 427 270 63 ignorantiam
858 427 162 63 cuius
967 427 126 63 non
1039 427 144 63 ipsi
1129 427 180 63 causa:
1255 427 144 63 bona
1345 427 162 63 autem
1453 427 234 63 operantes
1633 427 234 63 honorant:
1814 427 162 63 velut
1922 427 126 63 hos
1994 427 180 63 quidem
2102 427 126 63 prouo

420 482 184 66 cantes:
554 482 117 66 hos
621 482 150 66 autem
721 482 267 66 prohibentes:
938 482 83 66 &
971 482 234 66 ignorantes
1155 482 184 66 aliquid
1288 482 150 66 eorum
1388 482 134 66 quae
1472 482 100 66 in
1522 482 200 66 legibus,
1672 482 134 66 quae
1756 482 184 66 oportet
1889 482 167 66 scire,
2006 482 83 66 &
2039 482 117 66 non
2089 482 134 66 diffi-

429 530 154 64 cilia
532 530 154 64 sunt,
634 530 206 64 puniunt:
789 530 223 64 similiter
960 530 154 64 autem
1063 530 103 64 in
1114 530 154 64 aliis
1217 530 223 64 quicumque
1388 530 188 64 propter
1525 530 274 64 negligentiam
1748 530 206 64 ignorare
1902 530 223 64 videntur.
2073 530 103 64 DE
2107 530 120 64 ebrio

425 578 148 69 igitur
529 578 118 69 mihi
603 578 163 69 videtur
721 578 266 69 distinguendum.
943 578 104 69 Aut
1002 578 118 69 enim
1076 578 104 69 ita
1135 578 192 69 absorptus
1283 578 104 69 est
1342 578 89 69 vt
1387 578 89 69 in
1431 578 89 69 eo
1476 578 104 69 sit
1535 578 148 69 omnino
1638 578 104 69 sic
1697 578 163 69 liberum
1816 578 192 69 arbitrium
1964 578 163 69 ligatum
2082 578 89 69 ne
2112 578 118 69 possit

426 639 197 67 quicquam
573 639 197 67 eligere:
721 639 82 67 &
754 639 213 67 similiter
918 639 197 67 iudicium
1065 639 197 67 rationis
1213 639 98 67 ne
1262 639 164 67 possit
1377 639 131 67 quid
1459 639 148 67 bonum
1557 639 82 67 &
1590 639 131 67 quid
1672 639 164 67 malum,
1787 639 131 67 quid
1869 639 213 67 eligendum
2033 639 82 67 &
2066 639 131 67 quid
2132 639 98 67 fugi

430 693 167 64 endum
542 693 148 64 vllo
634 693 148 64 modo
727 693 278 64 discernere.
949 693 278 64 Quemadmodum
1171 693 130 64 est
1245 693 111 64 in
1300 693 241 64 dormiente
1486 693 93 64 &
1523 693 222 64 furioso,
1689 693 130 64 aut
1763 693 185 64 potius
1893 693 111 64 in
1948 693 185 64 puero.
2078 693 130 64 Aut
2133 693 93 64 non

426 744 119 63 est
494 744 119 63 ita
562 744 221 63 absorptus
732 744 136 63 quin
817 744 102 63 in
868 744 102 63 eo
918 744 187 63 aliquid
1054 744 221 63 potentiae
1224 744 170 63 liberi
1343 744 204 63 arbitrii
1496 744 170 63 manet,
1615 744 85 63 &
1649 744 170 63 aliqua
1768 744 221 63 scintilla
1937 744 221 63 rationis.
2090 744 136 63 Ebrius

428 809 155 56 primo
531 809 155 56 modo,
634 809 103 56 si
686 809 155 56 tamen
789 809 224 56 possibile
961 809 120 56 est
1030 809 189 56 hominem
1167 809 155 56 tanta
1270 809 224 56 ebrietate
1442 809 241 56 absorberi,
1631 809 103 56 vt
1683 809 206 56 vigilans
1838 809 172 56 aliqua
1958 809 206 56 operetur
2095 809 138 56 libero

429 852 198 60 arbitrio
577 852 83 60 &
610 852 198 60 rationis
759 852 182 60 iudicio
891 852 165 60 omnino
1006 852 198 60 ligatis,
1155 852 99 60 vt
1204 852 165 60 dictum
1320 852 132 60 est,
1402 852 99 60 in
1452 852 132 60 tali
1534 852 149 60 statu
1633 852 198 60 existens
1782 852 165 60 brutum
1897 852 182 60 quoddam
2029 852 83 60 &
2046 852 182 60 irratnina

439 907 121 65 lis
508 907 173 65 bestia
629 907 121 65 vel
699 907 156 65 quasi
803 907 173 65 infans
924 907 139 65 siue
1011 907 139 65 puer
1097 907 243 65 iudicandus
1288 907 139 65 est:
1375 907 87 65 &
1409 907 121 65 non
1479 907 173 65 liberi
1600 907 225 65 arbitrii:
1773 907 121 65 nec
1843 907 191 65 dominus
1981 907 173 65 suorum
2085 907 139 65 actuum

430 962 112 64 vt
486 962 168 64 iuxta
598 962 187 64 dictum
729 962 242 64 Damasceni
915 962 205 64 tanquam
1065 962 187 64 bestia
1195 962 168 64 magis
1307 962 187 64 agatur
1438 962 93 64 a
1475 962 187 64 natura
1605 962 131 64 per
1680 962 149 64 iram
1773 962 93 64 &
1811 962 354 64 concupiscentiam
2090 962 131 64 carna

439 1013 118 72 lem
507 1013 135 72 quam
591 1013 152 72 agat:
692 1013 84 72 &
726 1013 118 72 non
794 1013 169 72 potest
912 1013 169 72 omnino
1030 1013 270 72 contradicere
1250 1013 135 72 tali
1334 1013 236 72 appetitui:
1520 1013 118 72 sed
1587 1013 118 72 cum
1655 1013 203 72 appetit,
1807 1013 236 72 necessario
1993 1013 152 72 simul
2077 1013 152 72 impetum

432 1074 103 65 ad
483 1074 154 65 actum
586 1074 172 65 facit:
706 1074 120 65 nec
775 1074 154 65 habet
878 1074 240 65 potestatem
1067 1074 257 65 refraenandi
1272 1074 240 65 appetitum.
1461 1074 103 65 Et
1513 1074 137 65 ideo
1598 1074 137 65 mihi
1684 1074 189 65 videtur
1821 1074 137 65 quod
1907 1074 120 65 sic
1976 1074 172 65 ebrius
2096 1074 103 65 in
2130 1074 103 65 suis

443 1128 189 60 actibus
580 1128 155 60 bonis
684 1128 120 60 vel
752 1128 155 60 malis
856 1128 155 60 neque
959 1128 224 60 laudandus
1131 1128 138 60 est:
1217 1128 155 60 neque
1320 1128 292 60 vituperandus,
1561 1128 86 60 &
1595 1128 120 60 ita
1664 1128 138 60 quod
1750 1128 120 60 nec
1819 1128 172 60 peccat
1940 1128 155 60 etiam
2043 1128 103 60 si
2077 1128 155 60 homici-

444 1174 139 65 dium
531 1174 104 65 in
583 1174 139 65 tali
670 1174 226 65 ebrietate
844 1174 243 65 committat,
1035 1174 157 65 sicut
1139 1174 157 65 neque
1244 1174 226 65 dormiens,
1418 1174 122 65 aut
1487 1174 226 65 furiosus:
1661 1174 122 65 aut
1731 1174 191 65 infans.
1870 1174 139 65 Dico
1957 1174 104 65 ex
2009 1174 139 65 actu
2078 1174 157 65 volunta

444 1228 115 65 tis
509 1228 164 65 aliquo
624 1228 230 65 adhaerenti
805 1228 131 65 ipsi
887 1228 98 65 in
936 1228 246 65 perpetrando
1133 1228 213 65 huiusmodi
1297 1228 246 65 homicidium,
1494 1228 131 65 quod
1576 1228 164 65 reuera
1691 1228 131 65 nemo
1773 1228 164 65 negare
1887 1228 180 65 potest,
2019 1228 98 65 si
2068 1228 148 65 verum
2150 1228 82 65 est

439 1281 135 68 quod
524 1281 203 68 peccatum
676 1281 118 68 est
744 1281 135 68 adeo
828 1281 254 68 voluntarium
1031 1281 152 68 malum
1133 1281 135 68 quod
1218 1281 152 68 nullo
1319 1281 135 68 modo
1404 1281 118 68 sit
1471 1281 203 68 peccatum
1624 1281 135 68 nisi
1708 1281 118 68 sit
1776 1281 271 68 voluntarium.
1996 1281 203 68 secundum
2131 1281 102 68 sen-

444 1342 190 65 tentiam
582 1342 242 65 Augustini.
772 1342 121 65 Sed
841 1342 155 65 tamen
945 1342 138 65 quod
1031 1342 155 65 nullo
1135 1342 138 65 modo
1221 1342 207 65 dicendum
1376 1342 121 65 sit
1445 1342 138 65 male
1532 1342 155 65 actum
1635 1342 86 65 a
1670 1342 138 65 tali
1756 1342 104 65 in
1808 1342 138 65 tali
1895 1342 155 65 statu
1998 1342 138 65 esse
2067 1342 173 65 peccatum

445 1389 189 64 absurdum
587 1389 79 64 &
618 1389 267 64 irrationabile
838 1389 173 64 videtur
964 1389 142 64 esse:
1059 1389 79 64 &
1090 1389 220 64 contrarium
1263 1389 157 64 dictis
1373 1389 204 64 sanctorum
1530 1389 79 64 &
1562 1389 283 64 philosophorum:
1798 1389 94 64 vt
1845 1389 142 64 patet
1939 1389 94 64 ex
1986 1389 236 64 praedictis:
2159 1389 79 64 cum

439 1448 159 62 talis
546 1448 248 62 ignorantia
741 1448 124 62 qua
811 1448 213 62 scilicet
971 1448 177 62 ebrius
1095 1448 248 62 homicidium
1290 1448 142 62 tale
1378 1448 248 62 committit,
1573 1448 106 62 ex
1627 1448 159 62 culpa
1733 1448 142 62 eius
1821 1448 230 62 prouenit,
1999 1448 89 62 &
2034 1448 106 62 ex
2070 1448 159 62 malitia

445 1494 247 63 electionis
639 1494 247 63 existentis
834 1494 124 63 sua
904 1494 159 63 culpa
1010 1494 106 63 in
1063 1494 229 63 voluntate
1240 1494 159 63 eius:
1346 1494 141 63 quae
1434 1494 194 63 malitia
1575 1494 212 63 existens
1734 1494 106 63 in
1787 1494 229 63 voluntate
1963 1494 124 63 est
2034 1494 159 63 causa
2122 1494 106 63 mali

451 1547 242 67 existentis
641 1547 104 67 in
693 1547 173 67 opere:
814 1547 87 67 &
849 1547 121 67 non
918 1547 190 67 proprie
1057 1547 277 67 inuoluntarii
1282 1547 104 67 vt
1334 1547 173 67 dictum
1455 1547 139 67 est.
1541 1547 139 67 Vnde
1628 1547 156 67 dicit
1732 1547 242 67 Damascenus
1922 1547 156 67 libro
2026 1547 190 67 secundo
2147 1547 87 67 ca.

448 1605 154 64 xxvi.
551 1605 137 64 quod
637 1605 120 64 per
705 1605 257 64 ignorantiam
911 1605 292 64 inuoluntarium
1152 1605 120 64 est
1220 1605 120 64 cum
1289 1605 120 64 non
1358 1605 137 64 ipsi
1443 1605 223 64 tribuimus
1615 1605 172 64 causam
1735 1605 275 64 ignorantiae:
1958 1605 120 64 sed
2027 1605 120 64 ita
2079 1605 154 64 contin-

444 1659 131 66 git.
526 1659 98 66 Si
575 1659 131 66 enim
657 1659 164 66 ebrius
771 1659 164 66 quidam
886 1659 229 66 homicidium
1066 1659 148 66 facit
1165 1659 197 66 ignorans
1312 1659 131 66 quod
1394 1659 197 66 occidit:
1542 1659 115 66 non
1607 1659 148 66 tamen
1706 1659 279 66 inuoluntarie.
1935 1659 164 66 causam
2050 1659 131 66 enim
2132 1659 131 66 igno

444 1719 178 60 rantiae
573 1719 194 60 scilicet
718 1719 226 60 ebrietatem
896 1719 129 60 ipse
977 1719 145 60 egit.
1074 1719 97 60 Et
1122 1719 242 60 Philosophus
1316 1719 97 60 in
1365 1719 162 60 tertio
1478 1719 226 60 Ethicorum.
1655 1719 97 60 In
1704 1719 129 60 ipso
1785 1719 194 60 ignorare
1930 1719 178 60 puniunt
2059 1719 210 60 legislato

441 1763 118 69 res
508 1763 101 69 si
559 1763 151 69 causa
660 1763 252 69 ignorantiae
861 1763 134 69 esse
945 1763 218 69 videatur:
1113 1763 235 69 principium
1298 1763 134 69 enim
1382 1763 101 69 in
1433 1763 151 69 ipso.
1533 1763 185 69 dominus
1668 1763 134 69 enim
1752 1763 118 69 est
1819 1763 134 69 eius
1903 1763 134 69 quod
1987 1763 118 69 est
2054 1763 118 69 non
2105 1763 134 69 inebri

441 1820 140 67 ari:
528 1820 122 67 hoc
598 1820 157 67 autem
702 1820 262 67 ignorantiae
911 1820 157 67 causa
1016 1820 140 67 est.
1103 1820 122 67 Cum
1173 1820 157 67 autem
1278 1820 279 67 contingenter
1504 1820 174 67 factum
1627 1820 192 67 aliquod
1766 1820 192 67 incidit
1906 1820 105 67 ei
1958 1820 140 67 quod
2045 1820 174 67 agimus
2150 1820 87 67 ope

444 1871 122 67 ram
513 1871 226 67 exhibendo
687 1871 122 67 rei
757 1871 209 67 licitae:
913 1871 87 67 &
948 1871 157 67 illud
1053 1871 139 67 quia
1140 1871 157 67 latet
1244 1871 122 67 nos
1314 1871 244 67 ignoramus:
1505 1871 122 67 hoc
1575 1871 191 67 proprie
1714 1871 122 67 per
1784 1871 261 67 ignorantiam
1975 1871 261 67 inuoluntarium

454 1920 127 60 est:
534 1920 95 60 vt
581 1920 159 60 dictum
693 1920 127 60 est.
772 1920 95 60 Et
820 1920 111 60 sic
884 1920 127 60 quia
963 1920 175 60 malitia
1090 1920 95 60 in
1138 1920 207 60 voluntate
1297 1920 80 60 &
1329 1920 95 60 in
1377 1920 207 60 electione
1536 1920 191 60 existens
1679 1920 95 60 in
1727 1920 127 60 tali
1806 1920 143 60 ebrio
1902 1920 111 60 est
1966 1920 111 60 per
2029 1920 95 60 se
2077 1920 143 60 causa
2156 1920 80 60 pro

451 1977 140 72 pter
539 1977 140 72 quam
627 1977 210 72 occidit:
784 1977 123 72 non
855 1977 158 72 autem
960 1977 245 72 ignorantia
1152 1977 140 72 quae
1240 1977 123 72 est
1310 1977 193 72 sequela
1450 1977 175 72 illius
1573 1977 228 72 malitiae:
1748 1977 193 72 idcirco
1889 1977 123 72 non
1959 1977 193 72 dicitur
2081 1977 158 72 occide-

454 2031 105 60 re
506 2031 192 60 propter
646 2031 262 60 ignorantiam
855 2031 122 60 sed
925 2031 209 60 ignorans
1082 2031 192 60 tantum:
1222 2031 157 60 licet
1326 2031 105 60 in
1379 2031 157 60 actum
1483 2031 227 60 occidendi
1658 2031 157 60 neque
1763 2031 192 60 habebat
1902 2031 192 60 liberum
2042 2031 227 60 arbitrium

449 2085 104 67 in
501 2085 243 67 electione:
692 2085 156 67 neque
796 2085 278 67 discretionem
1021 2085 243 67 eligibilis
1212 2085 104 67 in
1264 2085 278 67 discretione.
1490 2085 156 67 nullo
1594 2085 156 67 tamen
1698 2085 139 67 modo
1785 2085 174 67 veniam
1906 2085 208 67 meretur:
2062 2085 121 67 sed
2115 2085 121 67 actus

449 2139 124 69 ille
527 2139 233 69 simpliciter
714 2139 140 69 actus
807 2139 171 69 peccati
932 2139 140 69 debet
1025 2139 140 69 dici:
1118 2139 124 69 quia
1196 2139 187 69 malitiae
1336 2139 218 69 imputatur.
1507 2139 93 69 Et
1554 2139 109 69 hoc
1616 2139 109 69 est
1678 2139 124 69 quod
1756 2139 124 69 apte
1834 2139 140 69 dicit
1927 2139 233 69 Philosophus
2114 2139 93 69 in
2160 2139 109 69 qui

456 2196 109 58 to
510 2196 255 58 Ethicorum:
710 2196 127 58 vbi
783 2196 218 58 assignat
947 2196 291 58 differentiam
1183 2196 164 58 inter
1292 2196 309 58 inuoluntarium
1547 2196 145 58 eius
1638 2196 145 58 quod
1729 2196 127 58 sit
1802 2196 127 58 per
1874 2196 291 58 ignorantiam,
2111 2196 91 58 &
2129 2196 109 58 eius

460 2242 124 72 quod
537 2242 108 72 sit
599 2242 232 72 ignoranter,
784 2242 170 72 dicens.
908 2242 294 72 Inuoluntariorum
1155 2242 139 72 autem
1248 2242 124 72 haec
1325 2242 155 72 quidem
1433 2242 124 72 sunt
1511 2242 201 72 venialia:
1665 2242 124 72 haec
1742 2242 139 72 autem
1835 2242 108 72 non
1897 2242 201 72 venialia.
2052 2242 216 72 Quaecumque

454 2302 151 60 autem
555 2302 117 60 non
622 2302 151 60 solum
722 2302 251 60 ignorantes:
923 2302 117 60 sed
990 2302 184 60 propter
1124 2302 268 60 ignorantiam,
1341 2302 184 60 peccata
1475 2302 218 60 venialia:
1642 2302 134 60 quae
1726 2302 151 60 autem
1826 2302 117 60 non
1893 2302 184 60 propter
2010 2302 218 60 ignorantiam

452 2355 111 70 sed
516 2355 223 70 ignorantes
691 2355 175 70 propter
818 2355 223 70 passionem,
994 2355 111 70 non
1057 2355 207 70 venialia,
1217 2355 175 70 propter
1344 2355 239 70 ignorantiam
1535 2355 159 70 quidem
1647 2355 159 70 factum
1758 2355 239 70 cognoscitur
1949 2355 159 70 quando
2061 2355 143 70 agens
2156 2355 111 70 non

462 2407 115 64 est
527 2407 147 64 causa
625 2407 131 64 suae
707 2407 262 64 ignorantiae:
920 2407 147 64 neque
1018 2407 229 64 omittendo:
1198 2407 147 64 neque
1297 2407 262 64 conmittendo.
1510 2407 147 64 velut
1608 2407 98 64 vt
1657 2407 147 64 dicit
1755 2407 246 64 Commentator
1952 2407 98 64 si
2001 2407 196 64 sagittam
2132 2407 98 64 ali-

459 2463 138 65 quis
545 2463 104 65 in
597 2463 138 65 tali
683 2463 138 65 loco
770 2463 104 65 in
822 2463 121 65 quo
891 2463 173 65 nuilus
1012 2463 225 65 consueuit
1185 2463 225 65 ambulare,
1358 2463 207 65 emittens
1513 2463 190 65 repente
1651 2463 190 65 aliquis
1790 2463 242 65 vulneratus
1980 2463 138 65 est.
2066 2463 207 65 Ignoran-

459 2515 129 69 tium
540 2515 145 69 autem
637 2515 178 69 peccata
766 2515 97 69 in
814 2515 145 69 nullo
911 2515 242 69 ignoscuntur
1105 2515 145 69 illis
1202 2515 113 69 qui
1267 2515 242 69 ignorantiae
1461 2515 129 69 suae
1541 2515 145 69 causa
1638 2515 145 69 sunt:
1735 2515 113 69 vel
1800 2515 210 69 omittendo
1961 2515 242 69 disciplinam
2139 2515 97 69 eius

464 2568 128 70 quod
544 2568 144 70 scire
640 2568 224 70 potuerunt:
817 2568 112 70 vel
881 2568 240 70 committendo
1073 2568 96 70 vt
1121 2568 96 70 in
1169 2568 256 70 dispositione
1378 2568 240 70 ebrietatis.
1570 2568 160 70 Peccat
1682 2568 128 70 ergo
1762 2568 240 70 proculdubio
1955 2568 112 70 qui
2019 2568 96 70 in
2067 2568 208 70 ebrietate

457 2626 142 62 etiam
552 2626 127 62 sine
631 2626 111 62 vsu
695 2626 158 62 liberi
805 2626 190 62 arbitrii
948 2626 190 62 occidit.
1090 2626 111 62 Sed
1154 2626 142 62 tamen
1249 2626 95 62 vt
1296 2626 158 62 sepius
1407 2626 158 62 dictum
1518 2626 111 62 est
1581 2626 190 62 peccatum
1724 2626 142 62 istud
1819 2626 111 62 non
1882 2626 158 62 potest
1993 2626 158 62 reduci
2104 2626 95 62 ad
2135 2626 111 62 actum

464 2672 205 62 voluntatis
626 2672 103 62 qui
684 2672 117 62 tunc
758 2672 117 62 est.
831 2672 176 62 respectu
963 2672 117 62 enim
1036 2672 147 62 illius
1139 2672 205 62 voluntatis
1300 2672 249 62 inuoluntarium
1506 2672 147 62 potest
1608 2672 117 62 dici
1682 2672 147 62 factum
1784 2672 147 62 illud.
1887 2672 73 62 &
1916 2672 132 62 tamen
2004 2672 132 62 iuxta
2078 2672 161 62 definitio

458 2727 105 62 nem
518 2727 210 62 Augustinus
683 2727 120 62 omne
758 2727 180 62 peccatum
893 2727 90 62 ad
938 2727 135 62 actum
1028 2727 210 62 voluntatis
1193 2727 165 62 opertet
1313 2727 165 62 reduci.
1432 2727 225 62 Necessarium
1612 2727 105 62 est
1672 2727 120 62 ergo
1747 2727 90 62 vt
1792 2727 195 62 reducatur
1942 2727 90 62 ad
1987 2727 135 62 actum
2062 2727 180 62 voluntatis

464 2781 101 72 qui
521 2781 115 72 tunc
593 2781 115 72 fuit
665 2781 144 72 quando
766 2781 87 72 se
810 2781 202 72 inebriauit
968 2781 72 72 &
997 2781 87 72 in
1040 2781 87 72 se
1084 2781 115 72 fuit
1156 2781 101 72 non
1213 2781 202 72 inebriari,
1372 2781 72 72 &
1401 2781 101 72 ita
1458 2781 101 72 non
1516 2781 159 72 causare
1631 2781 87 72 in
1675 2781 87 72 se
1718 2781 245 72 dispositionem
1920 2781 173 72 malitiae
2050 2781 87 72 in
2078 2781 159 72 voluntate

466 2835 72 59 &
494 2835 145 59 totius
596 2835 173 59 rationis
726 2835 173 59 ligamen,
856 2835 159 59 propter
971 2835 116 59 quae
1044 2835 173 59 occidit.
1174 2835 101 59 Cum
1231 2835 116 59 enim
1304 2835 130 59 dicit
1390 2835 202 59 Augustinus
1549 2835 87 59 de
1593 2835 116 59 vera
1665 2835 202 59 religione,
1824 2835 116 59 Adeo
1896 2835 173 59 peccatum
2026 2835 217 59 voluntarium
2185 2835 58 59 ma

456 2887 122 65 lum
525 2887 122 65 est
595 2887 122 65 &c.
664 2887 261 65 voluntarium
873 2887 157 65 sumit
978 2887 122 65 ibi
1047 2887 174 65 large:
1169 2887 122 65 non
1239 2887 157 65 solum
1343 2887 122 65 pro
1413 2887 226 65 voluntate
1587 2887 139 65 quae
1674 2887 139 65 tunc
1761 2887 122 65 est
1830 2887 122 65 cum
1900 2887 209 65 peccatum
2057 2887 226 65 incurrit:

454 2944 127 58 sed
527 2944 164 58 etiam
636 2944 127 58 pro
709 2944 146 58 illa
800 2944 146 58 quae
891 2944 273 58 praecessit,
1109 2944 91 58 &
1146 2944 127 58 hoc
1218 2944 127 58 non
1291 2944 164 58 solum
1401 2944 109 58 in
1455 2944 164 58 eodem
1564 2944 127 58 qui
1637 2944 127 58 per
1710 2944 255 58 voluntatem
1910 2944 146 58 suam
2001 2944 182 58 prauam
2129 2944 146 58 quae

452 2993 159 67 facit
558 2993 212 67 peccatum
717 2993 265 67 praecedens,
929 2993 177 67 causat
1053 2993 106 67 in
1106 2993 106 67 se
1159 2993 300 67 dispositionem
1406 2993 177 67 prauam
1530 2993 106 67 in
1583 2993 230 67 voluntate
1759 2993 141 67 quae
1847 2993 124 67 est
1918 2993 159 67 causa
2024 2993 194 67 peccati
2148 2993 88 67 se-

462 3057 206 53 quentis,
616 3057 103 53 vt
667 3057 223 53 contingit
839 3057 103 53 in
890 3057 154 53 ebrio
993 3057 154 53 sicut
1096 3057 171 53 dictum
1215 3057 137 53 est:
1301 3057 120 53 sed
1370 3057 154 53 etiam
1472 3057 103 53 in
1524 3057 154 53 alio.
1626 3057 206 53 secundum
1781 3057 137 53 quod
1866 3057 103 53 ad
1918 3057 154 53 illam
2003 3057 240 53 definitionem

455 3109 200 61 peccati
601 3109 200 61 reducit
746 3109 109 61 in
801 3109 164 61 libro
910 3109 346 61 Retractationum:
1202 3109 128 61 vbi
1275 3109 237 61 verificat
1457 3109 164 61 illam
1567 3109 310 61 definitionem:
1822 3109 128 61 non
1895 3109 164 61 solum
2004 3109 200 61 peccata
2150 3109 128 61 non

456 3156 253 87 voluntaria
655 3156 145 87 quae
745 3156 90 87 a
781 3156 289 87 nescientibus
1016 3156 127 87 vel
1088 3156 199 87 coactis
1233 3156 307 87 perpetrantur:
1486 3156 127 87 cum
1558 3156 181 87 dicit:
1685 3156 145 87 Illa
1775 3156 145 87 quae
1866 3156 127 87 non
1938 3156 217 87 immerito
2082 3156 163 87 peccata
