2457 3698
144 342 134 91 non
221 342 269 91 voluntaria
432 342 230 91 dicuntur
605 342 134 91 &c.
682 342 115 91 vt
739 342 211 91 habitum
893 342 134 91 est
970 342 154 91 iam:
1066 342 134 91 sed
1142 342 173 91 etiam
1258 342 230 91 peccatum
1430 342 269 91 originale,
1642 342 134 91 cum
1719 342 192 91 subdit
1834 342 115 91 imme

152 420 170 68 diate
266 420 208 68 dicens.
417 420 113 68 Et
474 420 170 68 illud
587 420 151 68 quod
682 420 113 68 in
738 420 227 68 paruulis
909 420 208 68 dicitur
1060 420 246 68 originale
1249 420 246 68 peccatum,
1438 420 132 68 cum
1514 420 170 68 adhuc
1627 420 132 68 non
1703 420 208 68 vtantur
1836 420 113 68 arbi

149 479 147 62 trio
240 479 275 62 voluntatis,
461 479 129 62 non
534 479 202 62 absurde
681 479 202 62 vocatur
828 479 165 62 etiam
938 479 294 62 voluntarium.
1177 479 147 62 Quia
1269 479 110 62 ex
1324 479 165 62 prima
1434 479 202 62 hominis
1581 479 147 62 mala
1673 479 239 62 voluntate
1838 479 110 62 con-

156 528 205 63 tractum
305 528 186 63 factum
436 528 130 63 est
510 528 261 63 quodammodo
715 528 335 63 haereditarium.
994 528 186 63 Ebrius
1125 528 149 63 ergo
1218 528 130 63 cum
1292 528 168 63 praua
1404 528 130 63 aut
1478 528 205 63 incauta
1627 528 242 63 voluntate
1814 528 130 63 sua
1870 528 74 63 se

164 582 211 62 inebriat:
326 582 130 62 illa
407 582 211 62 voluntate
570 582 114 62 qua
634 582 211 62 committit
797 582 195 62 peccatum
943 582 276 62 inebriationis
1170 582 179 62 tanquam
1300 582 195 62 peccatum
1446 582 243 62 principale,
1641 582 211 62 committit
1787 582 146 62 tamquam

164 634 98 69 in
213 634 146 69 causa
310 634 146 69 prima
408 634 146 69 omnia
505 634 179 69 peccata
635 634 130 69 quae
716 634 211 69 conmittit
879 634 98 69 in
928 634 146 69 statu
1025 634 276 69 inebriationis
1253 634 114 69 per
1318 634 130 69 iram
1399 634 114 69 vel
1464 634 114 69 per
1529 634 325 69 concupiscentiam,
1789 634 146 69 tamquam

162 686 125 71 per
234 686 178 71 causam
358 686 196 71 illorum
501 686 250 71 peccatorum
697 686 214 71 proximam
858 686 89 71 &
894 686 178 71 omnino
1018 686 321 71 inuoluntatiam.
1286 686 196 71 Quoniam
1429 686 107 71 in
1482 686 161 71 ipso,
1589 686 107 71 vt
1643 686 178 71 dictum
1768 686 143 71 est,
1857 686 125 71 non

158 743 115 68 est
223 743 131 68 illa
305 743 164 68 tenere
420 743 115 68 vel
485 743 246 68 refraenare:
681 743 115 68 sed
747 743 98 68 in
796 743 131 68 tali
878 743 115 68 ira
943 743 115 68 vel
1009 743 295 68 concupiscentia
1254 743 180 68 tanquam
1385 743 98 68 in
1435 743 180 68 causato
1565 743 147 68 manet
1664 743 164 68 virtus
1778 743 164 68 illius
1877 743 65 68 vo

155 788 205 75 luntatis
309 788 290 75 praecedentis.
547 788 188 75 Propter
684 788 137 75 quod
769 788 205 75 peccatum
923 788 154 75 ebrii
1025 788 154 75 licet
1128 788 137 75 dici
1213 788 171 75 potest
1333 788 290 75 inuoluntarium
1572 788 102 75 in
1623 788 205 75 respectu
1776 788 102 75 ad
1810 788 137 75 causam

154 855 144 57 eius
244 855 235 57 proximam:
425 855 126 57 non
497 855 162 57 tamen
605 855 271 57 simpliciter
821 855 180 57 potest
948 855 144 57 dici
1038 855 325 57 inuoluntarium:
1309 855 144 57 quia
1399 855 271 57 voluntarium
1615 855 126 57 est
1687 855 198 57 habendo
1814 855 126 57 respe

146 895 144 74 ctum
236 895 108 74 ad
290 895 180 74 causam
417 895 144 74 eius
507 895 198 74 primam.
651 895 126 74 SED
723 895 144 74 tunc
813 895 216 74 dicetur:
976 895 144 74 ergo
1066 895 126 74 qui
1138 895 216 74 inebriat
1301 895 108 74 se
1355 895 144 74 illa
1445 895 235 74 voluntate
1625 895 162 74 praua
1734 895 126 74 non
1806 895 162 74 solum
1896 895 54 74 I

146 957 174 72 vnicum
267 957 209 72 peccatum
424 957 243 72 conmittit:
615 957 122 72 sed
684 957 209 72 plurima.
841 957 139 72 immo
928 957 156 72 quasi
1032 957 209 72 infinita
1189 957 209 72 secundum
1345 957 139 72 quod
1432 957 104 72 in
1484 957 156 72 vnica
1588 957 226 72 ebrietate
1762 957 122 72 diu
1814 957 122 72 duram

157 1012 99 66 te
206 1012 165 66 potest
321 1012 165 66 ebrius
436 1012 181 66 plurima
568 1012 181 66 peccata
700 1012 247 66 committere.
897 1012 99 66 Et
946 1012 181 66 iterum.
1078 1012 132 66 tunc
1160 1012 197 66 peccatum
1308 1012 214 66 praecedit
1473 1012 148 66 actum
1572 1012 148 66 illum
1670 1012 115 66 quo
1736 1012 148 66 habet
1835 1012 132 66 gene
1901 1012 49 66 S

149 1066 158 66 rari:
255 1066 106 66 vt
308 1066 211 66 peccatum
466 1066 299 66 fornicationis
712 1066 88 66 &
748 1066 317 66 incontinentiae
1012 1066 158 66 actum
1117 1066 264 66 fornicandi:
1328 1066 88 66 &
1364 1066 211 66 peccatum
1522 1066 229 66 homicidii
1698 1066 158 66 actum
1786 1066 123 66 homin

146 1117 241 68 occidendi,
335 1117 172 68 siquis
456 1117 103 68 in
508 1117 224 68 ebrietate
680 1117 241 68 fornicetur
870 1117 86 68 &
904 1117 207 68 occidat.
1059 1117 103 68 Et
1111 1117 121 68 sic
1180 1117 121 68 qui
1249 1117 224 68 committit
1421 1117 207 68 peccatum
1576 1117 310 68 inebriationis,
1817 1117 121 68 simul

151 1169 239 61 committit
334 1169 220 61 peccatum
499 1169 330 61 fornicationis,
775 1169 92 61 &
811 1169 165 61 omnia
922 1169 147 61 alia
1013 1169 147 61 quae
1105 1169 239 61 conmittit
1289 1169 165 61 intra
1399 1169 330 61 inebriationem.
1674 1169 202 61 Amplius
1821 1169 110 61 vt
1858 1169 73 61 vi

156 1221 162 64 detur,
269 1221 113 64 non
334 1221 146 64 solum
431 1221 210 64 conmittit
593 1221 194 64 peccatum
738 1221 146 64 super
836 1221 113 64 eis
900 1221 129 64 quae
981 1221 129 64 agit
1062 1221 97 64 in
1111 1221 227 64 ebrietate:
1289 1221 113 64 sed
1353 1221 146 64 super
1450 1221 178 64 omnibus
1580 1221 146 64 malis
1677 1221 129 64 quae
1758 1221 146 64 agere
1839 1221 97 64 pos-

153 1277 112 67 set
217 1277 96 67 in
265 1277 208 67 ebrietate
426 1277 128 67 sua.
506 1277 128 67 Quia
586 1277 112 67 qua
650 1277 176 67 ratione
778 1277 144 67 super
875 1277 160 67 illis,
987 1277 80 67 &
1019 1277 144 67 super
1115 1277 160 67 istis.
1227 1277 128 67 Quia
1308 1277 128 67 quae
1388 1277 96 67 in
1436 1277 208 67 ebrietate
1596 1277 144 67 agit,
1692 1277 160 67 posset
1789 1277 144 67 impedi-

152 1344 118 55 tus
219 1344 218 55 omittere:
387 1344 84 55 &
421 1344 134 55 illa
505 1344 134 55 quae
589 1344 218 55 impeditus
757 1344 202 55 omittit,
908 1344 118 55 vel
975 1344 185 55 propter
1110 1344 185 55 aliquid
1244 1344 151 55 aliud
1345 1344 118 55 non
1412 1344 235 55 impeditus,
1597 1344 118 55 vel
1664 1344 218 55 contraria
1815 1344 118 55 dispo

157 1384 193 69 sitione
298 1384 228 69 existente
474 1384 176 69 posset
597 1384 176 69 agere.
720 1384 158 69 ADhuc
825 1384 105 69 si
878 1384 158 69 ebrio
983 1384 141 69 quia
1071 1384 123 69 est
1141 1384 158 69 causa
1247 1384 299 69 inebriationis
1493 1384 123 69 sua
1563 1384 158 69 praua
1668 1384 228 69 voluntate
1827 1384 105 69 impu

151 1437 171 58 tantur
271 1437 103 58 in
322 1437 205 58 peccatum
476 1437 154 58 omnia
579 1437 137 58 mala
664 1437 137 58 quae
750 1437 154 58 facit
853 1437 103 58 in
904 1437 240 58 ebrietate:
1092 1437 137 58 tunc
1178 1437 171 58 siquis
1298 1437 103 58 ex
1349 1437 120 58 sua
1418 1437 154 58 culpa
1520 1437 205 58 incurrat
1674 1437 171 58 furiam
1777 1437 154 58 lunati-

150 1492 144 60 cam:
240 1492 108 60 vt
294 1492 216 60 scilicet
457 1492 126 60 per
529 1492 126 60 hoc
601 1492 235 60 excedente
781 1492 307 60 incontinentia
1034 1492 180 60 nimium
1160 1492 198 60 euacuat
1305 1492 198 60 humorem
1449 1492 216 60 cerebri:
1611 1492 144 60 tali
1701 1492 180 60 inquam
1810 1492 126 60 impu-

157 1547 194 61 tarentur
303 1547 146 61 consi
400 1547 130 61 mili
481 1547 178 61 ratione
610 1547 97 61 in
659 1547 194 61 peccatum
805 1547 227 61 quaecumque
983 1547 130 61 agit
1064 1547 97 61 in
1113 1547 113 61 sua
1178 1547 162 61 furia.
1291 1547 81 61 &
1323 1547 113 61 sic
1388 1547 113 61 cum
1453 1547 146 61 talis
1550 1547 146 61 habet
1647 1547 194 61 dilucida
1777 1547 162 61 interual

151 1603 101 64 la
202 1603 101 64 in
252 1603 169 64 quibus
370 1603 219 64 poenitere
539 1603 169 64 potest
657 1603 84 64 &
691 1603 219 64 perfectam
859 1603 152 64 agere
960 1603 270 64 poenitentiam
1179 1603 101 64 de
1230 1603 185 64 peccato
1365 1603 320 64 incontinentiae,
1635 1603 185 64 manente
1769 1603 152 64 tamen
1854 1603 84 64 mor

155 1653 105 64 bo
207 1653 122 64 quo
277 1653 105 64 in
329 1653 175 64 certis
451 1653 210 64 periodis
609 1653 192 64 necesse
748 1653 157 64 habet
853 1653 192 64 furere,
993 1653 87 64 &
1028 1653 105 64 in
1080 1653 157 64 furia
1185 1653 157 64 multa
1290 1653 140 64 mala
1377 1653 175 64 agere:
1499 1653 140 64 tunc
1587 1653 175 64 omnino
1709 1653 192 64 peccato
1831 1653 105 64 pra-

158 1702 127 71 uae
231 1702 255 71 voluntatis
431 1702 145 71 suae
522 1702 200 71 dimisso
667 1702 182 71 posset
794 1702 145 71 sine
885 1702 145 71 omni
976 1702 236 71 minutione
1158 1702 164 71 bonae
1267 1702 255 71 voluntatis
1467 1702 145 71 suae
1558 1702 109 71 de
1613 1702 145 71 nouo
1704 1702 200 71 plurima
1831 1702 109 71 pec-

155 1759 135 62 cata
240 1759 254 62 committere:
443 1759 135 62 quod
527 1759 152 62 valde
629 1759 186 62 videtur
764 1759 220 62 absurdum.
934 1759 102 62 ET
984 1759 186 62 iterum.
1120 1759 135 62 tunc
1204 1759 118 62 sic
1272 1759 237 62 inebriatus
1458 1759 169 62 tantum
1577 1759 203 62 peccaret
1729 1759 152 62 nihil
1831 1759 135 62 mali
1898 1759 51 62 s

153 1814 193 59 faciens
294 1814 105 59 in
346 1814 158 59 statu
451 1814 263 59 ebrietatis,
661 1814 88 59 &
696 1814 193 59 plurima
836 1814 263 59 conmittens:
1046 1814 88 59 &
1081 1814 175 59 duobus
1204 1814 245 59 aequaliter
1396 1814 245 59 inebriatis
1589 1814 175 59 tantum
1711 1814 210 59 peccatum
1869 1814 105 59 ha

157 1871 146 64 beret
254 1871 97 64 ex
302 1871 259 64 inebriatione
513 1871 178 64 neminem
642 1871 210 64 occidens:
804 1871 146 64 neque
901 1871 178 64 aliquid
1031 1871 129 64 mali
1112 1871 194 64 faciens:
1257 1871 178 64 quantum
1387 1871 194 64 plurimos
1532 1871 194 64 occidens
1678 1871 81 64 &
1710 1871 146 64 plura
1808 1871 129 64 mala
1872 1871 65 64 fa

159 1928 171 59 ciens.
279 1928 137 59 Ista
365 1928 137 59 sunt
450 1928 103 59 vt
502 1928 154 59 credo
604 1928 137 59 quae
690 1928 240 59 occurrunt:
879 1928 103 59 in
930 1928 137 59 ista
1016 1928 189 59 materia
1153 1928 171 59 contra
1273 1928 171 59 dictam
1393 1928 343 59 determinationem.
1684 1928 103 59 ET
1735 1928 120 59 est
1787 1928 137 59 dicen-

154 1973 124 67 dum
225 1973 106 67 ad
278 1973 195 67 primum:
420 1973 142 67 quod
509 1973 231 67 inebrians
687 1973 142 67 illa
775 1973 160 67 praua
882 1973 231 67 voluntate
1059 1973 124 67 qua
1130 1973 106 67 se
1184 1973 213 67 inebriat
1343 1973 177 67 quodam
1468 1973 142 67 modo
1556 1973 160 67 simul
1663 1973 195 67 plurima
1805 1973 89 67 &
1823 1973 106 67 infi

156 2027 137 62 nita
241 2027 188 62 peccata
378 2027 239 62 committit,
566 2027 85 62 &
600 2027 171 62 quodam
720 2027 137 62 non,
805 2027 120 62 sed
874 2027 188 62 vnicum.
1010 2027 154 62 Licet
1113 2027 137 62 enim
1198 2027 103 62 in
1250 2027 154 62 vnico
1352 2027 205 62 simplici
1506 2027 137 62 actu
1591 2027 188 62 peccati
1728 2027 120 62 vbi
1796 2027 120 62 non
1848 2027 85 62 est

149 2083 244 56 actualiter
340 2083 140 56 nisi
428 2083 122 56 vna
497 2083 192 56 simplex
637 2083 209 56 intentio
794 2083 227 56 peccandi,
968 2083 122 56 non
1038 2083 174 56 potest
1160 2083 209 56 committi
1317 2083 140 56 nisi
1405 2083 140 56 vnum
1492 2083 209 56 peccatum
1649 2083 262 56 principale:
1841 2083 87 56 il-

156 2131 133 71 lius
240 2131 150 71 tamen
339 2131 183 71 peccati
473 2131 166 71 plures
589 2131 183 71 possunt
722 2131 133 71 esse
805 2131 300 71 circunstantiae
1055 2131 200 71 annexae,
1205 2131 133 71 quae
1288 2131 183 71 seorsum
1421 2131 166 71 habent
1538 2131 133 71 esse
1621 2131 133 71 alia
1704 2131 200 71 peccata.
1854 2131 116 71 Sed

147 2192 230 68 huiusmodi
324 2192 300 68 circunstantia
571 2192 177 68 potest
695 2192 212 68 accidere
854 2192 194 68 peccato
995 2192 265 68 principali:
1207 2192 124 68 vel
1278 2192 106 68 in
1331 2192 265 68 conmittendo
1542 2192 88 68 &
1578 2192 247 68 intentione
1754 2192 177 68 explici-

152 2242 121 68 ta:
221 2242 208 68 secundum
377 2242 139 68 quod
464 2242 104 68 in
516 2242 139 68 illo
603 2242 121 68 qui
672 2242 243 68 fornicatur
863 2242 104 68 vt
915 2242 191 68 ditetur
1054 2242 87 68 &
1089 2242 243 68 extorqueat
1280 2242 208 68 pecuniam
1436 2242 87 68 a
1470 2242 260 68 fornicaria,
1679 2242 243 68 fornicatio
1852 2242 87 68 est

152 2298 203 64 peccatum
305 2298 254 64 principale:
508 2298 136 64 quid
593 2298 119 64 est
660 2298 102 64 in
711 2298 136 64 eius
796 2298 136 64 actu
881 2298 220 64 peccandi:
1050 2298 152 64 cuius
1152 2298 203 64 auaritia
1304 2298 119 64 est
1372 2298 152 64 quasi
1474 2298 305 64 circunstantia.
1728 2298 102 64 Et
1762 2298 169 64 econuer-

153 2344 101 70 so
204 2344 202 70 auaritia
355 2344 118 70 est
423 2344 202 70 peccatum
574 2344 236 70 principale
759 2344 101 70 in
810 2344 236 70 intentione
995 2344 253 70 voluntatis:
1197 2344 152 70 cuius
1298 2344 236 70 fornicatio
1483 2344 118 70 est
1551 2344 303 70 circunstantia.
1803 2344 118 70 Vel
1871 2344 101 70 in

155 2405 231 60 omittendo
333 2405 89 60 &
368 2405 248 60 intentione
563 2405 231 60 implicita
741 2405 89 60 &
776 2405 337 60 interpretatiua,
1060 2405 106 60 vt
1114 2405 106 60 in
1167 2405 248 60 proposito.
1362 2405 213 60 Peccatum
1522 2405 142 60 enim
1611 2405 302 60 inebriationis
1841 2405 89 60 vni

152 2458 116 67 cum
219 2458 116 67 est
285 2458 83 67 &
318 2458 248 67 principale,
516 2458 132 67 quod
598 2458 116 67 est
664 2458 198 67 peccatum
813 2458 281 67 commissionis:
1044 2458 149 67 cuius
1143 2458 297 67 circunstantiae
1390 2458 132 67 sunt
1473 2458 182 67 peccata
1605 2458 264 67 consequentia
1819 2458 99 67 ex
1869 2458 99 67 in

154 2511 267 63 ebriatione:
368 2511 143 63 quae
457 2511 143 63 sunt
546 2511 196 63 peccata
689 2511 267 63 omissionis:
903 2511 178 63 contra
1027 2511 143 63 quae
1116 2511 214 63 voluntas
1277 2511 267 63 inebriantis
1491 2511 107 63 se
1544 2511 196 63 omittit
1687 2511 214 63 adhibere
1829 2511 107 63 cau-

153 2566 146 58 telam
250 2566 97 58 ne
298 2566 178 58 poneret
428 2566 97 58 se
476 2566 97 58 in
525 2566 146 58 statu
622 2566 226 58 ebrietatis
800 2566 97 58 in
848 2566 113 58 quo
913 2566 162 58 posset
1026 2566 129 58 illa
1107 2566 178 58 peccata
1237 2566 243 58 committere:
1431 2566 113 58 ita
1495 2566 129 58 quod
1576 2566 194 58 peccatum
1722 2566 129 58 quod
1786 2566 146 58 commit-

158 2617 158 60 titur
264 2617 105 60 in
317 2617 228 60 ebrietate
492 2617 141 60 tali
580 2617 176 60 potius
703 2617 158 60 debet
809 2617 141 60 dici
896 2617 211 60 peccatum
1055 2617 264 60 omissionis,
1265 2617 105 60 ex
1318 2617 228 60 omissione
1494 2617 211 60 scilicet
1652 2617 176 60 habita
1775 2617 105 60 in
1810 2617 123 60 prima

157 2673 248 60 voluntate,
352 2673 141 60 quam
440 2673 283 60 conmissionis
670 2673 195 60 propter
812 2673 159 60 actum
918 2673 106 60 in
971 2673 230 60 ebrietate
1148 2673 301 60 contingentem.
1395 2673 141 60 Quia
1484 2673 106 60 ex
1537 2673 159 60 nulla
1643 2673 230 60 voluntate
1802 2673 124 60 agen-

160 2718 100 73 te
210 2718 116 73 per
277 2718 100 73 se
327 2718 233 73 inebriatus
509 2718 150 73 illum
609 2718 183 73 elicit:
742 2718 116 73 sed
808 2718 150 73 solum
908 2718 83 73 a
941 2718 216 73 voluntate
1107 2718 216 73 omittente
1273 2718 199 73 elicitur
1423 2718 199 73 mediante
1573 2718 116 73 suo
1639 2718 183 73 effectu
1772 2718 100 73 vt
1805 2718 133 73 dictum

153 2775 141 60 est.
241 2775 193 60 Propter
382 2775 141 60 quid
470 2775 158 60 solum
576 2775 176 60 potest
699 2775 141 60 dici
787 2775 211 60 peccatum
945 2775 281 60 commissionis
1174 2775 229 60 reducendo
1350 2775 211 60 actionem
1508 2775 211 60 effectus
1666 2775 106 60 ad
1719 2775 176 60 causam
1824 2775 106 60 eius

152 2834 210 69 primam.
304 2834 114 69 Ad
362 2834 229 69 secundum
533 2834 171 69 patet
647 2834 133 69 per
724 2834 133 69 iam
800 2834 210 69 dictum,
952 2834 210 69 quoniam
1105 2834 114 69 in
1162 2834 133 69 rei
1238 2834 229 69 veritate
1410 2834 229 69 peccatum
1581 2834 267 69 ebrietatis
1772 2834 152 69 inquan

154 2889 118 62 tum
222 2889 118 62 est
289 2889 236 62 omissionis
474 2889 219 62 praecedit
642 2889 152 62 actum
743 2889 135 62 suum
828 2889 101 62 in
878 2889 152 62 prima
979 2889 236 62 voluntate,
1164 2889 101 62 vt
1215 2889 168 62 dictum
1333 2889 135 62 est.
1417 2889 135 62 quod
1501 2889 168 62 nullum
1619 2889 118 62 est
1669 2889 253 62 inconueniens.

150 2936 230 58 Inquantum
327 2936 142 58 vero
416 2936 124 58 est
487 2936 213 58 peccatum
646 2936 283 58 commissionis
876 2936 124 58 non
947 2936 124 58 fit
1018 2936 142 58 nisi
1107 2936 159 58 simul
1213 2936 124 58 cum
1284 2936 124 58 suo
1355 2936 142 58 actu
1443 2936 106 58 vt
1496 2936 177 58 dictum
1620 2936 142 58 est:
1709 2936 124 58 sed
1762 2936 177 58 rationem

156 2997 197 65 peccati
300 2997 287 65 commissionis
533 2997 126 65 non
604 2997 161 65 habet
712 2997 143 65 nisi
802 2997 126 65 per
873 2997 233 65 accidens:
1052 2997 108 65 vt
1106 2997 179 65 dictum
1232 2997 143 65 est,
1321 2997 90 65 &
1357 2997 126 65 iam
1429 2997 197 65 amplius
1572 2997 215 65 dicetur.
1734 2997 108 65 Ad
1770 2997 161 65 tertium

154 3052 170 61 dicendum
281 3052 170 61 secundum
409 3052 99 61 iam
466 3052 142 61 dicta:
565 3052 113 61 quod
636 3052 170 61 peccatam
763 3052 198 61 ebrietatis
919 3052 99 61 sic
976 3052 113 61 sunt
1046 3052 142 61 peccam
1146 3052 241 61 conmissionis,
1344 3052 85 61 vt
1387 3052 128 61 tamen
1472 3052 227 61 principalius
1656 3052 113 61 sint
1727 3052 142 61 peccam
1812 3052 113 61 omissi

162 3105 136 65 onis.
253 3105 76 65 &
283 3105 106 65 hoc
344 3105 197 65 intantum,
495 3105 121 65 quod
571 3105 91 65 si
616 3105 106 65 non
677 3105 227 65 contingeret
859 3105 106 65 quo
919 3105 91 65 ad
965 3105 167 65 aliquem
1086 3105 136 65 actum
1177 3105 197 65 conmissum
1328 3105 91 65 in
1374 3105 197 65 ebrietate
1525 3105 182 65 peccatum
1661 3105 212 65 omissionis
1828 3105 91 65 in
1858 3105 76 65 pri

153 3161 95 64 ma
201 3161 206 64 voluntate
359 3161 238 64 inebriandi:
549 3161 143 64 nullo
644 3161 127 64 modo
723 3161 95 64 in
771 3161 127 64 actu
850 3161 127 64 ipso
929 3161 143 64 debet
1024 3161 127 64 dici
1103 3161 127 64 quod
1183 3161 127 64 fiat
1262 3161 127 64 vllo
1341 3161 127 64 modo
1420 3161 190 64 peccatum
1563 3161 269 64 conmissionis:
1784 3161 95 64 vt
1832 3161 95 64 si
1864 3161 63 64 ta

150 3208 92 73 li
196 3208 123 73 modo
272 3208 199 73 contingit
426 3208 92 73 se
472 3208 199 73 inebriari
625 3208 123 73 quod
702 3208 107 73 non
763 3208 184 73 potuerit
901 3208 123 73 sibi
978 3208 92 73 ab
1024 3208 245 73 inebriatione
1223 3208 123 73 tali
1300 3208 230 73 praecauere,
1484 3208 107 73 non
1546 3208 153 73 peccat
1653 3208 92 73 ex
1699 3208 92 73 eo
1745 3208 123 73 quod
1806 3208 123 73 inebri
