2426 3714
464 303 98 74 ad
513 303 180 74 futurum
644 303 213 74 iubileum.
808 303 131 74 Emes
889 303 98 74 ab
939 303 115 74 eo.
1004 303 98 74 si
1053 303 164 74 plures
1168 303 180 74 restent
1299 303 147 74 anni,
1397 303 147 74 dabis
1495 303 131 74 plus
1577 303 98 74 de
1626 303 197 74 praetio:
1774 303 98 74 si
1823 303 229 74 pauciores,
2003 303 164 74 minus.
2118 303 98 74 Et
2150 303 115 74 iuxta

467 371 256 60 supputationem
678 371 151 60 frugum
783 371 151 60 vendet
889 371 136 60 tibi.
979 371 90 60 Id
1024 371 105 60 est
1085 371 181 60 secundum
1220 371 136 60 glos.
1311 371 136 60 iuxta
1401 371 105 60 hoc
1461 371 121 60 quod
1537 371 241 60 fructificare
1733 371 166 60 potest:
1853 371 105 60 hoc
1913 371 105 60 est
1974 371 136 60 iuxta
2064 371 105 60 hoc
2124 371 121 60 quod
2185 371 75 60 vti

475 425 126 64 lis,
554 425 79 64 &
586 425 205 64 fructuosa
743 425 158 64 potest
853 425 126 64 esse
932 425 221 64 conducenti
1106 425 110 64 res
1169 425 173 64 locata,
1295 425 95 64 vt
1342 425 95 64 si
1389 425 126 64 plus
1468 425 158 64 potest
1578 425 252 64 fructificare
1783 425 95 64 ei
1831 425 110 64 pro
1894 425 142 64 pluri
1988 425 173 64 locabit
2114 425 110 64 eam
2161 425 95 64 tibi

474 481 99 55 si
524 481 165 55 minus,
640 481 116 55 pro
706 481 182 55 minori,
838 481 116 55 ita
904 481 132 55 quod
987 481 99 55 si
1037 481 165 55 plures
1152 481 132 55 anni
1235 481 182 55 restant
1367 481 149 55 vsque
1466 481 99 55 ad
1516 481 215 55 iubileum,
1681 481 116 55 aut
1747 481 132 55 plus
1830 481 182 55 poterit
1962 481 281 55 fructificare,
2177 481 83 55 pro

475 534 147 70 pluri
573 534 180 70 locabit
703 534 114 70 eam
769 534 147 70 tibi:
866 534 98 70 si
915 534 147 70 pauci
1013 534 131 70 anni
1095 534 180 70 restent
1226 534 147 70 vsque
1324 534 98 70 ad
1373 534 212 70 iubileum,
1536 534 114 70 pro
1601 534 180 70 minori.
1732 534 82 70 &
1764 534 114 70 hoc
1830 534 114 70 est
1895 534 131 70 quod
1976 534 212 70 sequitur.
2123 534 131 70 Quanto

469 587 171 66 plures
588 587 136 66 anni
674 587 256 66 remanserunt
878 587 256 66 transeundi,
1083 587 205 66 scilicet
1237 587 154 66 vsque
1339 587 102 66 ad
1390 587 205 66 iubileum
1544 587 188 66 futurum
1680 587 136 66 post
1765 587 205 66 iubileum
1919 587 290 66 praecedentem,
2158 587 136 66 tan-

468 638 94 70 to
515 638 173 70 crescit
641 638 188 70 praetium
782 638 126 70 quod
861 638 157 70 emptor
971 638 141 70 debet
1065 638 126 70 dare
1143 638 204 70 venditori
1300 638 110 70 pro
1363 638 94 70 re
1410 638 173 70 locata,
1536 638 78 70 &
1567 638 157 70 quanto
1677 638 141 70 minus
1771 638 188 70 temporis
1912 638 235 70 numeraueris
2101 638 141 70 vsque
2179 638 63 70 ad

476 692 194 64 iubileum,
625 692 179 64 scilicet
760 692 164 64 proxime
879 692 194 64 venturum,
1029 692 134 64 tanto
1119 692 134 64 minus
1208 692 90 64 de
1253 692 164 64 praetio
1373 692 164 64 emptori
1492 692 209 64 constabit.
1656 692 90 64 Et
1701 692 134 64 eodem
1791 692 120 64 modo
1866 692 90 64 ex
1910 692 134 64 parte
1985 692 269 64 fructificationis

472 757 155 59 terrae.
585 757 70 59 &
613 757 99 59 hoc
669 757 99 59 est
725 757 113 59 quod
796 757 183 59 sequitur.
937 757 141 59 Tempus
1035 757 113 59 enim
1105 757 141 59 frugum
1204 757 141 59 vendet
1303 757 99 59 tib
1359 757 99 59 sid
1415 757 99 59 est
1472 757 155 59 quantum
1584 757 155 59 poterit
1697 757 225 59 fructificare
1880 757 84 59 id
1922 757 99 59 est
1978 757 155 59 quantum
2091 757 155 59 poterit
2190 757 70 59 fru

476 810 158 57 ctuosa
587 810 79 57 &
619 810 158 57 vtilis
729 810 127 57 esse
808 810 190 57 emptori,
951 810 142 57 sicut
1046 810 158 57 dictum
1156 810 127 57 est.
1236 810 158 57 Aliter
1346 810 127 57 enim
1425 810 142 57 alter
1520 810 142 57 eorum
1615 810 237 57 grauaretur.
1805 810 158 57 Nolite
1916 810 206 57 affligere
2058 810 206 57 contribules

477 856 191 60 vestros
615 856 156 60 graue
719 856 139 60 onus
806 856 243 60 imponendo.
997 856 139 60 quod
1083 856 173 60 reuera
1205 856 208 60 venditor
1361 856 191 60 faceret
1499 856 191 60 emptori
1638 856 104 60 si
1690 856 139 60 plus
1777 856 156 60 aequo
1881 856 208 60 venderet
2037 856 121 60 ei:
2106 856 87 60 &
2123 856 139 60 emptor

470 907 247 64 venditori,
665 907 106 64 si
718 907 159 64 minus
824 907 159 64 aequo
930 907 177 64 emeret
1053 907 106 64 ab
1106 907 124 64 eo.
1177 907 159 64 Super
1283 907 124 64 quo
1354 907 159 64 dicit
1460 907 212 64 losephus
1619 907 106 64 in
1672 907 177 64 magnis
1796 907 230 64 historiis
1972 907 141 64 suis
2061 907 159 64 libro
2149 907 106 64 ter-

472 967 130 59 tio
547 967 186 59 versus
677 967 186 59 finem.
808 967 112 59 Ab
864 967 224 59 Hebraeis
1031 967 205 59 vocatur
1180 967 168 59 annus
1292 967 335 59 quinquagesimus
1572 967 242 59 lubileus:
1758 967 112 59 in
1814 967 130 59 quo
1888 967 242 59 debitores
2075 967 93 59 a
2093 967 168 59 credito

473 1014 149 62 ribus
573 1014 215 62 laxantur.
738 1014 199 62 Instante
887 1014 199 62 siquidem
1037 1014 182 62 lubileo
1169 1014 232 62 restituunt
1351 1014 149 62 agros
1451 1014 199 62 antiquis
1600 1014 199 62 dominis.
1749 1014 132 62 isto
1831 1014 132 62 modo
1914 1014 232 62 conveniunt
2096 1014 199 62 venditor

476 1072 147 64 agri
568 1072 92 64 &
604 1072 202 64 emptor,
752 1072 92 64 &
788 1072 258 64 reputantes
991 1072 202 64 fructus
1138 1072 92 64 &
1175 1072 221 64 expensas
1340 1072 110 64 in
1395 1072 147 64 agro
1487 1072 202 64 factas,
1635 1072 239 64 fructibus
1818 1072 258 64 exuberasse
2021 1072 239 64 compertis
2186 1072 74 64 ve

477 1122 152 56 ditor
578 1122 186 56 recipit
714 1122 169 56 agrum:
832 1122 118 56 cum
899 1122 135 56 vero
984 1122 203 56 expensae
1136 1122 287 56 transcendunt,
1372 1122 118 56 hoc
1440 1122 135 56 quod
1525 1122 152 56 deest
1626 1122 220 56 recipiens
1795 1122 169 56 emptor
1913 1122 84 56 a
1947 1122 253 56 possessione
2133 1122 118 56 disce

476 1175 123 62 dit:
553 1175 262 62 conmnumeratis
768 1175 185 62 scilicet
907 1175 92 62 ex
953 1175 139 62 aequo
1046 1175 200 62 fructibus
1200 1175 77 62 &
1231 1175 185 62 expensis
1369 1175 200 62 prioribus
1523 1175 262 62 possessoribus
1739 1175 154 62 reddit
1847 1175 154 62 agrum.
1955 1175 154 62 Eandem
2063 1175 139 62 legen
2140 1175 123 62 voluit

478 1229 86 67 &
512 1229 103 67 in
564 1229 188 67 domibus
701 1229 223 67 obtineri:
872 1229 137 67 quae
958 1229 120 67 per
1026 1229 154 67 vicos
1129 1229 188 67 quosque
1266 1229 240 67 venduntur.
1455 1229 120 67 Sic
1523 1229 137 67 ergo
1609 1229 103 67 in
1660 1229 188 67 omnibus
1797 1229 274 67 contractibus
2020 1229 240 67 locationum
2191 1229 69 67 iu

479 1284 115 64 xta
544 1284 165 64 formam
660 1284 165 64 dictae
775 1284 148 64 legis
874 1284 198 64 aequitas
1023 1284 132 64 dati
1105 1284 82 64 &
1138 1284 181 64 accepti
1270 1284 264 64 obseruabatur
1485 1284 132 64 apud
1567 1284 198 64 ludaeos.
1716 1284 99 64 vt
1765 1284 214 64 videlicet
1930 1284 99 64 in
1980 1284 181 64 iubileo
2112 1284 165 64 emptor
2211 1284 49 64 &

481 1339 196 56 venditor
628 1339 147 56 agri,
726 1339 114 56 vel
791 1339 180 56 vineae,
922 1339 114 56 vel
988 1339 245 56 cuiuscumque
1184 1339 114 56 rei
1249 1339 98 56 in
1298 1339 131 56 vsum
1380 1339 180 56 locatae
1511 1339 262 56 conueniebant
1724 1339 82 56 &
1756 1339 245 56 computabant
1953 1339 180 56 fructus
2067 1339 180 56 perceptos

480 1395 82 66 &
512 1395 198 66 impensas
661 1395 165 66 factas
776 1395 148 66 circa
875 1395 165 66 agrum,
991 1395 115 66 vel
1057 1395 181 66 vineam:
1189 1395 99 66 et
1238 1395 99 66 si
1288 1395 181 66 fructus
1420 1395 264 66 exuberabant,
1634 1395 198 66 venditor
1783 1395 247 66 recipiebat:
1981 1395 99 66 si
2030 1395 132 66 vero
2096 1395 165 66 impensae

478 1444 302 66 transcendebant,
733 1444 127 66 quid
812 1444 175 66 deerat,
939 1444 223 66 recipiebat
1114 1444 175 66 emptor.
1241 1444 127 66 Vnde
1321 1444 191 66 sequitur
1464 1444 95 66 in
1512 1444 143 66 lege.
1607 1444 270 66 Computabuntur
1830 1444 175 66 fructus
1957 1444 95 66 ex
2005 1444 95 66 eo
2052 1444 175 66 tempore
2179 1444 111 66 quo

488 1494 221 65 vendidit:
658 1494 85 65 &
692 1494 136 65 quod
777 1494 204 65 reliquum
929 1494 119 65 est
997 1494 170 65 reddet
1116 1494 204 65 emptori.
1269 1494 85 65 &
1303 1494 187 65 econtra
1438 1494 187 65 supple,
1574 1494 170 65 siquid
1693 1494 170 65 emptor
1812 1494 187 65 recipit
1948 1494 136 65 plus
2032 1494 102 65 in
2066 1494 187 65 fructibus

478 1548 212 65 restituet
641 1548 228 65 venditori.
820 1548 82 65 &
853 1548 114 65 sic
918 1548 179 65 redibat
1048 1548 98 65 in
1097 1548 130 65 anno
1179 1548 179 65 iubileo
1309 1548 147 65 omnis
1407 1548 212 65 possessio
1570 1548 98 65 ad
1619 1548 179 65 dominum
1750 1548 147 65 suum.
1847 1548 98 65 ET
1896 1548 147 65 sicut
1994 1548 130 65 erat
2076 1548 130 65 tunc
2157 1548 130 65 apud

481 1604 198 60 ludaeos
625 1604 108 60 de
679 1604 234 60 locatione
859 1604 288 60 possessionum
1093 1604 162 60 vsque
1201 1604 108 60 ad
1255 1604 234 60 iubileum:
1436 1604 126 60 sic
1508 1604 144 60 nunc
1598 1604 162 60 debet
1706 1604 144 60 esse
1796 1604 144 60 apud
1886 1604 270 60 Christianos
2102 1604 108 60 de
2138 1604 126 60 loca-

476 1661 171 62 tione
590 1661 303 62 quarumcunque
836 1661 303 62 possessionum
1083 1661 133 62 pro
1158 1661 171 62 certa
1272 1661 171 62 summa
1386 1661 246 62 pecuniae,
1576 1661 133 62 vel
1651 1661 171 62 pensa
1765 1661 227 62 annuali,
1936 1661 133 62 vel
2012 1661 114 62 ad
2068 1661 227 62 terminum

484 1711 196 70 certum,
627 1711 125 70 vel
698 1711 107 70 ad
752 1711 161 70 vitam
859 1711 232 70 emptoris:
1037 1711 125 70 cum
1109 1711 125 70 lex
1180 1711 143 70 illa
1269 1711 178 70 omnino
1394 1711 196 70 moralis
1537 1711 125 70 sit
1609 1711 196 70 excepta
1751 1711 214 70 temporis
1912 1711 321 70 determinatione
2180 1711 125 70 quo

482 1777 101 49 ad
533 1777 151 49 annum
633 1777 218 49 iubileum,
801 1777 101 49 vt
851 1777 168 49 dictum
968 1777 134 49 est.
1052 1777 101 49 Ad
1102 1777 235 49 aequitatem
1286 1777 134 49 ergo
1370 1777 201 49 secundum
1521 1777 168 49 iustam
1638 1777 285 49 aestimationem
1873 1777 151 49 omnia
1973 1777 201 49 vendenda
2124 1777 84 49 &
2141 1777 117 49 locan

489 1818 124 60 da.
560 1818 301 60 Aestimationem
808 1818 142 60 dico
897 1818 230 60 faciendam
1074 1818 124 60 non
1145 1818 142 60 tunc
1233 1818 124 60 cum
1304 1818 159 60 valor
1411 1818 124 60 est
1481 1818 177 60 omnino
1605 1818 177 60 dubius
1729 1818 89 60 &
1765 1818 213 60 iudicium
1924 1818 213 60 rationis
2066 1818 195 60 incertum:

488 1868 116 60 sed
555 1868 133 60 tunc
638 1868 116 60 cum
704 1868 149 60 valor
803 1868 116 60 sit
869 1868 182 60 certus,
1002 1868 83 60 &
1035 1868 199 60 rationis
1184 1868 199 60 iudicium
1333 1868 116 60 non
1400 1868 99 60 de
1449 1868 166 60 facili
1565 1868 166 60 possit
1681 1868 166 60 falli:
1797 1868 116 60 non
1863 1868 199 60 scilicet
2013 1868 182 60 tempore
2128 1868 133 60 initae

488 1924 234 66 pactionis:
672 1924 117 66 sed
739 1924 184 66 tempore
873 1924 217 66 faciendae
1040 1924 251 66 solutionis,
1240 1924 117 66 vel
1307 1924 267 66 partialiter,
1524 1924 117 66 vel
1591 1924 217 66 perfecte,
1758 1924 100 66 vt
1808 1924 167 66 dictum
1925 1924 117 66 est
1992 1924 167 66 supra.
2092 1924 167 66 Conceden

491 1976 99 68 da
541 1976 116 68 est
607 1976 132 68 ergo
690 1976 149 68 ratio
789 1976 199 68 assumpta
938 1976 99 68 ex
988 1976 132 68 lege
1071 1976 116 68 iam
1137 1976 215 68 exposita.
1302 1976 99 68 AD
1352 1976 232 68 argumentum
1534 1976 99 68 in
1584 1976 232 68 oppositum,
1766 1976 132 68 quod
1848 1976 232 68 aestimatio
2030 1976 149 68 facta
2113 1976 149 68 tempore

490 2033 210 67 pactionis
652 2033 178 67 initae,
781 2033 113 67 cum
846 2033 146 67 facta
943 2033 113 67 est
1007 2033 162 67 rectae
1121 2033 194 67 rationis
1266 2033 275 67 aestimatione,
1493 2033 146 67 debet
1590 2033 178 67 teneri:
1719 2033 194 67 Dicendum
1865 2033 129 67 quod
1946 2033 146 67 verum
2043 2033 113 67 est
2107 2033 194 67 quousque

493 2081 155 60 error
596 2081 258 60 percipitur:
802 2081 120 60 sed
871 2081 120 60 cum
939 2081 240 60 percipitur
1128 2081 155 60 debet
1231 2081 206 60 corrigi,
1386 2081 103 60 vt
1438 2081 172 60 dictum
1558 2081 137 60 est.
1644 2081 172 60 Aliter
1764 2081 137 60 enim
1850 2081 103 60 ab
1901 2081 172 60 initio
2022 2081 172 60 pactio
2142 2081 120 60 non
2193 2081 69 60 fu

486 2135 152 59 isset
587 2135 169 59 licita
705 2135 101 59 si
756 2135 169 59 certum
874 2135 185 59 fuisset
1009 2135 219 59 venditori
1177 2135 236 59 contingens
1363 2135 202 59 futurum,
1514 2135 118 59 vel
1582 2135 101 59 si
1632 2135 253 59 intentionem
1835 2135 219 59 habuisset
2003 2135 236 59 recipiendi
2172 2135 101 59 plus

496 2188 131 68 quam
577 2188 196 68 venditum
725 2188 131 68 erat
806 2188 229 68 valiturum.
986 2188 131 68 Vnde
1068 2188 147 68 licet
1166 2188 98 68 ex
1216 2188 147 68 forma
1314 2188 229 68 contractus
1494 2188 147 68 nihil
1592 2188 147 68 esset
1690 2188 229 68 illicitum,
1870 2188 115 68 sed
1935 2188 147 68 recta
2034 2188 180 68 ratione
2148 2188 131 68 factum

493 2243 86 67 ex
536 2243 201 67 intentione
694 2243 129 67 tamen
780 2243 187 67 vendentis
923 2243 115 67 erat
995 2243 201 67 illicitum:
1153 2243 72 67 &
1181 2243 143 67 contra
1282 2243 143 67 rectam
1382 2243 187 67 rationem.
1526 2243 172 67 secundum
1655 2243 115 67 quod
1727 2243 129 67 omnia
1813 2243 115 67 ista
1885 2243 143 67 patent
1985 2243 86 67 ex
2028 2243 129 67 supra
2100 2243 172 67 expositis.

523 2295 183 66 Finis.
651 2295 202 66 XXVIll.
798 2295 275 66 Quaestionum
1018 2295 275 66 Quodlibeti.
1238 2295 147 66 Ill.
1330 2295 220 66 Magistri
1495 2295 202 66 Henrici
1641 2295 92 66 a
1678 2295 220 66 Gandauo,
1843 2295 312 66 disputatarum,
2100 2295 92 66 &
2137 2295 165 66 deter

481 2352 252 79 minatarum
675 2352 117 79 ab
733 2352 155 79 ipso
830 2352 117 79 in
888 2352 214 79 scholis
1044 2352 175 79 eius.
1160 2352 155 79 Anno
1257 2352 136 79 Do.
1335 2352 291 79 MCCIXXVIll.
1568 2352 175 79 circa
1665 2352 175 79 Pascha.

638 2429 217 95 Eiusdem
796 2429 237 95 Magistri
974 2429 217 95 Henrici
1132 2429 237 95 Goethals
1310 2429 99 95 a
1350 2429 237 95 Gandauo,
1528 2429 237 95 Doctoris
1686 2429 217 95 Solennis,

647 2515 310 74 Quaestiones
895 2515 289 74 Quodlibeti
1101 2515 186 74 Quarti.

1011 2625 224 109 s
1101 2625 582 109 superioxi
1548 2625 716 109 disputatione
2085 2625 179 109 no

1000 2724 133 66 stra
1084 2724 200 66 generali
1233 2724 266 66 quaerebantur
1450 2724 183 66 trigita
1583 2724 183 66 septem.
1716 2724 183 66 Quaedam
1849 2724 150 66 circa
1949 2724 150 66 deum.
2049 2724 183 66 Quaedam
2165 2724 117 66 cirea

1001 2779 218 71 creaturas.
1173 2779 140 71 Circa
1266 2779 125 71 deum
1344 2779 187 71 quaesita
1484 2779 234 71 pertinebant
1671 2779 93 71 ad
1718 2779 218 71 personales
1889 2779 234 71 relationes.
2076 2779 156 71 Quorum
2185 2779 125 71 vnum

1004 2836 123 66 erat
1081 2836 92 66 de
1127 2836 108 66 eis
1188 2836 92 66 in
1234 2836 185 66 communi.
1373 2836 123 66 Alia
1450 2836 123 66 vero
1526 2836 108 66 duo
1588 2836 138 66 circa
1680 2836 215 66 relationem
1849 2836 231 66 filiationis
2034 2836 92 66 in
2080 2836 200 66 speciali.
2218 2836 62 66 DE

997 2885 133 64 primo
1086 2885 118 64 ergo
1159 2885 118 64 erat
1233 2885 192 64 quaestio,
1380 2885 133 64 vtrum
1469 2885 162 64 relatio
1587 2885 133 64 prius
1675 2885 103 64 sit
1734 2885 88 64 in
1778 2885 147 64 diuina
1881 2885 177 64 essentia
2014 2885 118 64 quam
2087 2885 88 64 in
2132 2885 177 64 persona.

1018 2943 125 63 Quia
1096 2943 93 63 in
1143 2943 202 63 essentia,
1299 2943 202 63 arguitur:
1454 2943 125 63 quia
1532 2943 171 63 videmus
1657 2943 125 63 quod
1734 2943 93 63 in
1781 2943 202 63 creaturis
1937 2943 171 63 relatio
2061 2943 140 63 prius
2155 2943 109 63 est
2217 2943 93 63 in

997 3005 99 57 eo
1046 3005 99 57 in
1095 3005 115 57 quo
1161 3005 214 57 fundatur,
1326 3005 99 57 vt
1375 3005 231 57 similitudo
1556 3005 99 57 in
1606 3005 198 57 albedine
1754 3005 132 57 quam
1836 3005 99 57 in
1886 3005 214 57 supposito
2050 3005 148 57 albo,
2149 3005 132 57 quod
2215 3005 66 57 re

998 3049 132 67 fert
1080 3049 99 67 ad
1129 3049 165 67 aliud.
1245 3049 115 67 Non
1311 3049 132 67 enim
1393 3049 115 67 est
1459 3049 99 67 in
1509 3049 231 67 supposito,
1690 3049 132 67 nisi
1773 3049 132 67 quia
1855 3049 165 67 albedo
1971 3049 148 67 inest
2070 3049 132 67 illi
2136 3049 148 67 supposi

994 3110 128 55 to.
1067 3110 147 55 ergo
1159 3110 128 55 &c.
1232 3110 202 55 CONtra.
1379 3110 202 55 relatio
1525 3110 257 55 distinguit
1727 3110 128 55 per
1800 3110 110 55 se
1855 3110 92 55 &
1892 3110 165 55 primo
2002 3110 275 55 suppositum,
2204 3110 73 55 er

989 3164 98 77 go
1038 3164 114 77 per
1103 3164 98 77 se
1152 3164 81 77 &
1184 3164 147 77 primo
1282 3164 147 77 inest
1380 3164 114 77 ei.
1445 3164 195 77 DIcendum
1591 3164 130 77 quod
1673 3164 179 77 relatio
1803 3164 98 77 in
1852 3164 179 77 diuinis
1982 3164 114 77 non
2048 3164 114 77 est
2113 3164 130 77 nisi
2178 3164 114 77 respe
