2452 3702
158 290 124 93 ctus
235 290 155 93 quidam
343 290 139 93 vnius
436 290 186 93 personae
575 290 93 93 ad
622 290 139 93 aliam
715 290 217 93 fundatarum
885 290 93 93 in
931 290 139 93 eadem
1024 290 201 93 essentia,
1179 290 124 93 quas
1256 290 217 93 distinguit
1426 290 217 93 abinuicem.
1597 290 170 93 propter
1720 290 124 93 quod
1782 290 186 93 necessario

180 368 122 64 hent
256 368 122 64 esse
332 368 91 64 in
378 368 167 64 duobus,
499 368 137 64 licet
591 368 243 64 diuersimode,
788 368 183 64 scilicet
925 368 91 64 in
971 368 152 64 diuina
1078 368 183 64 essentia
1214 368 198 64 inquantum
1367 368 167 64 existit
1488 368 91 64 in
1534 368 122 64 ipsa
1610 368 183 64 persona,
1747 368 91 64 vt
1793 368 91 64 in
1838 368 107 64 suo
1884 368 76 64 fun

174 421 181 62 damento:
310 421 75 62 &
340 421 91 62 in
385 421 121 62 ipsa
461 421 166 62 persona
581 421 196 62 inquantum
732 421 166 62 persona
853 421 196 62 subsistit
1004 421 91 62 in
1049 421 196 62 essentia,
1200 421 91 62 vt
1246 421 91 62 in
1291 421 211 62 constituto
1457 421 106 62 per
1517 421 121 62 eam.
1593 421 121 62 Quia
1668 421 151 62 igitur
1774 421 136 62 simul
1864 421 121 62 natu

176 482 90 56 ra
221 482 75 56 &
251 482 180 56 naturali
386 482 255 56 intelligentia
597 482 180 56 essentia
732 482 135 56 habet
822 482 180 56 existere
957 482 90 56 in
1002 482 180 56 persona,
1138 482 75 56 &
1168 482 165 56 persona
1288 482 210 56 subsistere
1453 482 90 56 in
1498 482 195 56 essentia:
1648 482 120 56 ideo
1724 482 195 56 similiter
1874 482 120 56 natu

187 524 97 65 ra
235 524 81 65 &
268 524 194 65 naturali
413 524 275 65 intelligentia
640 524 178 65 relatio
769 524 227 65 personalis
948 524 146 65 simul
1045 524 129 65 hent
1126 524 146 65 esse,
1223 524 81 65 &
1255 524 146 65 aeque
1352 524 146 65 primo
1449 524 97 65 in
1498 524 194 65 essentia
1643 524 162 65 diuina
1757 524 113 65 vno
1822 524 146 65 modo:
1902 524 49 65 &

188 587 91 57 in
233 587 167 57 persona
355 587 122 57 alio
431 587 137 57 modo:
523 587 76 57 &
553 587 107 57 sic
614 587 183 57 quaestio
751 587 152 57 falsum
858 587 228 57 supponebat.
1040 587 91 57 AD
1086 587 152 57 primum
1193 587 122 57 ergo
1269 587 137 57 arti.
1360 587 198 57 dicendum,
1512 587 122 57 quod
1589 587 107 57 non
1649 587 107 57 est
1710 587 152 57 simile
1817 587 91 57 de
1847 587 107 57 rela-

181 628 144 69 tione
277 628 96 69 in
325 628 112 69 deo
389 628 80 69 &
421 628 96 69 in
469 628 224 69 creaturis:
645 628 128 69 quia
725 628 176 69 relatio
853 628 208 69 supposito
1013 628 208 69 creaturae
1173 628 112 69 iam
1237 628 96 69 in
1285 628 128 69 esse
1365 628 224 69 constituto
1541 628 288 69 accidentaliter
1781 628 192 69 aduenit:
1909 628 48 69 &

184 693 121 56 suum
260 693 227 56 fundamentum
441 693 212 56 similiter,
607 693 136 56 licet
698 693 121 56 vnum
774 693 136 56 eorum
865 693 106 56 per
925 693 166 56 alterum
1046 693 151 56 insit,
1152 693 91 56 vt
1198 693 136 56 ponit
1288 693 227 56 argumentum.
1470 693 166 56 Relatio
1591 693 121 56 vero
1667 693 76 56 &
1697 693 182 56 essentia
1833 693 91 56 in
1878 693 106 56 deo

180 738 261 68 substantialiter
400 738 206 68 constituunt
565 738 124 68 ipsum
647 738 192 68 suppositum
798 738 96 68 per
853 738 96 68 hoc
908 738 110 68 quod
977 738 151 68 relatio
1087 738 124 68 habet
1169 738 110 68 esse
1238 738 82 68 in
1279 738 179 68 essentia,
1416 738 96 68 ita
1471 738 110 68 quod
1540 738 82 68 in
1581 738 82 68 eo
1622 738 110 68 ipso
1691 738 96 68 quo
1746 738 124 68 habet
1828 738 110 68 esse
1897 738 82 68 in

185 794 178 70 essentia
319 794 119 70 hent
393 794 223 70 constituere
572 794 193 70 personam,
721 794 74 70 &
750 794 119 70 esse
825 794 89 70 in
869 794 178 70 persona.
1003 794 104 70 Per
1063 794 119 70 ambo
1137 794 119 70 enim
1211 794 134 70 aeque
1301 794 134 70 primo
1390 794 74 70 &
1420 794 193 70 immediate
1568 794 164 70 persona
1687 794 208 70 constituta
1851 794 119 70 est:
1910 794 45 70 &

177 847 153 66 relatio
289 847 84 66 in
330 847 153 66 vtroque
442 847 125 66 habet
525 847 125 66 esse.
609 847 84 66 Si
651 847 111 66 vero
720 847 153 66 relatio
832 847 98 66 non
887 847 125 66 esset
971 847 167 66 personae
1096 847 237 66 constitutiua:
1291 847 70 66 &
1319 847 98 66 non
1375 847 98 66 per
1431 847 98 66 hoc
1486 847 84 66 in
1528 847 111 66 ipsa
1598 847 139 66 esset:
1695 847 98 66 sed
1751 847 125 66 solum
1835 847 111 66 quia
1890 847 70 66 res

186 901 128 67 super
271 901 114 67 quam
343 901 157 67 relatio
457 901 171 67 fundatur
585 901 100 67 est
642 901 86 67 in
685 901 114 67 ipsa
756 901 171 67 persona:
885 901 114 67 tunc
956 901 185 67 oporteret
1099 901 185 67 concedere
1242 901 86 67 vt
1284 901 200 67 argumentum
1441 901 200 67 concludit,
1598 901 114 67 quod
1670 901 128 67 esset
1755 901 128 67 prius
1827 901 128 67 relatio

180 951 84 63 in
222 951 168 63 essentia
348 951 112 63 quam
418 951 84 63 in
460 951 168 63 persona.
585 951 84 63 AD
627 951 168 63 secundum
753 951 182 63 dicendum,
893 951 112 63 quod
963 951 126 63 licet
1047 951 154 63 relatio
1158 951 196 63 distinguit
1312 951 126 63 primo
1396 951 70 63 &
1424 951 98 63 per
1480 951 84 63 se
1522 951 182 63 personam:
1662 951 70 63 &
1689 951 98 63 sic
1745 951 126 63 primo
1829 951 70 63 &
1857 951 98 63 per
1913 951 84 63 se
1941 951 42 63 A

186 1013 111 61 hent
256 1013 111 61 esse
325 1013 84 61 in
367 1013 167 61 persona,
493 1013 84 61 vt
534 1013 84 61 in
576 1013 195 61 constituto
730 1013 70 61 &
757 1013 181 61 distincto
897 1013 98 61 per
953 1013 139 61 ipsam:
1050 1013 98 61 non
1106 1013 125 61 tamen
1189 1013 167 61 sequitur
1315 1013 84 61 ex
1357 1013 98 61 hoc
1412 1013 111 61 quin
1482 1013 125 61 etiam
1566 1013 139 61 primo,
1663 1013 70 61 &
1691 1013 98 61 per
1747 1013 84 61 se
1789 1013 139 61 habeat
1872 1013 84 61 esse

179 1060 83 69 in
221 1060 165 69 essentia
344 1060 83 69 vt
386 1060 83 69 in
427 1060 96 69 suo
482 1060 206 69 fundamento.
647 1060 206 69 Sequaeretur
812 1060 124 69 autem
894 1060 83 69 si
936 1060 124 69 eodem
1018 1060 110 69 modo
1087 1060 151 69 haberet
1197 1060 110 69 esse
1266 1060 83 69 in
1307 1060 151 69 persona
1417 1060 69 69 &
1444 1060 83 69 in
1486 1060 179 69 essentia.
1623 1060 165 69 scilicet
1747 1060 83 69 vt
1788 1060 83 69 in
1816 1060 138 69 subiecto

180 1109 112 74 siue
250 1109 84 74 in
292 1109 211 74 fundamento,
461 1109 169 74 scilicet
588 1109 84 74 vt
630 1109 127 74 primo
714 1109 127 74 esset
798 1109 84 74 in
841 1109 169 74 essentia
967 1109 84 74 vt
1009 1109 84 74 in
1051 1109 183 74 subiecto:
1192 1109 70 74 &
1220 1109 98 74 per
1276 1109 127 74 illam
1361 1109 84 74 in
1403 1109 155 74 persona
1515 1109 84 74 vt
1557 1109 84 74 in
1600 1109 183 74 subiecto,
1740 1109 98 74 vel
1796 1109 84 74 vt
1839 1109 84 74 in
1867 1109 98 74 disti

183 1174 95 70 cto
238 1174 95 70 per
292 1174 135 70 ipsam,
386 1174 81 70 vt
427 1174 162 70 scilicet
548 1174 122 70 primo
629 1174 216 70 distingueret
805 1174 176 70 personam,
940 1174 68 70 &
967 1174 216 70 distinguendo
1143 1174 162 70 personam
1264 1174 216 70 distingueret
1440 1174 189 70 essentiam:
1589 1174 108 70 quid
1656 1174 95 70 non
1710 1174 95 70 est
1751 1174 108 70 verum.

503 1280 183 73 Equuntur
640 1280 229 73 quaestiones
823 1280 122 73 duae
899 1280 92 73 de
945 1280 244 73 relationibus
1143 1280 168 73 diuinis
1266 1280 92 73 in
1311 1280 198 73 speciali.
1464 1280 107 73 Vna
1525 1280 92 73 in
1571 1280 244 73 comperatione
1769 1280 92 73 ad
1799 1280 153 73 spiritum

518 1329 195 60 sanctum:
664 1329 146 60 vtrum
761 1329 195 60 scilicet
907 1329 146 60 imago
1005 1329 211 60 conveniat
1167 1329 195 60 spiritui
1313 1329 162 60 sancto
1427 1329 146 60 sicut
1524 1329 81 60 &
1556 1329 162 60 filio.
1670 1329 130 60 Alia
1751 1329 130 60 vero
1832 1329 97 60 in
1865 1329 81 60 con

498 1386 206 63 paratione
657 1386 95 63 ad
704 1386 127 63 eius
784 1386 222 63 genitricem
958 1386 190 63 secundum
1101 1386 174 63 humanam
1228 1386 190 63 naturam:
1370 1386 143 63 vtrum
1465 1386 190 63 scilicet
1608 1386 95 63 in
1656 1386 174 63 Christo
1783 1386 127 63 sint
1862 1386 127 63 duae

503 1437 162 67 reales
616 1437 259 67 filiationes:
827 1437 113 67 vna
891 1437 97 67 ad
940 1437 178 67 patrem,
1070 1437 130 67 alia
1151 1437 97 67 ad
1199 1437 178 67 matrem.
1329 1437 146 67 ClRca
1426 1437 162 67 primum
1539 1437 275 67 argumentatur,
1766 1437 130 67 quod
1831 1437 113 67 imago

518 1496 197 61 conueniat
670 1496 182 61 spiritui
806 1496 167 61 sancto,
928 1496 137 61 sicut
1019 1496 76 61 &
1049 1496 152 61 filio.
1155 1496 121 61 quia
1231 1496 152 61 filius
1338 1496 91 61 eo
1383 1496 106 61 est
1444 1496 137 61 imago
1535 1496 106 61 quo
1596 1496 106 61 est
1656 1496 182 61 similis.
1778 1496 182 61 Similitudo

517 1543 126 64 autem
601 1543 84 64 in
643 1543 154 64 diuinis
755 1543 98 64 est
810 1543 154 64 ratione
922 1543 196 64 essentiae.
1076 1543 98 64 sed
1132 1543 168 64 essentia
1257 1543 182 64 equaliter
1397 1543 112 64 hent
1467 1543 112 64 esse
1537 1543 84 64 in
1579 1543 154 64 spiritu
1691 1543 154 64 sancto,
1802 1543 70 64 &
1830 1543 84 64 in
1858 1543 98 64 filio

487 1586 126 72 ergo
566 1586 111 72 &c.
629 1586 174 72 Contra.
756 1586 158 72 filius
866 1586 95 72 eo
914 1586 111 72 est
977 1586 142 72 imago
1072 1586 111 72 quo
1135 1586 190 72 procedit
1277 1586 111 72 per
1341 1586 142 72 modum
1435 1586 190 72 naturae.
1578 1586 190 72 Spiritus
1720 1586 174 72 sanctus
1846 1586 142 72 autem

195 1659 100 62 non
252 1659 172 62 procedit
381 1659 100 62 per
438 1659 129 62 modum
524 1659 172 62 naturae.
653 1659 115 62 ergo
725 1659 100 62 &c.
782 1659 172 62 DIcendum
911 1659 86 62 ad
954 1659 115 62 hoc:
1026 1659 115 62 quod
1098 1659 129 62 omnis
1184 1659 129 62 imago
1270 1659 129 62 habet
1356 1659 172 62 rationem
1485 1659 172 62 similis:
1614 1659 100 62 sed
1671 1659 100 62 non
1729 1659 201 62 econuerso,
1872 1659 86 62 plus

180 1703 124 62 enim
257 1703 217 62 requiritur
428 1703 93 62 ad
474 1703 186 62 imaginem
614 1703 124 62 quam
691 1703 93 62 ad
738 1703 279 62 similitudinem.
970 1703 155 62 Simile
1079 1703 124 62 enim
1156 1703 124 62 hent
1234 1703 186 62 rationem
1373 1703 171 62 similis
1497 1703 93 62 ex
1544 1703 93 62 eo
1590 1703 124 62 quod
1668 1703 109 62 cum
1730 1703 155 62 altero
1838 1703 155 62 quodam

173 1754 132 65 modo
255 1754 214 65 convenit:
419 1754 148 65 licet
518 1754 99 65 ab
567 1754 132 65 illo
649 1754 115 65 non
715 1754 247 65 procederet,
913 1754 115 65 nec
978 1754 99 65 ab
1028 1754 132 65 illo
1110 1754 181 65 haberet
1241 1754 132 65 quod
1324 1754 99 65 ei
1373 1754 164 65 simile
1488 1754 164 65 esset:
1603 1754 115 65 sed
1669 1754 164 65 simile
1784 1754 99 65 ex
1833 1754 115 65 hoc
1883 1754 82 65 so-

184 1806 131 72 lummo
272 1806 146 72 habent
374 1806 175 72 rationem
505 1806 175 72 imaginis
637 1806 190 72 alterius:
783 1806 117 72 quod
856 1806 175 72 secundum
987 1806 175 72 rationem
1118 1806 219 72 assimilandi
1294 1806 88 72 ab
1337 1806 117 72 ipso
1410 1806 88 72 vt
1454 1806 146 72 simile
1556 1806 88 72 ei
1600 1806 190 72 procedit.
1746 1806 131 72 Imago
1834 1806 117 72 enim
1892 1806 73 72 est

178 1867 88 64 id
222 1867 132 64 cuius
310 1867 190 64 generatio
456 1867 102 64 est
515 1867 88 64 ad
559 1867 176 64 alterius
691 1867 234 64 imitationem,
881 1867 88 64 vt
925 1867 132 64 dicit
1013 1867 234 64 philosophus.
1203 1867 117 64 Quia
1276 1867 146 64 igitur
1379 1867 176 64 spiritus
1510 1867 161 64 sanctus
1627 1867 176 64 procedit
1759 1867 176 64 couniter
1891 1867 73 64 a
1905 1867 59 64 pa

185 1914 104 71 tre
244 1914 74 71 &
274 1914 133 71 filio
363 1914 89 71 in
407 1914 133 71 eadem
496 1914 178 71 essentia
630 1914 89 71 in
674 1914 104 71 qua
733 1914 178 71 procedit
867 1914 148 71 filius
970 1914 74 71 a
1000 1914 119 71 solo
1074 1914 148 71 patre:
1178 1914 74 71 &
1207 1914 178 71 essentia
1341 1914 104 71 est
1400 1914 133 71 ratio
1489 1914 252 71 similitudinis
1696 1914 193 71 diuinarum
1830 1914 133 71 persona

181 1980 115 61 rum:
252 1980 115 61 ideo
324 1980 115 61 bene
396 1980 129 61 verum
482 1980 115 61 est,
554 1980 115 61 quod
626 1980 172 61 spiritus
756 1980 158 61 sanctus
871 1980 158 61 similis
986 1980 101 61 est
1043 1980 129 61 patri
1129 1980 72 61 &
1158 1980 144 61 filio,
1259 1980 129 61 sicut
1345 1980 144 61 filius
1446 1980 144 61 patri.
1546 1980 115 61 Quia
1618 1980 129 61 tamen
1704 1980 144 61 filius
1805 1980 172 61 procedit
1920 1980 43 61 a

185 2020 127 78 patre
270 2020 169 78 secundum
396 2020 169 78 rationem
523 2020 226 78 assimilandi:
707 2020 99 78 non
763 2020 99 78 sic
820 2020 127 78 autem
904 2020 169 78 spiritus
1031 2020 169 78 sanctus:
1158 2020 113 78 ideo
1229 2020 141 78 filius
1327 2020 113 78 vere
1398 2020 169 78 dicendus
1525 2020 99 78 est
1581 2020 113 78 esse
1652 2020 141 78 imago:
1750 2020 71 78 &
1779 2020 99 78 non
1821 2020 141 78 spiritus

189 2087 192 59 sanctus.
333 2087 192 59 Assumpti
477 2087 224 59 declaratio
652 2087 208 59 consistit
812 2087 96 59 in
860 2087 160 59 duobus
972 2087 96 59 ex
1020 2087 160 59 natura
1132 2087 256 59 processionis
1340 2087 176 59 amborum
1468 2087 192 59 sumptis,
1611 2087 192 59 scilicet
1755 2087 96 59 in
1787 2087 176 59 principio

187 2130 114 64 siue
258 2130 86 64 in
301 2130 157 64 ratione
416 2130 215 64 originantis
587 2130 243 64 productionem:
788 2130 72 64 &
816 2130 86 64 in
859 2130 114 64 modo
931 2130 200 64 producendi
1088 2130 200 64 differenti
1246 2130 129 64 huius
1331 2130 72 64 &
1360 2130 157 64 illius.
1474 2130 143 64 Filius
1575 2130 114 64 enim
1646 2130 172 64 procedit
1775 2130 72 64 a
1804 2130 129 64 patre
1889 2130 100 64 per

188 2193 146 60 modum
285 2193 179 60 naturae
415 2193 98 60 vt
464 2193 81 60 a
497 2193 244 60 naturaliter
692 2193 211 60 generante
854 2193 114 60 per
919 2193 228 60 principium
1098 2193 98 60 in
1147 2193 98 60 eo
1196 2193 130 60 quid
1277 2193 114 60 est
1342 2193 179 60 natura:
1472 2193 81 60 &
1505 2193 146 60 etiam
1602 2193 114 60 per
1667 2193 146 60 modum
1749 2193 211 60 operationis

191 2237 272 71 intellectualis.
419 2237 129 71 Spuns
505 2237 157 71 sanctus
619 2237 129 71 autem
705 2237 172 71 procedit
834 2237 86 71 ab
877 2237 157 71 vtroque
991 2237 100 71 per
1048 2237 129 71 modum
1134 2237 243 71 liberalitatis
1334 2237 86 71 vt
1377 2237 71 71 a
1406 2237 214 71 liberaliter
1577 2237 172 71 spirante
1706 2237 100 71 per
1763 2237 200 71 principium
1906 2237 57 71 in

178 2293 102 60 eo,
237 2293 116 60 quod
309 2293 102 60 est
367 2293 189 60 voluntas:
512 2293 73 60 &
541 2293 102 60 ita
599 2293 102 60 per
658 2293 131 60 modum
745 2293 218 60 operationis
919 2293 232 60 voluntariae.
1108 2293 116 60 Nunc
1180 2293 131 60 autem
1267 2293 102 60 ita
1325 2293 102 60 est
1383 2293 116 60 quod
1456 2293 87 60 in
1499 2293 145 60 genere
1601 2293 189 60 principii
1746 2293 116 60 quod
1819 2293 102 60 est
1877 2293 116 60 natu

183 2349 119 57 ra,
251 2349 205 57 naturale
405 2349 119 57 est
473 2349 222 57 generanti
644 2349 239 57 assimilare
832 2349 137 57 sibi
917 2349 205 57 genitum.
1070 2349 171 57 Natura
1190 2349 137 57 enim
1275 2349 119 57 est
1344 2349 119 57 vis
1412 2349 171 57 insita
1531 2349 154 57 rebus
1634 2349 102 57 ex
1685 2349 222 57 similibus
1839 2349 119 57 simi-

180 2402 115 59 lia
245 2402 229 59 procreans.
425 2402 213 59 Similiter
589 2402 295 59 intellectualis
835 2402 246 59 operationis
1031 2402 115 59 est
1097 2402 213 59 producere
1261 2402 164 59 simile
1375 2402 98 59 de
1424 2402 180 59 simili,
1556 2402 98 59 vt
1605 2402 98 59 de
1654 2402 180 59 notitia
1785 2402 98 59 in
1818 2402 147 59 memoria

186 2455 151 63 verbum
291 2455 90 63 in
337 2455 271 63 intelligentia:
563 2455 166 63 tanquam
683 2455 136 63 artem
774 2455 90 63 de
819 2455 136 63 arte.
910 2455 256 63 Liberalitatis
1121 2455 136 63 autem
1211 2455 90 63 vt
1256 2455 226 63 liberalitas
1437 2455 121 63 est,
1513 2455 106 63 non
1573 2455 106 63 est
1633 2455 121 63 nisi
1709 2455 90 63 id
1754 2455 121 63 quid
1829 2455 121 63 suum
1890 2455 75 63 est

187 2499 159 75 alteri
298 2499 254 75 amicabiliter
505 2499 254 75 communicare.
712 2499 207 75 Similiter
871 2499 239 75 voluntariae
1062 2499 239 75 operationis
1252 2499 111 75 non
1316 2499 111 75 est
1380 2499 127 75 nisi
1459 2499 191 75 absolute
1602 2499 95 75 de
1650 2499 207 75 voluntate
1809 2499 127 75 quod
1873 2499 95 75 sibi

193 2567 165 65 placitum
317 2567 96 65 est
372 2567 193 65 producere.
523 2567 138 65 quorum
620 2567 151 65 neutrum
730 2567 165 65 importat
854 2567 124 65 illam
936 2567 165 65 rationem
1060 2567 220 65 assimilandi.
1239 2567 83 65 Ex
1280 2567 96 65 quo
1335 2567 138 65 patet:
1431 2567 110 65 quod
1500 2567 138 65 filius
1596 2567 206 65 simpliciter
1761 2567 165 65 procedit
1885 2567 96 65 per

193 2614 166 65 rationem
318 2614 222 65 assimilandi:
498 2614 97 65 non
553 2614 125 65 autem
637 2614 166 65 spiritus
761 2614 166 65 sanctus.
886 2614 152 65 propter
997 2614 111 65 quid
1066 2614 83 65 vt
1108 2614 139 65 dictum
1205 2614 97 65 est
1260 2614 166 65 spiritus
1385 2614 152 65 sanctus
1496 2614 125 65 licet
1579 2614 152 65 similis
1690 2614 97 65 sit
1745 2614 125 65 sicut
1828 2614 69 65 &
1842 2614 111 65 filius

186 2662 115 71 non
251 2662 148 71 tamen
350 2662 148 71 debet
449 2662 132 71 dici
531 2662 164 71 imago,
646 2662 148 71 sicut
745 2662 82 71 &
778 2662 148 71 ille.
876 2662 132 71 Vnde
959 2662 148 71 super
1057 2662 164 71 illud.
1172 2662 115 71 ii.
1238 2662 164 71 Corin.
1353 2662 148 71 iiii.
1452 2662 115 71 Qui
1518 2662 115 71 est
1584 2662 148 71 imago
1682 2662 132 71 dei.
1765 2662 132 71 Glo.
1830 2662 132 71 patris

183 2724 137 80 quia
268 2724 103 80 de
320 2724 137 80 illo
405 2724 137 80 est.
490 2724 120 80 Vbi
559 2724 137 80 enim
644 2724 120 80 est
713 2724 171 80 imago,
832 2724 205 80 continuo
986 2724 239 80 similitudo
1174 2724 137 80 est:
1259 2724 120 80 vbi
1328 2724 256 80 similitudo,
1533 2724 120 80 non
1601 2724 120 80 est
1670 2724 205 80 continuo
1823 2724 171 80 imago.

188 2777 126 78 Per
260 2777 144 78 quod
350 2777 180 78 patent
458 2777 180 78 obiecta.

535 2824 135 72 Irca
620 2824 203 72 secundum
772 2824 220 72 arguitur:
941 2824 135 72 quod
1025 2824 135 72 duae
1109 2824 135 72 sunt
1194 2824 169 72 reales
1312 2824 237 72 relationes
1498 2824 270 72 filiationis:
1718 2824 118 72 vna
1785 2824 101 72 ad
1819 2824 152 72 patrem:

537 2882 121 64 alia
612 2882 91 64 ad
658 2882 151 64 matrem
763 2882 91 64 in
808 2882 181 64 Christo.
944 2882 121 64 quia
1020 2882 91 64 si
1065 2882 136 64 pater
1155 2882 166 64 fuisset
1276 2882 226 64 incarnatus,
1457 2882 121 64 noua
1533 2882 166 64 fuisset
1653 2882 91 64 ei
1699 2882 181 64 filiatio
1834 2882 151 64 acqui-

534 2935 115 62 sita
606 2935 86 62 ex
649 2935 216 62 generatione
822 2935 202 62 temporali.
980 2935 115 62 ergo
1052 2935 187 62 similitur
1196 2935 158 62 Christo
1312 2935 158 62 praeter
1427 2935 216 62 filiationem
1600 2935 86 62 ex
1643 2935 216 62 generatione
1816 2935 158 62 aeterna
1917 2935 43 62 a

535 2989 178 69 patre,
660 2989 232 69 acquisita
839 2989 125 69 est
910 2989 143 69 noua
999 2989 89 69 &
1035 2989 143 69 alia
1124 2989 214 69 filiatio
1285 2989 125 69 per
1356 2989 286 69 generationem
1588 2989 250 69 temporalem
1785 2989 107 69 ex
1820 2989 143 69 matre.

533 3055 171 54 CONtra.
658 3055 187 54 filiatio
798 3055 109 54 est
860 3055 218 54 suppositi.
1031 3055 78 54 &
1062 3055 140 54 vnius
1156 3055 202 54 suppositi
1311 3055 156 54 tantum
1420 3055 109 54 vna
1483 3055 109 54 est
1545 3055 202 54 filiatio.
1700 3055 187 54 DIcendum
1841 3055 93 54 ad
1887 3055 109 54 hoc

534 3098 112 69 per
598 3098 175 69 simile:
725 3098 127 69 quid
805 3098 96 69 in
853 3098 239 69 paternitate
1044 3098 207 69 contraria
1203 3098 223 69 filiationi
1378 3098 175 69 videmus
1506 3098 223 69 contingere
1681 3098 96 69 in
1729 3098 223 69 creaturis.
1888 3098 80 69 ibi

519 3153 127 82 enim
598 3153 174 82 aliquis
725 3153 159 82 dictus
836 3153 111 82 per
900 3153 95 82 ex
947 3153 190 82 respectu
1090 3153 95 82 ad
1138 3153 127 82 vnum
1217 3153 159 82 filium
1328 3153 206 82 generatum
1486 3153 95 82 ab
1534 3153 127 82 ipso
1613 3153 206 82 primitus,
1772 3153 127 82 etsi
1835 3153 127 82 postmo
