2454 3706
173 270 152 95 titia
274 270 101 95 de
325 270 101 95 re
376 270 253 95 intellecta,
579 270 135 95 quam
663 270 169 95 aliqua
781 270 135 95 alia
866 270 186 95 species
1001 270 101 95 ab
1052 270 135 95 ipso
1136 270 220 95 impressa.
1305 270 135 95 Vnde
1390 270 152 95 actus
1491 270 186 95 videndi
1626 270 118 95 quo
1694 270 169 95 oculus
1795 270 169 95 percipit

183 351 142 64 extra
278 351 110 64 rem
341 351 142 64 visam
435 351 221 64 obiectiue,
609 351 221 64 perfectius
782 351 205 64 assimilat
939 351 158 64 oculum
1050 351 110 64 rei
1113 351 142 64 visae
1207 351 126 64 quam
1286 351 173 64 species
1412 351 110 64 rei
1475 351 189 64 impressa
1617 351 110 64 ei:
1680 351 126 64 quia
1758 351 173 64 species
1869 351 95 64 ista

176 401 120 57 non
245 401 206 57 informat
399 401 155 57 neque
502 401 223 57 assimilat
674 401 172 57 oculum
794 401 137 57 nisi
880 401 120 57 sub
949 401 189 57 ratione
1086 401 206 57 speculi.
1241 401 155 57 Actus
1344 401 137 57 vero
1430 401 137 57 ille
1515 401 206 57 informat
1670 401 86 57 &
1704 401 223 57 assimilat
1859 401 103 57 ocu-

186 455 117 70 lum
253 455 117 70 sub
320 455 185 70 ratione
455 455 285 70 cognoscentis.
690 455 84 70 &
723 455 117 70 sic
790 455 168 70 specie
908 455 134 70 illa
992 455 268 70 principalius
1210 455 252 70 informatur,
1411 455 84 70 &
1445 455 252 70 assimilatur
1646 455 117 70 rei
1713 455 151 70 visae
1814 455 185 70 organum

183 505 124 71 quam
261 505 109 71 vis
323 505 171 71 visiua.
447 505 93 71 in
494 505 124 71 actu
571 505 140 71 autem
665 505 171 71 videndi
789 505 202 71 contingit
944 505 217 71 econuerso.
1115 505 93 71 Et
1161 505 124 71 quod
1239 505 124 71 deus
1316 505 186 71 praesens
1456 505 155 71 animae
1565 505 109 71 per
1627 505 202 71 essentiam
1782 505 93 71 vt
1813 505 155 71 obiectum

190 567 269 57 manifestans
405 567 144 57 nude
495 567 233 57 essentiam
674 567 161 57 suam,
782 567 233 57 immediate
961 567 215 57 videatur
1123 567 179 57 absque
1248 567 144 57 omni
1338 567 179 57 specie
1464 567 251 57 impressiua
1661 567 197 57 praeter
1805 567 161 57 actum
1894 567 72 57 vi

182 616 161 59 dendi,
295 616 97 59 si
343 616 145 59 tamen
440 616 129 59 ille
520 616 177 59 species
649 616 177 59 poterit
778 616 145 59 dici,
874 616 145 59 patet
971 616 177 59 ratione
1100 616 129 59 alia
1180 616 129 59 quam
1261 616 209 59 induximus
1422 616 145 59 super
1518 616 113 59 hoc
1583 616 145 59 alias
1679 616 97 59 in
1728 616 161 59 quadam
1840 616 145 59 quae-

177 668 173 72 stione
298 668 104 72 de
350 668 208 72 veritate
506 668 121 72 dei
576 668 243 72 incidenter
766 668 104 72 ad
818 668 295 72 dissolutionem
1061 668 208 72 cuiusdam
1217 668 225 72 argumenti
1391 668 139 72 quae
1477 668 173 72 ibidem
1599 668 225 72 diffusius
1772 668 121 72 est
1824 668 139 72 tracta

191 726 111 67 ta.
254 726 95 67 Et
302 726 126 67 erat
381 726 142 67 ratio
475 726 142 67 illa:
570 726 126 67 quod
649 726 95 67 si
697 726 174 67 species
823 726 158 67 aliqua
933 726 79 67 a
965 726 111 67 deo
1028 726 237 67 intellectui
1218 726 142 67 beato
1312 726 190 67 impressa
1455 726 158 67 esset:
1565 726 126 67 quae
1644 726 142 67 esset
1739 726 142 67 ratio
1818 726 142 67 videndi

181 781 150 68 ipsum
281 781 116 68 per
348 781 233 68 essentiam:
530 781 133 68 illa
614 781 183 68 species
747 781 233 68 necessario
929 781 183 68 haberet
1062 781 349 68 repraesentationem
1362 781 133 68 eius
1445 781 133 68 quod
1528 781 100 68 de
1578 781 116 68 deo
1644 781 116 68 per
1711 781 150 68 ipsam
1794 781 166 68 videtur.

186 829 133 71 quid
269 829 166 71 omnino
386 829 116 71 est
452 829 249 71 impossibile
651 829 183 71 propter
784 829 249 71 infinitatem
983 829 166 71 illius
1100 829 133 71 quod
1183 829 249 71 intellectus
1382 829 166 71 beatus
1498 829 149 71 videt
1598 829 100 71 de
1648 829 133 71 deo,
1731 829 133 71 siue
1814 829 149 71 visum
1897 829 66 71 il

181 883 117 62 lud
248 883 117 62 sit
315 883 133 62 ipsa
398 883 167 62 diuina
515 883 217 62 essentia,
681 883 133 62 siue
764 883 233 62 quodcumque
948 883 150 62 aliud
1048 883 183 62 ratione
1181 883 100 62 ab
1231 883 133 62 ipsa
1314 883 233 62 differens:
1498 883 100 62 vt
1547 883 150 62 ratio
1647 883 200 62 alicuius
1781 883 183 62 attributi

179 939 123 64 vel
250 939 264 64 emanationis
461 939 264 64 personalis,
672 939 123 64 aut
743 939 211 64 persona,
901 939 123 64 aut
971 939 246 64 personalis
1165 939 264 64 proprietas,
1376 939 123 64 aut
1447 939 246 64 huiusmodi:
1640 939 106 64 vt
1693 939 123 64 sic
1763 939 123 64 non
1816 939 141 64 tantum

180 988 114 68 sit
245 988 244 68 impossibile
440 988 162 68 dicere
553 988 130 68 quod
635 988 179 68 species
765 988 130 68 illa
846 988 114 68 est
911 988 309 68 repraesentatiua
1171 988 227 68 trinitatis
1350 988 227 68 personarum
1528 988 97 68 in
1577 988 179 68 vnitate
1707 988 227 68 essentiae:
1870 988 97 68 immo

187 1045 143 68 etiam
282 1045 238 68 impossibile
473 1045 111 68 est
536 1045 159 68 dicere
647 1045 127 68 quod
727 1045 111 68 sit
790 1045 286 68 representatiua
1028 1045 190 68 vnitatis
1171 1045 222 68 essentiae:
1346 1045 95 68 vt
1394 1045 127 68 ipsa
1473 1045 190 68 essentia
1616 1045 143 68 primo
1711 1045 175 68 cognita
1838 1045 111 68 per
1886 1045 79 68 spe

186 1099 154 69 ciem,
289 1099 206 69 vlterius
443 1099 257 69 cognoscatur
649 1099 206 69 trinitas
803 1099 120 69 per
871 1099 171 69 ipsam,
991 1099 137 69 quia
1077 1099 206 69 trinitas
1231 1099 103 69 in
1283 1099 206 69 essentia
1437 1099 223 69 fundatur.
1608 1099 137 69 Quid
1694 1099 154 69 etiam
1797 1099 103 69 ex
1848 1099 120 69 hoc
1899 1099 69 69 pa

178 1154 116 60 tet
245 1154 166 60 aperte
361 1154 133 60 esse
445 1154 266 60 impossibile:
661 1154 133 60 quia
744 1154 200 60 trinitas
894 1154 116 60 non
961 1154 200 60 fundatur
1110 1154 100 60 in
1160 1154 200 60 essentia
1310 1154 133 60 nisi
1393 1154 183 60 ratione
1526 1154 250 60 infinitatis
1726 1154 233 60 essentiae.
1892 1154 67 60 Si

179 1207 127 62 ergo
259 1207 191 62 trinitas
402 1207 239 62 cognoscitur
593 1207 112 62 per
657 1207 207 62 essentiam
817 1207 96 62 vt
864 1207 127 62 ipsa
944 1207 175 62 cognita
1072 1207 112 62 est
1135 1207 112 62 per
1199 1207 191 62 speciem:
1342 1207 112 62 per
1406 1207 175 62 speciem
1534 1207 159 62 igitur
1645 1207 175 62 finitam
1757 1207 207 62 cognoscetur

187 1263 188 62 essentia
328 1263 188 62 secundum
469 1263 188 62 rationem
609 1263 125 62 suae
688 1263 250 62 infinitatis,
891 1263 125 62 quod
969 1263 109 62 est
1032 1263 156 62 omnino
1141 1263 250 62 impossibile.
1344 1263 109 62 Nec
1407 1263 109 62 est
1469 1263 94 62 in
1516 1263 109 62 hoc
1579 1263 156 62 aliqua
1688 1263 250 62 differentia:
1876 1263 78 62 si-

182 1313 100 69 ue
232 1313 117 69 hoc
299 1313 134 69 fiat
383 1313 251 69 naturaliter
583 1313 134 69 siue
667 1313 234 69 voluntarie
851 1313 117 69 deo
918 1313 100 69 se
968 1313 284 69 manifestante,
1202 1313 134 69 siue
1285 1313 150 69 etiam
1386 1313 117 69 non
1453 1313 134 69 nisi
1536 1313 117 69 deo
1603 1313 217 69 praesente
1770 1313 100 69 vt
1804 1313 150 69 obiecto

187 1369 205 65 cognito:
341 1369 120 65 dum
409 1369 154 65 tamen
512 1369 188 65 ponatur
649 1369 137 65 deus
734 1369 205 65 cognosci
888 1369 120 65 per
957 1369 222 65 huiusmodi
1128 1369 205 65 speciem:
1282 1369 103 65 vt
1333 1369 137 65 ipsa
1419 1369 120 65 sit
1487 1369 154 65 ratio
1590 1369 257 65 cognoscendi
1795 1369 205 65 secundum

186 1430 128 61 quod
266 1430 176 61 species
394 1430 96 61 in
443 1430 144 61 oculo
539 1430 112 61 est
603 1430 144 61 ratio
699 1430 176 61 videndi
827 1430 176 61 hominem
956 1430 112 61 qui
1020 1430 225 61 voluntarie
1196 1430 257 61 repraesentat
1405 1430 96 61 se
1453 1430 225 61 conspectui
1629 1430 192 61 hominis:
1774 1430 144 61 etiam
1870 1430 96 61 si
1902 1430 64 61 po

177 1472 156 62 natur
281 1472 139 62 quod
367 1472 243 62 voluntarie
558 1472 191 62 speciem
697 1472 139 62 suam
783 1472 139 62 illi
870 1472 225 62 imprimat.
1043 1472 104 62 ET
1095 1472 121 62 cum
1165 1472 121 62 hoc
1234 1472 104 62 ad
1286 1472 139 62 idem
1373 1472 121 62 est
1442 1472 156 62 ratio
1546 1472 139 62 alia
1633 1472 173 62 ducens
1754 1472 104 62 ad
1789 1472 173 62 impossi-

179 1529 151 65 bile.
280 1529 101 65 Si
330 1529 134 65 enim
414 1529 185 65 species
548 1529 117 65 dei
616 1529 218 65 informans
783 1529 252 65 intellectum
985 1529 151 65 esset
1085 1529 151 65 ratio
1186 1529 268 65 intelligendi
1404 1529 151 65 ipsum
1505 1529 134 65 vllo
1589 1529 151 65 modo:
1690 1529 101 65 vt
1740 1529 117 65 per
1807 1529 117 65 hoc
1874 1529 117 65 in-

188 1581 199 67 tellectus
341 1581 138 67 esset
433 1581 230 67 assimilatus
617 1581 107 67 deo
679 1581 138 67 sicut
771 1581 138 67 visus
863 1581 153 67 colori
970 1581 107 67 per
1031 1581 169 67 speciem
1154 1581 184 67 coloris:
1292 1581 169 67 tamquam
1415 1581 138 67 ratio
1507 1581 169 67 videndi
1630 1581 138 67 nudam
1722 1581 107 67 dei
1783 1581 199 67 essentiam
1921 1581 46 67 &

182 1634 230 64 assimilandi
366 1634 92 64 ei
412 1634 169 64 quantum
534 1634 184 64 creatura
673 1634 153 64 potest
780 1634 230 64 assimilari:
964 1634 123 64 tunc
1041 1634 215 64 necessario
1209 1634 123 64 ista
1286 1634 169 64 species
1409 1634 123 64 plus
1485 1634 138 64 esset
1578 1634 276 64 representatiua
1808 1634 92 64 de
1854 1634 107 64 deo
1900 1634 61 64 ex

185 1686 101 58 eis
242 1686 115 58 quae
314 1686 115 58 sunt
386 1686 86 58 in
429 1686 115 58 eius
501 1686 144 58 natura
601 1686 72 58 &
630 1686 187 58 essentia:
773 1686 115 58 quam
845 1686 101 58 sit
903 1686 158 58 aliquam
1017 1686 172 58 creatura
1147 1686 129 58 alia:
1233 1686 101 58 aut
1290 1686 129 58 etiam
1376 1686 129 58 imago
1462 1686 101 58 dei
1520 1686 86 58 in
1563 1686 144 58 homine
1663 1686 101 58 aut
1721 1686 86 58 in
1764 1686 158 58 angelo:
1879 1686 72 58 &
1893 1686 72 58 sic

177 1740 162 68 potius
290 1740 178 68 deberet
420 1740 129 68 dici
500 1740 146 68 imago
598 1740 113 68 dei
662 1740 129 68 quam
743 1740 194 68 creatura
889 1740 259 68 intellectual
1099 1740 129 68 homo
1180 1740 113 68 vel
1245 1740 194 68 angelus.
1390 1740 146 68 Quare
1488 1740 113 68 cum
1552 1740 194 68 secundum
1698 1740 243 68 Augustinum,
1876 1740 97 68 Homo

182 1795 83 60 eo
224 1795 124 60 imago
307 1795 97 60 dei
362 1795 97 60 est
417 1795 97 60 quo
472 1795 124 60 capax
555 1795 111 60 eius
624 1795 111 60 est,
693 1795 97 60 per
749 1795 207 60 intellecum.
914 1795 166 60 scilicet
1039 1795 97 60 aut
1094 1795 124 60 capax
1177 1795 111 60 esse
1246 1795 152 60 potest:
1356 1795 111 60 tunc
1425 1795 111 60 ergo
1495 1795 111 60 illa
1564 1795 152 60 species
1674 1795 111 60 plus
1743 1795 124 60 capax
1826 1795 97 60 dei
1867 1795 111 60 esset:

179 1850 123 60 quam
255 1850 154 60 aliqua
363 1850 123 60 alia
440 1850 184 60 creatura
578 1850 261 60 quantuncumque
794 1850 292 60 intellectualis.
1040 1850 77 60 &
1070 1850 108 60 sic
1132 1850 215 60 necessario
1301 1850 123 60 illa
1378 1850 169 60 species
1501 1850 123 60 cset
1578 1850 184 60 creatura
1701 1850 261 60 intellectualis.

184 1903 97 64 ET
232 1903 178 64 iterum.
362 1903 97 64 si
410 1903 145 64 talis
507 1903 145 64 esset
604 1903 129 64 illa
685 1903 194 64 species:
830 1903 129 64 tunc
911 1903 129 64 plus
992 1903 113 64 aut
1057 1903 162 64 tantum
1170 1903 291 64 repraesentaret
1412 1903 97 64 de
1461 1903 145 64 illis
1558 1903 129 64 quae
1639 1903 129 64 sunt
1703 1903 259 64 supernaturali-

183 1963 119 60 ter
251 1963 289 60 cognoscibilia
489 1963 102 60 de
540 1963 136 60 deo:
625 1963 136 60 quam
709 1963 102 60 ex
760 1963 221 60 creaturis
930 1963 119 60 aut
998 1963 119 60 per
1066 1963 153 60 fidem
1168 1963 102 60 in
1219 1963 221 60 aenigmate
1389 1963 272 60 cognoscitur:
1609 1963 119 60 aut
1677 1963 221 60 possibile
1847 1963 119 60 est
1898 1963 68 60 co

177 2011 168 68 gnosci
295 2011 101 68 de
346 2011 152 68 ipso.
447 2011 101 68 Et
497 2011 118 68 ita
564 2011 118 68 cum
632 2011 135 68 illa
716 2011 185 68 species
851 2011 101 68 in
901 2011 236 68 intellectu
1086 2011 152 68 vnius
1187 2011 152 68 beati
1288 2011 219 68 visibilis
1457 2011 152 68 esset
1558 2011 219 68 obiectiue
1726 2011 101 68 ab
1760 2011 202 68 intellectu

177 2070 209 64 naturali
333 2070 209 64 alterius
490 2070 157 64 beati
595 2070 139 64 pura
682 2070 209 64 naturali
839 2070 261 64 cognitione:
1048 2070 105 64 in
1100 2070 139 64 illa
1188 2070 139 64 ergo
1275 2070 139 64 plus
1362 2070 122 64 vel
1432 2070 174 64 tantum
1554 2070 261 64 cognosceret
1763 2070 105 64 de
1815 2070 122 64 deo
1867 2070 105 64 pura

180 2116 221 65 naturali
345 2116 258 65 cognitione
548 2116 111 65 ex
603 2116 369 65 supernaturaliter
917 2116 295 65 cognoscendis
1156 2116 129 65 per
1230 2116 184 65 fidem,
1359 2116 147 65 quam
1451 2116 147 65 modo
1543 2116 276 65 cognoscatur
1764 2116 129 65 per
1820 2116 147 65 fidem.

181 2172 84 51 &
215 2172 118 51 hoc
282 2172 118 51 est
350 2172 270 51 impossibile,
569 2172 203 51 scilicet
721 2172 135 51 quod
806 2172 203 51 alicuius
958 2172 220 51 creaturae
1127 2172 220 51 naturalis
1296 2172 203 51 cognitio
1448 2172 169 51 possit
1566 2172 220 51 attingere
1735 2172 101 51 ad
1785 2172 135 51 illa
1870 2172 135 51 quae

182 2220 140 69 sunt
270 2220 158 69 purae
376 2220 263 69 cognitionis
586 2220 176 69 fidei.
709 2220 88 69 &
744 2220 123 69 sic
814 2220 140 69 illa
902 2220 193 69 species
1043 2220 140 69 quae
1130 2220 158 69 esset
1236 2220 123 69 vni
1306 2220 158 69 ratio
1411 2220 193 69 videndi
1552 2220 193 69 diuinam
1692 2220 228 69 essentiam
1850 2220 123 69 nudam

172 2276 102 62 in
223 2276 119 62 se,
291 2276 154 62 esset
394 2276 137 62 alii
479 2276 102 62 vt
530 2276 256 62 Theophania:
735 2276 102 62 in
786 2276 119 62 qua
855 2276 222 62 videretur
1025 2276 102 62 de
1077 2276 119 62 deo
1145 2276 137 62 quod
1230 2276 137 62 nunc
1315 2276 85 62 a
1350 2276 154 62 nobis
1452 2276 256 62 cognoscitur
1657 2276 102 62 de
1708 2276 137 62 ipso
1793 2276 119 62 per
1845 2276 119 62 fidem

173 2333 142 67 Quid
262 2333 160 67 tamen
369 2333 142 67 illi
458 2333 178 67 negant
582 2333 195 67 omnino:
724 2333 213 67 secundum
884 2333 142 67 quod
973 2333 160 67 istam
1080 2333 213 67 rationem
1239 2333 160 67 alias
1346 2333 231 67 induximus
1524 2333 107 67 in
1577 2333 249 67 quaestione
1773 2333 124 67 iam
1826 2333 142 67 dicta.

172 2386 125 60 PER
244 2386 143 60 quod
333 2386 161 60 patet
441 2386 179 60 aperte
566 2386 143 60 quod
656 2386 269 60 impossibile
871 2386 125 60 est
942 2386 179 60 omnino
1068 2386 179 60 ponere
1193 2386 197 60 aliquam
1336 2386 197 60 speciem
1479 2386 340 60 repraesentantem
1766 2386 197 60 aliquid
1891 2386 72 60 eo

177 2442 127 55 rum
249 2442 145 55 quae
340 2442 109 55 in
394 2442 145 55 nuda
485 2442 181 55 diuina
612 2442 218 55 essentia
775 2442 236 55 videntur.
957 2442 145 55 Quia
1047 2442 109 55 in
1102 2442 163 55 rerum
1210 2442 181 55 natura
1337 2442 127 55 non
1410 2442 181 55 potest
1537 2442 145 55 esse
1627 2442 163 55 neque
1736 2442 127 55 est
1791 2442 181 55 creatura

171 2497 268 64 receptibilis
389 2497 201 64 effigiei
540 2497 134 64 quae
623 2497 285 64 repraesentare
858 2497 151 64 illud
958 2497 184 64 potest:
1092 2497 184 64 dicente
1226 2497 234 64 Augustino.
1410 2497 151 64 viii.
1511 2497 100 64 de
1561 2497 234 64 trinitate.
1745 2497 134 64 cap.
1829 2497 117 64 vi.
1879 2497 84 64 Ho-

170 2540 104 73 mo
222 2540 121 73 qui
291 2540 208 73 creditur
447 2540 191 73 iustus,
586 2540 104 73 ex
638 2540 104 73 ea
690 2540 156 73 forma
794 2540 87 73 &
829 2540 208 73 veritate
985 2540 225 73 diligitur
1158 2540 139 73 quam
1245 2540 173 73 cernit
1366 2540 87 73 &
1401 2540 243 73 intelligit
1592 2540 139 73 ille
1678 2540 139 73 apud
1765 2540 104 73 se
1817 2540 121 73 qui
1869 2540 104 73 dili

173 2607 137 61 git.
258 2607 137 61 lpsa
344 2607 154 61 autem
447 2607 154 61 forma
549 2607 86 61 &
584 2607 188 61 veritas
721 2607 120 61 non
789 2607 120 61 est
858 2607 120 61 quo
926 2607 188 61 aliunde
1063 2607 240 61 diligatur.
1251 2607 86 61 &
1285 2607 137 61 tunc
1371 2607 205 61 sequitur
1525 2607 137 61 quod
1611 2607 257 61 intendimus.
1816 2607 120 61 Non
1867 2607 103 61 enim

180 2653 232 68 inuenimus
359 2653 197 68 aliquid
502 2653 143 68 tale
591 2653 197 68 praeter
734 2653 179 68 ipsam:
860 2653 107 68 vt
913 2653 125 68 eam
985 2653 125 68 cum
1056 2653 232 68 incognita
1235 2653 125 68 est
1306 2653 215 68 credendo
1467 2653 232 68 diligamus
1646 2653 107 68 ex
1700 2653 107 68 eo
1753 2653 143 68 quod
1843 2653 125 68 iam
1896 2653 72 68 ta

180 2706 101 57 le
231 2706 185 57 aliquid
365 2706 202 57 nouimus,
517 2706 202 57 quicquid
669 2706 135 57 enim
753 2706 135 57 tale
837 2706 185 57 aliquid
972 2706 236 57 aspexeris:
1157 2706 135 57 ipsa
1242 2706 135 57 est:
1326 2706 84 57 &
1359 2706 118 57 non
1427 2706 118 57 est
1494 2706 202 57 quicquam
1646 2706 152 57 tale.
1747 2706 185 57 quoniam
1865 2706 101 57 sola

180 2760 105 63 ipsa
246 2760 119 63 talis
325 2760 92 63 est
378 2760 145 63 quaelis
483 2760 105 63 ipsa
549 2760 105 63 est.
615 2760 79 63 Si
654 2760 119 63 autem
734 2760 145 63 speciem
839 2760 145 63 habenet
945 2760 79 63 in
984 2760 198 63 intellectu,
1142 2760 132 63 planum
1235 2760 92 63 est
1287 2760 105 63 quod
1353 2760 79 63 ei
1393 2760 119 63 esset
1472 2760 158 63 similis:
1591 2760 79 63 vt
1630 2760 92 63 per
1683 2760 145 63 speciem
1788 2760 171 63 huiusmodi
1907 2760 66 63 eam

174 2816 218 55 incognitam
346 2816 187 55 credamus
485 2816 93 55 ex
532 2816 93 55 eo
579 2816 124 55 quod
657 2816 109 55 iam
719 2816 124 55 tale
797 2816 109 55 est
859 2816 109 55 non
921 2816 140 55 ipsa:
1014 2816 93 55 vt
1061 2816 109 55 non
1123 2816 124 55 ipsa
1201 2816 124 55 sola
1279 2816 140 55 esset
1372 2816 124 55 tale
1450 2816 140 55 quale
1543 2816 124 55 ipsa
1621 2816 124 55 est.
1699 2816 93 55 et
1745 2816 109 55 sic
1807 2816 109 55 non
1854 2816 109 55 esset

180 2865 177 61 omnino
304 2865 159 61 tale.
410 2865 106 61 Si
463 2865 141 61 ergo
551 2865 194 61 species
693 2865 177 61 aliqua
816 2865 124 61 dei
887 2865 194 61 ponatur
1028 2865 106 61 in
1082 2865 247 61 intellectu
1276 2865 177 61 beato:
1400 2865 159 61 nullo
1506 2865 159 61 tamen
1612 2865 141 61 modo
1700 2865 141 61 poni
1788 2865 177 61 potest
1894 2865 71 61 vt

181 2923 144 68 ratio
277 2923 255 68 cognoscendi,
484 2923 144 68 neque
580 2923 96 68 vt
628 2923 239 68 sufficiens,
819 2923 144 68 neque
915 2923 96 68 vt
962 2923 271 68 insufficiens,
1186 2923 144 68 neque
1281 2923 159 68 omnino
1393 2923 96 68 vt
1441 2923 239 68 intellectum
1632 2923 96 68 in
1680 2923 191 68 obiectum
1808 2923 159 68 dirigens

177 2972 151 73 Quare
278 2972 151 73 nullo
378 2972 134 73 modo
462 2972 117 73 est
529 2972 151 73 ratio
630 2972 268 73 assimilandi:
848 2972 134 73 quia
932 2972 101 73 in
982 2972 117 73 hoc
1049 2972 184 73 species
1183 2972 117 73 est
1250 2972 151 73 ratio
1351 2972 251 73 cognoscendi
1552 2972 134 73 quod
1636 2972 117 73 est
1703 2972 151 73 ratio
1787 2972 184 73 assimilam

174 3030 110 66 di:
237 3030 126 66 quia
316 3030 173 66 econtra
442 3030 126 66 quod
521 3030 110 66 non
584 3030 110 66 est
647 3030 142 66 ratio
742 3030 252 66 assimilandi,
947 3030 110 66 non
1010 3030 110 66 est
1073 3030 142 66 ratio
1168 3030 252 66 cognoscendi.
1373 3030 126 66 Deus
1452 3030 126 66 enim
1530 3030 205 66 creaturas
1688 3030 110 66 per
1751 3030 142 66 ideas
1846 3030 95 66 vt
1893 3030 110 66 per

183 3082 185 64 species
318 3082 118 64 non
385 3082 235 64 cognoscit:
570 3082 134 64 nisi
654 3082 134 64 quia
738 3082 134 64 sunt
822 3082 202 64 rationes
973 3082 252 64 assimilandi
1174 3082 134 64 sibi
1258 3082 235 64 creaturas,
1443 3082 168 64 quibus
1561 3082 84 64 &
1594 3082 134 64 ipse
1678 3082 118 64 est
1746 3082 118 64 eis
1796 3082 168 64 similis,

174 3136 81 81 &
206 3136 210 81 cognoscit
368 3136 113 81 eas
432 3136 178 81 tamquam
561 3136 194 81 similis.
706 3136 113 81 Sed
771 3136 113 81 non
835 3136 113 81 est
900 3136 210 81 praedicta
1061 3136 178 81 species
1190 3136 226 81 impressiua
1368 3136 129 81 vllo
1449 3136 129 81 modo
1529 3136 178 81 ponenda
1658 3136 97 81 in
1707 3136 129 81 ipso
1771 3136 194 81 intellectu
