2408 3621
167 296 109 89 est
230 296 93 89 ex
276 296 109 89 se,
339 296 140 89 prius
432 296 109 89 est
494 296 93 89 in
541 296 187 89 potentia
681 296 187 89 respectu
821 296 218 89 vtriusque,
993 296 109 89 hoc
1055 296 93 89 vt
1101 296 234 89 intelligat,
1288 296 140 89 illud
1382 296 93 89 vt
1428 296 265 89 intelligatur:
1646 296 156 89 deinde
1755 296 140 89 fiunt
1849 296 93 89 in

166 375 143 73 actum
262 375 111 73 cum
325 375 111 73 hoc
389 375 127 73 actu
469 375 239 73 intelligit:
660 375 143 73 illud
755 375 127 73 vero
835 375 111 73 cum
899 375 127 73 actu
978 375 271 73 intelligitur.
1201 375 96 73 Et
1249 375 191 73 secundum
1392 375 159 73 primum
1504 375 143 73 modum
1599 375 191 73 vtrumque
1743 375 143 73 eorum
1822 375 80 73 est

169 431 162 66 alterum
287 431 132 66 eorum
375 431 88 66 in
419 431 191 66 potentia:
566 431 88 66 in
610 431 117 66 actu
683 431 117 66 vero
757 431 176 66 secundum
889 431 147 66 alium.
992 431 88 66 Et
1036 431 176 66 secundum
1168 431 117 66 hunc
1241 431 132 66 modum
1329 431 132 66 etiam
1417 431 132 66 fiunt
1506 431 117 66 vnum
1579 431 220 66 intellectus
1755 431 73 66 &
1770 431 132 66 intelle

169 486 141 71 ctum:
263 486 187 71 scilicet
404 486 109 71 per
466 486 141 71 actum
560 486 250 71 intelligendi
763 486 219 71 existentem
935 486 94 71 in
982 486 219 71 intellectu
1153 486 219 71 informatum
1325 486 109 71 per
1388 486 203 71 essentiam
1544 486 297 71 intelligibilis:
1794 486 94 71 vt
1825 486 78 71 est

168 542 127 69 forma
253 542 71 69 &
281 542 127 69 ratio
366 542 226 69 intelligendi
550 542 156 69 seipsum
663 542 85 69 in
705 542 240 69 intelligente.
903 542 85 69 Et
946 542 99 69 hoc
1002 542 99 69 est
1059 542 113 69 quid
1129 542 127 69 dicit
1214 542 212 69 philosophus
1384 542 85 69 in
1426 542 113 69 iii.
1497 542 85 69 de
1539 542 141 69 anima.
1638 542 127 69 Omnia
1723 542 85 69 ea
1766 542 113 69 quae
1822 542 85 69 sunt

175 595 254 60 quodammodo
375 595 127 60 est
447 595 182 60 anima.
574 595 127 60 Est
647 595 145 60 enim
738 595 218 60 scientia
901 595 218 60 scibilia
1065 595 272 60 quodammodo:
1283 595 182 60 sensus
1410 595 163 60 autem
1519 595 272 60 sensibilia.
1718 595 182 60 Secantur

184 648 155 55 igitur
292 648 186 55 scientia
432 648 78 55 &
463 648 155 55 sensus
571 648 186 55 secundum
711 648 217 55 diuisionem
881 648 171 55 entium.
1005 648 109 55 vbi
1067 648 140 55 dicit
1160 648 248 55 Commentator.
1362 648 233 55 Quemadmodum
1548 648 124 55 enim
1625 648 155 55 sensus
1734 648 78 55 &
1749 648 155 55 intelle-

181 701 122 59 ctus
257 701 107 59 aut
318 701 122 59 sunt
394 701 91 59 in
440 701 183 59 potentia
577 701 107 59 aut
637 701 152 59 actum:
744 701 198 59 similiter
896 701 198 59 sensibile
1049 701 76 59 &
1079 701 274 59 intelligibile:
1307 701 91 59 et
1353 701 91 59 si
1399 701 183 59 sentiens
1536 701 152 59 fuerit
1642 701 91 59 in
1688 701 198 59 potentia,
1825 701 76 59 sen

182 750 136 57 satum
272 750 121 57 erit
348 750 91 57 in
393 750 196 57 potentia:
544 750 91 57 et
589 750 91 57 si
635 750 151 57 fuerit
740 750 91 57 in
785 750 151 57 actum,
891 750 181 57 sensatum
1027 750 121 57 erit
1102 750 91 57 in
1148 750 151 57 actum.
1253 750 196 57 Similiter
1404 750 106 57 est
1464 750 91 57 de
1510 750 211 57 intellectu
1676 750 106 57 cum
1721 750 181 57 intellecto

175 801 176 65 Necesse
303 801 112 65 est
367 801 160 65 igitur
478 801 96 65 vt
526 801 128 65 illa
606 801 128 65 pars
686 801 160 65 animae
798 801 112 65 sit
862 801 128 65 illa
942 801 128 65 pars
1022 801 176 65 entium.
1149 801 112 65 Res
1213 801 128 65 enim
1293 801 160 65 quarum
1405 801 256 65 differentiae
1613 801 128 65 sunt
1692 801 176 65 eaedem,
1804 801 96 65 sunt

169 857 150 55 eaedem
274 857 90 55 in
319 857 120 55 illo
394 857 120 55 modo
470 857 180 55 secundum
605 857 120 55 quem
680 857 150 55 habent
785 857 150 55 easdem
891 857 256 55 differentias.
1101 857 226 55 Intellectus
1282 857 120 55 ergo
1357 857 105 55 est
1417 857 241 55 intellectum,
1612 857 75 55 &
1642 857 150 55 sensus
1748 857 105 55 est
1793 857 105 55 sensa

171 911 127 61 tum.
250 911 190 61 Secundum
393 911 127 61 hunc
473 911 143 61 etiam
568 911 143 61 modum
663 911 238 61 intelligens
854 911 79 61 &
885 911 238 61 intellectum
1076 911 127 61 sibi
1155 911 270 61 assimilantur:
1377 911 79 61 &
1409 911 111 61 hoc
1473 911 111 61 per
1536 911 143 61 actum
1631 911 254 61 intelligendi
1822 911 79 61 po-

179 966 115 62 tius
251 966 115 62 quam
323 966 101 62 per
381 966 159 62 aliquam
496 966 245 62 informationem
698 966 159 62 speciei
814 966 231 62 impressiuae.
1001 966 115 62 Illa
1073 966 115 62 enim
1146 966 216 62 assimilatio
1319 966 115 62 quae
1391 966 101 62 fit
1449 966 87 62 ex
1492 966 159 62 speciei
1607 966 245 62 informatione,
1795 966 101 62 inest

166 1015 193 62 secundum
310 1015 145 62 actum
407 1015 161 62 absque
519 1015 177 62 actuali
648 1015 305 62 consideratione,
905 1015 96 62 vt
953 1015 145 62 patet
1049 1015 96 62 de
1097 1015 273 62 assimilatione
1322 1015 193 62 memoriae
1466 1015 225 62 sensitiuae
1643 1015 112 62 per
1707 1015 177 62 speciem
1820 1015 80 62 im-

165 1069 176 64 pressam
293 1069 96 64 ad
341 1069 96 64 id
389 1069 144 64 cuius
485 1069 128 64 est:
565 1069 160 64 qualis
677 1069 112 64 non
741 1069 112 64 est
805 1069 96 64 in
853 1069 96 64 vi
901 1069 272 64 intellectiua.
1126 1069 176 64 Memoria
1254 1069 128 64 enim
1334 1069 272 64 intellectiua,
1558 1069 96 64 si
1606 1069 144 64 tamen
1702 1069 112 64 sit
1750 1069 144 64 proprie

167 1123 190 59 loquendo
310 1123 158 59 ponere
420 1123 127 59 eam,
499 1123 237 59 assimilatur
689 1123 111 59 rei
753 1123 111 59 per
816 1123 190 59 notitiam
958 1123 222 59 habitualem
1132 1123 127 59 quam
1212 1123 158 59 tenet:
1322 1123 79 59 &
1354 1123 127 59 quae
1433 1123 111 59 eam
1496 1123 206 59 informat:
1655 1123 142 59 etiam
1750 1123 111 59 cum
1797 1123 95 59 mens

170 1175 124 56 nihil
253 1175 110 56 actu
322 1175 207 56 intelligat.
488 1175 110 56 vnde
557 1175 97 56 est
612 1175 83 56 in
653 1175 166 56 potentia
777 1175 166 56 respectu
902 1175 138 56 illius
998 1175 166 56 notitiae
1122 1175 110 56 quae
1191 1175 193 56 actualiter
1343 1175 166 56 informat
1467 1175 262 56 intelligentiam:
1688 1175 69 56 a
1716 1175 110 56 quae
1771 1175 124 56 proprie

169 1231 151 63 dicitur
279 1231 206 63 intelligens
444 1231 110 63 esse
512 1231 82 63 in
553 1231 137 63 actum:
649 1231 165 63 secundum
773 1231 110 63 quod
842 1231 123 63 dicit
924 1231 206 63 philosophus
1089 1231 82 63 in
1130 1231 110 63 iii.
1198 1231 82 63 de
1239 1231 137 63 anima:
1335 1231 110 63 quod
1404 1231 123 63 nihil
1486 1231 96 63 est
1541 1231 110 63 actu
1610 1231 123 63 eorum
1692 1231 110 63 quae
1761 1231 110 63 sunt
1829 1231 96 63 an-

158 1283 104 59 te
210 1283 278 59 intelligere.
435 1283 104 59 Et
487 1283 121 59 per
557 1283 121 59 hoc
626 1283 156 59 etiam
730 1283 260 59 intelligere
939 1283 191 59 debemus
1077 1283 104 59 et
1129 1283 104 59 ex
1182 1283 156 59 dicto
1286 1283 139 59 modo
1372 1283 278 59 intelligendi
1598 1283 191 59 impleri
1719 1283 174 59 caeteras

156 1338 258 60 conditiones
362 1338 138 60 quae
448 1338 103 60 ad
500 1338 155 60 actum
603 1338 275 60 intelligendi
827 1338 275 60 requiruntur,
1050 1338 103 60 vt
1102 1338 155 60 patet
1205 1338 155 60 etiam
1308 1338 103 60 ex
1360 1338 155 60 supra
1463 1338 292 60 determinatis.
1704 1338 172 60 Falsum
1807 1338 86 60 est

169 1392 121 64 ergo
244 1392 121 64 quod
320 1392 136 64 dicit
410 1392 136 64 dicta
501 1392 166 64 opinio:
622 1392 121 64 quod
697 1392 121 64 illa
772 1392 136 64 omnia
863 1392 106 64 non
923 1392 151 64 habent
1029 1392 136 64 fieri
1119 1392 91 64 in
1165 1392 241 64 intelligente
1361 1392 121 64 nisi
1436 1392 106 64 per
1497 1392 166 64 speciem
1617 1392 241 64 impressiuam,
1798 1392 91 64 immo

161 1443 140 64 fiunt
255 1443 109 64 per
317 1443 202 64 essentiam
473 1443 280 64 intelligibilis
706 1443 234 64 informantem
893 1443 140 64 actum
987 1443 265 64 intelligendi:
1205 1443 78 64 &
1236 1443 109 64 per
1298 1443 109 64 hoc
1361 1443 140 64 ipsum
1454 1443 280 64 intelligentem,
1688 1443 93 64 vt
1734 1443 109 64 est
1781 1443 109 64 forma

165 1498 217 59 expressiua
335 1498 233 59 exemplaris:
521 1498 140 59 licet
614 1498 109 59 non
676 1498 93 59 vt
723 1498 140 59 forma
816 1498 217 59 inhaerens:
986 1498 186 59 secundum
1126 1498 124 59 quod
1203 1498 140 59 alibi
1296 1498 93 59 de
1343 1498 217 59 cognitione
1513 1498 109 59 dei
1575 1498 109 59 hoc
1637 1498 233 59 specialiter
1808 1498 78 59 ex-

163 1550 229 73 posuimus.
339 1550 106 73 AD
392 1550 264 73 intellectum
604 1550 176 73 igitur
727 1550 176 73 dictae
850 1550 282 73 auctoritatis
1079 1550 229 73 Augustini
1255 1550 88 73 &
1290 1550 282 73 consimilium,
1519 1550 88 73 &
1554 1550 158 73 etiam
1660 1550 106 73 ad
1695 1550 194 73 ampliorem

166 1610 202 56 notitiam
318 1610 168 56 totius
436 1610 152 56 libri
537 1610 101 56 de
587 1610 236 56 trinitate:
772 1610 168 56 maxime
890 1610 84 56 a
924 1610 168 56 libro.
1042 1610 118 56 ix.
1109 1610 84 56 &
1143 1610 219 56 deinceps,
1311 1610 185 56 oportet
1446 1610 118 56 hic
1513 1610 152 56 scire
1615 1610 135 56 quod
1682 1610 202 56 Augustinus

168 1659 164 58 vtitur
283 1659 197 58 secundum
430 1659 131 58 tres
513 1659 312 58 significationes
776 1659 214 58 nominibus
940 1659 148 58 istis
1039 1659 131 58 quae
1121 1659 131 58 sunt
1203 1659 181 58 species
1334 1659 82 58 &
1367 1659 246 58 similitudo:
1564 1659 131 58 quae
1647 1659 197 58 inducunt
1778 1659 115 58 obscu

165 1713 197 67 ritatem
308 1713 107 67 in
362 1713 179 67 libris
487 1713 161 67 eius.
594 1713 125 67 Vno
666 1713 143 67 enim
755 1713 143 67 modo
844 1713 250 67 appellatur
1041 1713 197 67 species
1184 1713 161 67 forma
1291 1713 215 67 cuiusque
1452 1713 125 67 rei
1524 1713 232 67 naturalis
1702 1713 143 67 quam
1774 1713 125 67 habet

158 1757 101 70 in
209 1757 184 70 seipsa.
343 1757 84 70 &
376 1757 201 70 secundum
527 1757 117 70 hoc
594 1757 184 70 species
728 1757 184 70 dicitur
862 1757 151 70 forma
963 1757 184 70 diuinae
1097 1757 235 70 essentiae.
1281 1757 201 70 secundum
1432 1757 134 70 quam
1516 1757 151 70 visio
1616 1757 134 70 nuda
1700 1757 84 70 &
1733 1757 168 70 aperta
1834 1757 67 70 di

167 1825 147 56 uinae
265 1825 229 56 essentiae,
445 1825 82 56 &
478 1825 180 56 aliorum
609 1825 115 56 per
674 1825 147 56 ipsam
773 1825 180 56 dicitur
904 1825 197 56 cognitio
1051 1825 131 56 siue
1133 1825 147 56 visio
1231 1825 115 56 per
1297 1825 197 56 speciem,
1444 1825 131 56 siue
1526 1825 147 56 facie
1625 1825 98 56 ad
1674 1825 180 56 faciem.
1805 1825 131 56 Vnde

160 1873 152 71 super
261 1873 152 71 illud
362 1873 168 71 primae
480 1873 219 71 Corintfi.
649 1873 152 71 xiii.
750 1873 185 71 Videmus
884 1873 135 71 nunc
969 1873 118 71 per
1036 1873 202 71 speculum
1188 1873 101 71 in
1238 1873 236 71 aenigmate,
1423 1873 135 71 tunc
1508 1873 152 71 autem
1609 1873 152 71 facie
1710 1873 101 71 ad
1743 1873 152 71 facien,

166 1924 149 76 dicit
266 1924 232 76 Augustinus
449 1924 149 76 primo
548 1924 100 76 de
598 1924 232 76 trinitate.
781 1924 133 76 cap.
864 1924 149 76 viii.
963 1924 149 76 Omnes
1063 1924 166 76 iustos
1179 1924 100 76 in
1229 1924 166 76 quibus
1345 1924 133 76 nunc
1428 1924 166 76 regnat
1544 1924 100 76 ex
1594 1924 149 76 fide,
1677 1924 216 76 perducturus

163 1986 107 71 est
224 1986 91 71 ad
269 1986 183 71 speciem:
406 1986 122 71 quam
482 1986 183 71 visionem
619 1986 137 71 dicit
711 1986 198 71 Apostolus
863 1986 137 71 facie
954 1986 91 71 ad
1000 1986 167 71 faciem.
1122 1986 91 71 De
1167 1986 107 71 qua
1228 1986 152 71 specie
1335 1986 167 71 dicitur
1457 1986 137 71 libro
1548 1986 107 71 ii.
1609 1986 122 71 cap.
1685 1986 122 71 xix.
1761 1986 122 71 Illa
1822 1986 76 71 est

165 2027 205 83 species
314 2027 149 83 quae
407 2027 167 83 rapit
519 2027 167 83 omnem
631 2027 186 83 animam
761 2027 261 83 rationalem
966 2027 242 83 desiderio
1152 2027 149 83 suo.
1245 2027 130 83 Sed
1319 2027 130 83 dum
1394 2027 298 83 peregrinamur
1635 2027 93 83 a
1673 2027 205 83 domino,
1803 2027 93 83 per

166 2081 158 80 fidem
272 2081 246 80 ambulamus:
466 2081 123 80 non
536 2081 123 80 per
606 2081 211 80 speciem.
765 2081 158 80 Eodem
870 2081 141 80 modo
958 2081 246 80 appellatur
1152 2081 194 80 species
1293 2081 158 80 forma
1398 2081 123 80 rei
1469 2081 246 80 corporalis
1662 2081 158 80 extra
1750 2081 141 80 intel-

172 2130 177 71 lectum.
301 2130 129 71 Vnde
382 2130 226 71 Augustinus
559 2130 145 71 libro
656 2130 129 71 iii.
737 2130 97 71 de
785 2130 226 71 trinitate.
962 2130 129 71 cap.
1043 2130 129 71 iii.
1124 2130 113 71 Est
1188 2130 145 71 certe
1285 2130 97 71 in
1333 2130 177 71 corpore
1463 2130 161 71 humano
1575 2130 177 71 quaedam
1705 2130 145 71 moles
1785 2130 97 71 car-

169 2190 124 78 nis,
246 2190 186 78 species,
386 2190 78 78 &
417 2190 140 78 ordo.
510 2190 93 78 Et
556 2190 186 78 secundum
696 2190 124 78 hunc
773 2190 140 78 modum
866 2190 140 78 etiam
959 2190 140 78 omnis
1052 2190 140 78 forma
1145 2190 109 78 rei
1207 2190 202 78 naturalis
1362 2190 171 78 species
1486 2190 202 78 appellari
1641 2190 155 78 potest
1734 2190 155 78 generali

169 2242 128 78 ter,
249 2242 112 78 sed
313 2242 240 78 specialiter
505 2242 144 78 forma
601 2242 288 78 specialissima.
841 2242 96 78 de
889 2242 112 78 qua
953 2242 144 78 dicit
1048 2242 240 78 Augustinus.
1240 2242 144 78 viii.
1336 2242 96 78 de
1384 2242 224 78 trinitate.
1560 2242 128 78 cap.
1640 2242 112 78 vi.
1704 2242 112 78 Cur
1752 2242 144 78 diligi-

163 2295 113 78 mus
227 2295 178 78 Paulum:
357 2295 178 78 nunquid
486 2295 178 78 propter
615 2295 178 78 humanam
744 2295 178 78 speciem
873 2295 129 78 quam
954 2295 226 78 notissimam
1132 2295 194 78 habemus:
1277 2295 178 78 Secundo
1406 2295 129 78 modo
1487 2295 178 78 dicitur
1616 2295 178 78 species
1729 2295 162 78 similitu

165 2355 92 62 do
211 2355 153 62 formae
318 2355 107 62 rei
379 2355 214 62 naturalis,
547 2355 199 62 informans
700 2355 214 62 impressiue
868 2355 153 62 partem
975 2355 229 62 sensitiuam.
1159 2355 107 62 non
1220 2355 122 62 dico
1297 2355 275 62 intellectiuam.
1526 2355 122 62 Vnde
1603 2355 138 62 dicit
1694 2355 214 62 Augustinus

165 2393 138 84 libro
257 2393 92 84 x.
303 2393 123 84 cap.
379 2393 138 84 viii.
471 2393 184 84 Imagines
609 2393 92 84 in
655 2393 138 84 parte
747 2393 153 84 quadam
854 2393 123 84 sunt
930 2393 168 84 animae,
1053 2393 123 84 quam
1130 2393 153 84 habent
1237 2393 77 84 &
1267 2393 184 84 bestiae,
1405 2393 184 84 scilicet
1543 2393 92 84 in
1589 2393 214 84 sensitiua,
1757 2393 77 84 &
1773 2393 107 84 exte-

164 2462 130 64 riori
250 2462 231 64 particulari,
438 2462 72 64 &
467 2462 130 64 etiam
554 2462 87 64 in
597 2462 173 64 qualibet
727 2462 116 64 alia
799 2462 202 64 interiori.
958 2462 87 64 In
1002 2462 130 64 sensu
1088 2462 116 64 enim
1161 2462 217 64 particulari
1334 2462 130 64 visus
1421 2462 188 64 huiusmodi
1565 2462 130 64 forma
1652 2462 101 64 est
1710 2462 72 64 a
1739 2462 87 64 re
1767 2462 116 64 extra.

175 2502 118 84 Quod
249 2502 147 84 aparte
352 2502 147 84 probat
455 2502 221 84 Augustinus.
632 2502 103 84 xi.
691 2502 88 84 de
735 2502 206 84 trinitate.
897 2502 118 84 cap.
971 2502 103 84 ii.
1030 2502 103 84 per
1089 2502 147 84 totum.
1192 2502 118 84 Quid
1266 2502 133 84 etiam
1354 2502 118 84 fiat
1428 2502 74 84 a
1458 2502 133 84 sensu
1546 2502 88 84 in
1590 2502 177 84 memoria,
1723 2502 74 84 &
1752 2502 74 84 d
1782 2502 74 84 a
1797 2502 88 84 memo

166 2566 106 63 ria
226 2566 91 63 in
272 2566 121 63 acie
348 2566 288 63 intelligentiae:
590 2566 151 63 aperte
696 2566 136 63 dicit
787 2566 91 63 in
832 2566 121 63 fine
908 2566 167 63 eiusdem
1029 2566 197 63 capituli,
1180 2566 76 63 &
1211 2566 91 63 de
1256 2566 136 63 illis
1347 2566 151 63 tribus
1453 2566 151 63 simul,
1559 2566 121 63 cap.
1635 2566 121 63 iii.
1710 2566 106 63 per
1756 2566 121 63 totum.

176 2611 110 66 vbi
239 2611 158 66 aperte
350 2611 158 66 tangit
460 2611 142 66 istum
555 2611 142 66 modum
649 2611 174 66 speciei
776 2611 79 66 &
807 2611 268 66 praecedentem,
1028 2611 110 66 cum
1091 2611 158 66 dicit.
1202 2611 110 66 Pro
1265 2611 126 66 illa
1344 2611 158 66 specie
1454 2611 126 66 quae
1533 2611 237 66 sentiebatur
1706 2611 174 66 extrinse-

160 2669 131 75 cus,
242 2669 197 75 succedit
389 2669 180 75 memoria
520 2669 197 75 retinens
668 2669 148 75 illam
767 2669 180 75 speciem
898 2669 131 75 quam
980 2669 115 75 per
1045 2669 197 75 corporis
1193 2669 164 75 sensum
1308 2669 197 75 condidit
1456 2669 164 75 anima.
1570 2669 131 75 ltem
1652 2669 131 75 cap.
1734 2669 148 75 viii.
1816 2669 66 75 Se

156 2711 124 85 sus
227 2711 195 85 accipit
369 2711 195 85 speciem
511 2711 107 85 ab
565 2711 107 85 eo
618 2711 195 85 corpore
760 2711 142 85 quod
849 2711 231 85 sentimus,
1027 2711 89 85 &
1062 2711 89 85 a
1098 2711 160 85 sensu
1204 2711 213 85 memoria,
1364 2711 89 85 a
1399 2711 195 85 memoria
1542 2711 142 85 vero
1630 2711 160 85 acies
1719 2711 160 85 cogitam

155 2773 138 56 tis.
241 2773 138 56 ltem
327 2773 138 56 cap.
414 2773 121 56 ix.
483 2773 104 56 In
535 2773 121 56 hac
604 2773 173 56 igitur
724 2773 293 56 distributione
966 2773 121 56 cum
1035 2773 224 56 incipimus
1208 2773 86 56 a
1242 2773 173 56 specie
1363 2773 224 56 corporis,
1536 2773 86 56 &
1570 2773 242 56 peruenimus
1760 2773 104 56 ad
1795 2773 86 56 spe

161 2829 134 63 ciem
245 2829 134 63 quae
329 2829 117 63 est
396 2829 101 63 in
447 2829 201 63 contuitu
598 2829 252 63 cogitantis,
799 2829 185 63 quatuor
933 2829 185 63 species
1067 2829 235 63 reputantur
1252 2829 151 63 quasi
1353 2829 201 63 gradatim
1504 2829 151 63 natae
1604 2829 168 63 altera
1722 2829 101 63 ab
1756 2829 117 63 alte-

162 2882 96 60 ra.
217 2882 150 60 secunda
326 2882 82 60 de
367 2882 137 60 prima,
463 2882 68 60 &
490 2882 137 60 tertia
586 2882 82 60 de
627 2882 164 60 secunda,
750 2882 137 60 quarta
846 2882 82 60 de
887 2882 150 60 tertia.
996 2882 68 60 a
1023 2882 137 60 specie
1119 2882 137 60 quippe
1215 2882 164 60 corporis
1338 2882 109 60 quod
1406 2882 164 60 cernitur
1529 2882 164 60 exoritur
1652 2882 109 60 quae
1721 2882 96 60 sit
1775 2882 82 60 in
1803 2882 68 60 sen

159 2926 94 62 su:
212 2926 67 62 &
239 2926 80 62 ab
279 2926 94 62 hac
333 2926 94 62 est
386 2926 107 62 quae
453 2926 94 62 sit
507 2926 80 62 in
547 2926 107 62 acie
614 2926 201 62 cogitantis.
775 2926 80 62 Et
815 2926 94 62 hoc
868 2926 121 62 totum
949 2926 228 62 intelligendum
1136 2926 94 62 est
1190 2926 80 62 de
1230 2926 174 62 sensitiua
1364 2926 134 62 parte.
1458 2926 161 62 Huiumodi
1578 2926 107 62 enim
1645 2926 147 62 species
1739 2926 134 62 vlterius

153 2973 149 76 nullam
257 2973 119 76 sibi
331 2973 163 76 similem
450 2973 178 76 specieum
584 2973 223 76 impressiuam
762 2973 149 76 format
866 2973 89 76 in
911 2973 134 76 parte
1000 2973 253 76 intellectiua,
1208 2973 104 76 nec
1268 2973 89 76 de
1312 2973 104 76 hoc
1372 2973 208 76 Augustinus
1535 2973 163 76 aliquid
1654 2973 193 76 exprimit:
1803 2973 104 76 sed

160 3038 146 61 potius
262 3038 204 61 contrarium
422 3038 189 61 exprimit,
568 3038 102 61 cum
626 3038 146 61 dicit.
728 3038 87 61 x.
772 3038 87 61 de
815 3038 204 61 trinitate.
976 3038 116 61 cap.
1048 3038 87 61 v.
1092 3038 160 61 loquens
1208 3038 87 61 de
1252 3038 116 61 tota
1325 3038 131 61 anima
1412 3038 116 61 nia.
1485 3038 102 61 Nec
1543 3038 131 61 secum
1631 3038 146 61 potest
1732 3038 175 61 itrorsum

161 3097 185 56 tamquam
296 3097 101 56 in
346 3097 202 56 regionem
498 3097 253 56 incorporeae
700 3097 185 56 naturae
835 3097 135 56 ipsa
919 3097 185 56 corpora
1054 3097 202 56 inferre:
1205 3097 202 56 imagines
1357 3097 152 56 eorum
1458 3097 219 56 conuoluit
1626 3097 84 56 &
1660 3097 152 56 rapit
1744 3097 135 56 factas

152 3140 104 71 in
204 3140 155 71 semet
307 3140 138 71 ipsa
393 3140 104 71 de
445 3140 155 71 semet
549 3140 155 71 ipsa,
652 3140 138 71 dans
738 3140 121 71 eis
807 3140 224 71 formandis
980 3140 190 71 quiddam
1118 3140 259 71 substantiae
1325 3140 155 71 suae.
1428 3140 173 71 Seruat
1549 3140 155 71 autem
1653 3140 190 71 aliquid
1791 3140 121 71 quo
