2361 3632
91 288 118 100 non
158 288 202 100 alicuius
310 288 185 100 speciei
445 288 219 100 impressae
613 288 101 100 ad
663 288 151 100 ipsum
764 288 151 100 actum
865 288 252 100 eliciendum.
1067 288 118 100 Sic
1134 288 135 100 ergo
1218 288 151 100 patet
1319 288 135 100 quod
1404 288 135 100 illa
1488 288 236 100 auctoritas
1656 288 185 100 Augustini

95 356 139 87 nihil
187 356 139 87 valet
279 356 108 87 ad:
341 356 139 87 eorum
433 356 216 87 propositum
603 356 216 87 probandum:
772 356 185 87 scilicet
910 356 123 87 quod
987 356 154 87 aliqua
1095 356 169 87 species
1218 356 169 87 secundo
1341 356 123 87 modo
1418 356 185 87 speciei,
1557 356 108 87 vel
1619 356 216 87 similitudo
1772 356 62 87 pe

100 408 116 93 nes
167 408 199 93 secundum
316 408 149 93 modum
415 408 298 93 similitudinis,
663 408 116 93 sit
730 408 99 93 in
779 408 149 93 nobis
879 408 99 93 de
928 408 132 93 deo:
1011 408 116 93 nec
1077 408 116 93 hoc
1144 408 248 93 inuenietur,
1342 408 99 93 vt
1392 408 166 93 credo,
1508 408 99 93 in
1558 408 166 93 aliquo
1673 408 149 93 dicto
1756 408 83 93 Aua

107 456 190 106 gustini.
250 456 142 106 Patet
345 456 142 106 etiam
440 456 111 106 per
503 456 127 106 idem
582 456 95 106 ad
629 456 142 106 aliud
724 456 95 106 de
772 456 190 106 triplici
914 456 174 106 specie:
1041 456 174 106 dicendo
1167 456 127 106 quod
1247 456 206 106 similiter
1405 456 222 106 Augustinus
1579 456 111 106 non
1642 456 190 106 loquitur
1769 456 79 106 ibi

95 512 135 89 nisi
180 512 101 89 de
230 512 169 89 specie
348 512 169 89 tertio
467 512 152 89 modo,
568 512 84 89 &
602 512 270 89 similitudine
821 512 169 89 tertio
939 512 152 89 modo:
1041 512 135 89 quae
1125 512 118 89 est
1192 512 135 89 ipsa
1277 512 186 89 notitia
1412 512 101 89 in
1463 512 270 89 cognoscente.
1682 512 135 89 Vnde
1750 512 84 89 spe

100 562 124 94 ciem
178 562 202 94 huiusmodi
333 562 109 94 vel
395 562 264 94 similitudinem
612 562 186 94 corporis
752 562 93 94 in
799 562 155 94 anima,
907 562 124 94 quam
985 562 140 94 dicit
1078 562 186 94 meliorem
1217 562 124 94 esse
1295 562 124 94 quam
1373 562 93 94 in
1419 562 109 94 re,
1481 562 202 94 exprimit.
1636 562 109 94 ix.
1698 562 93 94 de
1729 562 109 94 trini

107 619 150 93 tate,
208 619 134 93 cap.
291 619 117 93 xi.
358 619 167 93 nomine
475 619 234 93 phantasiae
659 619 117 93 vel
726 619 301 93 imaginationis:
977 619 117 93 cum
1044 619 167 93 dicit.
1161 619 117 93 Cum
1227 619 117 93 per
1294 619 167 93 sensum
1411 619 201 93 corporis
1562 619 201 93 discimus
1696 619 150 93 corpora

104 676 120 87 fit
173 676 172 87 aliqua
293 676 241 87 similitudo
482 676 103 87 in
534 676 155 87 animo
637 676 189 87 nostro:
775 676 138 87 quae
861 676 224 87 phantasia
1033 676 206 87 memoriae
1187 676 138 87 est,
1273 676 120 87 non
1342 676 138 87 enim
1428 676 172 87 omnino
1549 676 138 87 ipsa
1635 676 189 87 corpora
1772 676 103 87 in

105 730 159 86 animo
211 730 141 86 sunt
300 730 124 86 cum
370 730 106 86 ea
423 730 247 86 cogitamus:
617 730 124 86 sed
688 730 159 86 eorum
794 730 318 86 similitudines.
1059 730 177 86 Melior
1183 730 124 86 est
1253 730 159 86 tamen
1359 730 247 86 imaginatio
1553 730 212 86 corporis
1712 730 106 86 in
1748 730 88 86 ani

110 767 93 105 mo
156 767 124 105 quam
233 767 124 105 illa
311 767 170 105 species
434 767 201 105 corporis:
589 767 201 105 inquantum
743 767 124 105 haec
821 767 93 105 in
867 767 170 105 meliore
991 767 155 105 natura
1099 767 124 105 est.
1176 767 93 105 ET
1223 767 108 105 est
1284 767 108 105 hic
1346 767 247 105 aduertendum:
1547 767 124 105 quod
1625 767 186 105 corporum
1748 767 93 105 simi

104 826 174 106 litudo
225 826 174 106 duplex
347 826 122 106 fit
417 826 104 106 in
469 826 174 106 nobis.
590 826 122 106 Vna
660 826 139 106 quae
747 826 122 106 est
816 826 191 106 species
955 826 191 106 secundo
1094 826 156 106 modo,
1199 826 87 106 &
1234 826 243 106 similitudo
1425 826 191 106 secundo
1564 826 156 106 modo,
1651 826 191 106 informans

118 877 169 99 animam
236 877 253 99 impressiue.
439 877 186 99 Altera,
574 877 135 99 quae
659 877 118 99 est
726 877 186 99 notitia
861 877 84 99 &
895 877 236 99 similitudo
1081 877 169 99 tertio
1199 877 152 99 modo,
1300 877 84 99 &
1334 877 186 99 species
1469 877 169 99 tertio
1588 877 152 99 modo,
1689 877 135 99 quae
1757 877 84 99 est

116 930 149 104 forma
216 930 183 104 reiquae
349 930 116 104 est
415 930 166 104 extra,
531 930 249 104 expressiua.
731 930 100 104 De
780 930 149 104 prima
880 930 266 104 similitudine
1096 930 166 104 falsum
1212 930 149 104 esset
1312 930 149 104 illud
1411 930 166 104 dictum
1528 930 232 104 Augustini.
1710 930 100 104 Et
1743 930 100 104 quem

112 987 174 96 admodum
239 987 111 96 cum
302 987 111 96 per
366 987 159 96 sensum
477 987 111 96 &c.
540 987 95 96 et
588 987 206 96 similiter
746 987 159 96 illud.
857 987 159 96 ltaque
968 987 111 96 cum
1032 987 127 96 deum
1111 987 174 96 nouimus
1238 987 111 96 &c.
1301 987 111 96 Non
1364 987 127 96 enim
1444 987 111 96 est
1507 987 159 96 omnino
1618 987 174 96 simile,
1745 987 95 96 vt
1777 987 63 96 pa

113 1038 110 97 tet
176 1038 94 97 ex
223 1038 173 97 dictis.
349 1038 110 97 Sed
412 1038 94 97 de
460 1038 173 97 secunda
586 1038 252 97 similitudine
790 1038 157 97 simile
900 1038 126 97 est:
979 1038 79 97 &
1011 1038 110 97 sic
1074 1038 252 97 intelligitur
1278 1038 157 97 dictum
1388 1038 142 97 eius.
1483 1038 126 97 quid
1562 1038 142 97 satis
1656 1038 189 97 insinuat
1782 1038 63 97 ex

120 1090 92 111 eo
166 1090 123 111 quod
243 1090 138 111 dicit
335 1090 123 111 Quae
412 1090 215 111 phantasia.
581 1090 77 111 &
612 1090 123 111 quod
689 1090 154 111 dicit,
796 1090 108 111 Cum
858 1090 92 111 ea
904 1090 215 111 cogitamus.
1073 1090 77 111 &
1104 1090 123 111 quod
1181 1090 154 111 dicit,
1288 1090 215 111 Imaginatio
1458 1090 200 111 corporis.
1611 1090 123 111 Haec
1688 1090 123 111 enim
1750 1090 92 111 tria

107 1149 195 99 notitiam
253 1149 195 99 actualem
399 1149 227 99 exprimunt.
578 1149 179 99 Speciem
707 1149 130 99 vero
789 1149 276 99 similitudinem
1016 1149 114 99 dei
1081 1149 97 99 in
1130 1149 162 99 anima,
1243 1149 130 99 quam
1324 1149 146 99 dicit
1422 1149 244 99 inferiorem,
1617 1149 211 99 exprimit:
1763 1149 81 99 cum

118 1197 136 98 dicit
209 1197 91 98 in
254 1197 136 98 eodem
345 1197 121 98 cap.
421 1197 121 98 Illa
497 1197 136 98 tamen
588 1197 167 98 notitia
709 1197 182 98 inferior
845 1197 121 98 est:
921 1197 121 98 quia
997 1197 91 98 in
1042 1197 197 98 inferiore
1194 1197 152 98 natura
1300 1197 121 98 est.
1375 1197 167 98 Speciem
1497 1197 121 98 vero
1572 1197 152 98 mentis
1678 1197 76 98 &
1693 1197 152 98 similitu

119 1249 146 100 dinem
216 1249 98 100 de
265 1249 179 100 seipsa,
395 1249 130 100 quam
477 1249 146 100 dicit
574 1249 130 100 esse
656 1249 211 100 aequalem,
818 1249 195 100 exprimit
965 1249 195 100 continuo
1111 1249 114 100 cum
1176 1249 163 100 dicit.
1290 1249 114 100 Cum
1355 1249 98 100 se
1404 1249 130 100 mens
1485 1249 130 100 ipsa
1566 1249 163 100 nouit,
1680 1249 114 100 est
1729 1249 114 100 eadem

112 1311 173 94 notitia
238 1311 158 94 verbum
349 1311 126 94 eius
427 1311 95 94 vt
475 1311 110 94 sit
538 1311 158 94 omnino
648 1311 189 94 aequale:
790 1311 126 94 quia
868 1311 142 94 neque
963 1311 221 94 inferioris
1136 1311 205 94 essentiae
1294 1311 173 94 notitia
1420 1311 110 94 est
1483 1311 142 94 sicut
1577 1311 205 94 corporis:
1735 1311 142 94 neque

114 1359 221 105 superioris
288 1359 142 105 sicut
382 1359 126 105 dei.
461 1359 126 105 Ecce
540 1359 126 105 quam
619 1359 205 105 manifeste
776 1359 189 105 exprimit
918 1359 126 105 quod
997 1359 95 105 de
1044 1359 252 105 similitudine
1249 1359 126 105 quae
1328 1359 205 105 consistit
1485 1359 95 105 in
1533 1359 173 105 notitia
1659 1359 173 105 actuali
1769 1359 79 105 non

116 1412 100 95 de
166 1412 150 95 alia,
266 1412 167 95 dictum
383 1412 133 95 suum
467 1412 250 95 intelligit.
667 1412 133 95 Quid
750 1412 150 95 etiam
850 1412 133 95 idem
934 1412 150 95 magis
1034 1412 217 95 expressit
1200 1412 150 95 libro
1301 1412 167 95 eodem.
1417 1412 133 95 cap,
1501 1412 167 95 quarto
1617 1412 183 95 dicens.
1734 1412 117 95 Noti-

121 1464 106 99 tia
181 1464 91 99 si
227 1464 136 99 minor
317 1464 106 99 est
378 1464 121 99 quam
453 1464 106 99 est
513 1464 136 99 illud
604 1464 121 99 quod
680 1464 181 99 noscitr,
815 1464 75 99 &
846 1464 136 99 plane
936 1464 151 99 potest
1042 1464 151 99 nosci,
1148 1464 181 99 perfecta
1283 1464 106 99 non
1344 1464 121 99 est.
1419 1464 121 99 Quod
1495 1464 181 99 intendit
1631 1464 196 99 pertinere
1782 1464 91 99 ad

115 1517 201 95 notitiam
266 1517 134 95 quam
349 1517 151 95 habet
450 1517 134 95 mens
533 1517 100 95 de
584 1517 134 95 deo.
667 1517 100 95 Si
717 1517 151 95 autem
818 1517 151 95 maior
918 1517 134 95 est,
1002 1517 117 95 iam
1069 1517 201 95 superior
1219 1517 117 95 est
1286 1517 167 95 natura
1403 1517 134 95 quae
1487 1517 151 95 nouit
1587 1517 134 95 quam
1671 1517 134 95 illa
1755 1517 134 95 quae

124 1578 135 89 nota
209 1578 135 89 est,
293 1578 152 89 sicut
395 1578 152 89 maior
496 1578 118 89 est
564 1578 186 89 notitia
699 1578 203 89 corporis
851 1578 135 89 quam
936 1578 152 89 ipsum
1037 1578 169 89 corpus
1156 1578 135 89 quid
1240 1578 101 89 ea
1291 1578 186 89 notitia
1426 1578 152 89 notum
1528 1578 135 89 est.
1612 1578 135 89 Mens
1697 1578 135 89 vero
1764 1578 85 89 cum

117 1624 177 101 seipsam
245 1624 225 101 cognoscit,
422 1624 112 101 non
486 1624 96 101 se
534 1624 193 101 superat:
679 1624 128 101 quia
759 1624 177 101 seipsam
888 1624 225 101 cognoscit,
1064 1624 80 101 &
1096 1624 128 101 ipsa
1177 1624 257 101 cognoscitur.
1385 1624 128 101 Ecce
1466 1624 128 101 quod
1546 1624 145 101 magna
1642 1624 225 101 ignorantia
1803 1624 48 101 &

127 1681 194 95 incuria
268 1681 106 95 in
321 1681 282 95 perscrutando
550 1681 159 95 verba
656 1681 247 95 Augustini,
850 1681 159 95 fecit
955 1681 194 95 credere
1096 1681 247 95 Augustinum
1290 1681 176 95 verbis
1414 1681 247 95 praedictis
1607 1681 211 95 voluisse
1748 1681 106 95 pone

122 1730 107 98 re
176 1730 232 98 triplicem
354 1730 143 98 spec
443 1730 125 98 iem
514 1730 125 98 seu
586 1730 303 98 similitudinem
836 1730 89 98 a
871 1730 214 98 triplici
1032 1730 107 98 re
1085 1730 161 98 menti
1192 1730 250 98 impressam:
1388 1730 107 98 vt
1442 1730 178 98 formam
1567 1730 268 98 inhaerentem
1763 1730 89 98 si-

132 1782 104 106 ue
184 1782 279 106 impressiuam:
410 1782 122 106 cum
480 1782 157 106 tamen
584 1782 157 106 nomen
689 1782 191 106 speciei
828 1782 191 106 nullibi
967 1782 279 106 expresserit:
1193 1782 139 106 nisi
1281 1782 226 106 solummodo
1455 1782 122 106 cum
1524 1782 244 106 loquebatur
1716 1782 104 106 de
1751 1782 104 106 noti

128 1838 113 95 tia
192 1838 209 95 corporis.
353 1838 81 95 &
386 1838 161 95 reuera
498 1838 145 95 illud
595 1838 113 95 eis
660 1838 129 95 fuit
740 1838 145 95 causa
837 1838 193 95 erroris.
982 1838 97 95 AD
1030 1838 145 95 illud
1127 1838 129 95 quod
1207 1838 209 95 arguitur:
1369 1838 129 95 quod
1449 1838 242 95 intellectus
1643 1838 209 95 cognoscit
1788 1838 64 95 se

134 1895 157 93 sicut
238 1895 87 93 &
273 1895 157 93 alia:
378 1895 209 93 Dicendum
535 1895 140 93 quod
622 1895 262 93 intellectus
832 1895 209 93 humanus:
989 1895 105 93 de
1041 1895 122 93 quo
1111 1895 209 93 procedit
1268 1895 227 93 obiectio,
1443 1895 209 93 duplicem
1600 1895 157 93 habet
1687 1895 157 93 statum.

128 1950 134 94 Vnum
212 1950 218 94 separatum
380 1950 84 94 a
413 1950 201 94 corpore,
564 1950 101 94 in
614 1950 117 94 quo
681 1950 235 94 intelligit
866 1950 151 94 sicut
966 1950 184 94 angelus
1101 1950 117 94 seu
1168 1950 302 94 intelligentia,
1419 1950 117 94 non
1486 1950 134 94 nisi
1570 1950 117 94 per
1637 1950 184 94 seipsum
1754 1950 101 94 illa

132 2002 147 100 quae
223 2002 147 100 sunt
315 2002 147 100 apud
407 2002 165 100 ipsum
516 2002 128 100 per
590 2002 165 100 eorum
700 2002 257 100 essentiam.
901 2002 165 100 Alium
1011 2002 147 100 vero
1103 2002 257 100 coniunctum
1304 2002 220 100 corpori,
1469 2002 110 100 in
1524 2002 128 100 quo
1597 2002 165 100 habet
1707 2002 147 100 esse
1781 2002 73 100 se

139 2057 165 94 cundum
255 2057 132 94 duos
338 2057 182 94 status.
470 2057 165 94 Quorum
585 2057 132 94 vnus
668 2057 116 94 est
734 2057 231 94 naturalis,
916 2057 149 94 alter
1015 2057 314 94 supernaturalis.
1279 2057 198 94 Secundum
1428 2057 165 94 statum
1543 2057 231 94 naturalem,
1725 2057 99 94 in
1774 2057 116 94 quo

144 2117 122 87 non
213 2117 226 87 distinguo
387 2117 157 87 inter
492 2117 174 87 statum
614 2117 192 87 naturae
753 2117 244 87 institutae
945 2117 122 87 per
1015 2117 279 87 innocentiam:
1241 2117 87 87 &
1276 2117 192 87 naturae
1415 2117 244 87 destitutae
1607 2117 122 87 per
1659 2117 192 87 peccatum:

137 2165 133 102 quia
221 2165 100 102 ad
271 2165 233 102 propositum
454 2165 117 102 non
520 2165 200 102 differt:
670 2165 200 102 secundum
820 2165 167 102 inquam
937 2165 167 102 statum
1053 2165 183 102 naturae
1187 2165 233 102 conmuniter
1370 2165 200 102 acceptae
1520 2165 117 102 non
1586 2165 233 102 intelligit
1753 2165 100 102 nisi

142 2222 111 100 per
205 2222 269 100 abstractionem
427 2222 79 100 a
459 2222 269 100 sensibilibus,
680 2222 79 100 &
712 2222 111 100 per
775 2222 174 100 sensuum
902 2222 253 100 adminiculum.
1107 2222 190 100 Secundum
1250 2222 158 100 statum
1361 2222 301 100 supernaturalem,
1614 2222 111 100 qui
1677 2222 111 100 est
1724 2222 127 100 status

134 2273 201 101 gloriae,
285 2273 184 101 praeter
418 2273 167 101 dictum
535 2273 150 101 modum
636 2273 267 101 intelligendi
853 2273 234 101 adminiculo
1037 2273 201 101 sensuum:
1187 2273 150 101 habet
1288 2273 134 101 duos
1371 2273 150 101 alios
1472 2273 150 101 modos
1572 2273 267 101 intelligendi
1789 2273 100 101 ad

129 2327 169 90 modum
242 2327 263 90 angelorum:
449 2327 150 90 vnum
543 2327 113 90 in
599 2327 188 90 verbo,
731 2327 207 90 alterum
881 2327 113 90 in
937 2327 207 90 propria
1088 2327 169 90 rerum
1200 2327 188 90 natura
1332 2327 188 90 absque
1463 2327 150 90 omni
1557 2327 207 90 sensuum
1689 2327 169 90 admini-

133 2379 152 97 culo:
235 2379 135 97 quia
319 2379 169 97 corpus
437 2379 220 97 gloriosum
606 2379 101 97 in
657 2379 152 97 nullo
758 2379 135 97 actu
843 2379 270 97 intelligendi
1063 2379 135 97 erit
1147 2379 169 97 animae
1265 2379 101 97 in
1316 2379 254 97 nocumentum:
1519 2379 118 97 sed
1587 2379 152 97 magis
1688 2379 101 97 in
1722 2379 135 97 promo-

137 2432 181 89 tionem.
268 2432 197 89 Secundum
416 2432 148 89 illum
515 2432 148 89 modum
614 2432 247 89 cognoscendi
811 2432 165 89 animam
926 2432 230 89 coniunctam
1107 2432 132 89 pure
1189 2432 214 89 naturalem
1354 2432 181 89 tractat
1486 2432 230 89 Augustinus
1650 2432 214 89 quaestionem

142 2485 100 88 de
192 2485 234 88 intellectu
376 2485 134 88 siue
460 2485 167 88 mente,
576 2485 184 88 quomodo
710 2485 100 88 se
760 2485 234 88 cognoscet:
944 2485 150 88 vtrum
1044 2485 117 88 per
1111 2485 184 88 seipsam
1244 2485 167 88 solam:
1361 2485 117 88 vel
1428 2485 117 88 per
1495 2485 184 88 aliquid
1628 2485 150 88 aliud
1712 2485 150 88 medium.

141 2537 92 93 Et
187 2537 185 93 quaerit.
325 2537 92 93 x.
371 2537 92 93 de
417 2537 215 93 trinitate.
587 2537 123 93 cap.
663 2537 123 93 iii.
740 2537 138 93 vtrum
833 2537 123 93 mens
910 2537 92 93 se
956 2537 200 93 desiderat
1109 2537 185 93 noscere.
1248 2537 92 93 Et
1294 2537 169 93 quaerit
1417 2537 138 93 vtrum
1509 2537 169 93 quaerat
1632 2537 169 93 tamquam
1740 2537 123 93 omnino

139 2595 248 82 incognitam.
338 2595 99 82 Ex
387 2595 165 82 arguit
503 2595 132 82 quod
586 2595 231 82 necessario
767 2595 149 82 nouit
867 2595 99 82 se
916 2595 116 82 cum
982 2595 99 82 se
1032 2595 182 82 quaerit
1164 2595 198 82 noscere,
1313 2595 149 82 vsque
1412 2595 99 82 ad
1461 2595 132 82 cap.
1544 2595 99 82 v.
1594 2595 116 82 sed
1660 2595 116 82 non
1709 2595 149 82 cogitat

149 2640 115 93 se:,
221 2640 187 93 implicata
365 2640 130 93 nimis
451 2640 187 93 speciebus
595 2640 231 93 sensibilium,
783 2640 130 93 licet
869 2640 101 93 sit
927 2640 115 93 sibi
999 2640 187 93 praesens,
1143 2640 86 93 vt
1186 2640 101 93 sic
1244 2640 101 93 non
1302 2640 173 93 oporteat
1432 2640 130 93 ipsam
1518 2640 173 93 quaerere
1648 2640 86 93 se
1691 2640 159 93 tanquam
1792 2640 72 93 ab-

139 2689 186 97 sentis:
275 2689 119 97 sed
342 2689 254 97 intentionem
545 2689 135 97 suam
630 2689 135 97 quae
715 2689 119 97 per
782 2689 135 97 alia
867 2689 203 97 vagatur,
1019 2689 169 97 figere
1138 2689 102 97 in
1189 2689 119 97 se:
1256 2689 102 97 vt
1307 2689 102 97 se
1358 2689 237 97 praesentem
1544 2689 220 97 discernat
1714 2689 102 97 ab
1747 2689 119 97 aliis

149 2745 147 103 quae
240 2745 183 103 nouit:
369 2745 110 103 vt
424 2745 202 103 tractat
570 2745 165 103 vsque
680 2745 110 103 ad
735 2745 202 103 vltimum
882 2745 238 103 capitulum
1065 2745 165 103 libri
1175 2745 202 103 decimi.
1322 2745 110 103 Et
1377 2745 257 103 reuertitur
1579 2745 110 103 ad
1634 2745 183 103 eandem
1744 2745 128 103 mate-

145 2796 135 99 riam
230 2796 169 99 libro.
348 2796 169 99 xiiii.
466 2796 219 99 capitulo.
635 2796 101 99 v.
685 2796 253 99 determinans
888 2796 135 99 quod
972 2796 152 99 licet
1074 2796 101 99 se
1124 2796 118 99 non
1192 2796 169 99 potest
1310 2796 219 99 ignorare:
1479 2796 118 99 non
1546 2796 152 99 tamen
1648 2796 186 99 propter
1766 2796 101 99 phan

142 2853 220 98 tasmatum
307 2853 275 98 impletionem
527 2853 184 98 potest
656 2853 110 98 se
711 2853 239 98 cogitare,
895 2853 110 98 vt
950 2853 110 98 de
1005 2853 147 98 illa
1097 2853 147 98 suus
1188 2853 220 98 formetur
1354 2853 220 98 obtutus.
1519 2853 129 98 Sed
1593 2853 165 98 tamen
1703 2853 165 98 nouit
1795 2853 73 98 se

140 2900 197 102 tanquam
283 2900 143 102 ipsa
373 2900 143 102 sibi
462 2900 125 102 sit
533 2900 197 102 memoria
676 2900 143 102 sui:
766 2900 161 102 sicut
873 2900 215 102 multarum
1034 2900 304 102 disciplinarum
1284 2900 197 102 peritus
1427 2900 107 102 ea
1481 2900 143 102 quae
1570 2900 161 102 nouit
1677 2900 143 102 eius
1749 2900 125 102 memo-

142 2966 123 91 ria
212 2966 245 91 contuetur:
404 2966 123 91 nec
474 2966 123 91 est
544 2966 140 91 inde
632 2966 193 91 aliquid
772 2966 105 91 in
824 2966 228 91 conspectu
999 2966 175 91 mentis
1122 2966 158 91 eius,
1227 2966 140 91 nisi
1314 2966 140 91 vnde
1402 2966 210 91 cogitat:
1559 2966 193 91 caetera
1699 2966 105 91 in
1734 2966 140 91 arcana

138 3003 182 119 quadam
265 3003 201 119 notitia
411 3003 146 119 sunt
503 3003 255 119 recondita,
703 3003 146 119 quae
795 3003 201 119 memoria
941 3003 274 119 nuncupatur.
1159 3003 109 119 Ex
1214 3003 128 119 quo
1287 3003 237 119 concludit
1470 3003 109 119 in
1524 3003 237 119 capitulo.
1707 3003 128 119 vi.
1762 3003 109 119 Mens

142 3064 139 111 ergo
228 3064 173 111 quando
350 3064 104 111 se
402 3064 260 111 cogitatione
609 3064 243 111 conspicit,
800 3064 243 111 intelligit
991 3064 121 111 se,
1060 3064 87 111 &
1094 3064 277 111 recognoscit:
1320 3064 173 111 gignit
1441 3064 260 111 intellectum
1649 3064 87 111 &
1666 3064 208 111 cogitatio-

140 3115 119 124 nem
208 3115 153 124 suam.
310 3115 119 124 Res
379 3115 170 124 quippe
498 3115 239 124 incorporea
686 3115 239 124 intellecta
873 3115 273 124 conspicitur,
1095 3115 85 124 &
1129 3115 256 124 intelligedo
1333 3115 273 124 cognoscitur.
1555 3115 119 124 sed
1623 3115 136 124 ante
1709 3115 136 124 sibi
1777 3115 102 124 nota
