2426 3681
453 261 92 122 &
489 261 147 122 vnum
581 261 128 122 per
655 261 239 122 materiam:
838 261 128 122 per
911 261 220 122 accidens
1077 261 165 122 autem
1187 261 128 122 per
1260 261 184 122 formam
1389 261 312 122 accidentalem:
1645 261 128 122 sic
1719 261 257 122 compositum
1921 261 110 122 ex
1976 261 202 122 materia
2123 261 92 122 &
2141 261 110 122 for-

465 352 109 76 ma
519 352 219 76 naturali
684 352 164 76 esset
793 352 128 76 ens
866 352 91 76 &
903 352 146 76 vnum
994 352 128 76 per
1067 352 109 76 se
1122 352 201 76 propter
1268 352 237 76 materiam:
1450 352 128 76 per
1523 352 219 76 accidens
1687 352 164 76 autem
1797 352 201 76 propter
1943 352 201 76 formam:
2089 352 91 76 &
2107 352 146 76 essent

469 403 113 79 duo
533 403 129 79 esem
614 403 274 79 substantialia
840 403 226 79 aggregata,
1017 403 113 79 aut
1081 403 161 79 formae
1194 403 161 79 essent
1307 403 242 79 accidentia:
1500 403 97 79 vt
1549 403 193 79 dixerunt
1694 403 210 79 antiquae,
1855 403 129 79 nunc
1936 403 145 79 autem
2032 403 129 79 quia
2113 403 177 79 materia

467 458 113 81 sub
531 458 145 81 forma
628 458 193 81 naturali
772 458 145 81 actum
869 458 145 81 illum
965 458 113 81 non
1030 458 145 81 habet
1126 458 177 81 omnino:
1255 458 113 81 sed
1319 458 145 81 solum
1416 458 145 81 actum
1512 458 177 81 formae,
1641 458 96 81 ad
1689 458 129 81 quem
1770 458 96 81 de
1818 458 161 81 natura
1930 458 113 81 sua
1995 458 80 81 e
2027 458 96 81 in
2075 458 209 81 potentia:

474 511 133 85 ideo
558 511 150 85 totum
657 511 233 85 compositum
840 511 116 85 est
907 511 116 85 ens
974 511 83 85 &
1007 511 133 85 vnum
1090 511 183 85 propter
1223 511 166 85 formam
1340 511 166 85 solum,
1456 511 83 85 &
1489 511 133 85 vnum
1573 511 250 85 simpliciter
1772 511 116 85 non
1839 511 283 85 aggregatione.
2072 511 133 85 Vnde
2139 511 116 85 sicut

475 572 182 72 accidens
611 572 121 72 quod
687 572 151 72 potest
793 572 151 72 diuina
899 572 167 72 virtute
1020 572 106 72 per
1081 572 91 72 se
1126 572 136 72 stare
1217 572 121 72 sine
1293 572 197 72 subiecto,
1444 572 136 72 cuius
1535 572 136 72 tamen
1626 572 121 72 esse
1702 572 91 72 ex
1747 572 151 72 natura
1853 572 106 72 sua
1914 572 106 72 non
1974 572 106 72 est
2035 572 121 72 nisi
2096 572 151 72 subiecto

471 616 160 90 inesse,
588 616 175 90 quamquam
719 616 145 90 potest
821 616 262 90 supnaturaliter
1039 616 145 90 habere
1141 616 145 90 actum,
1243 616 189 90 proprium:
1388 616 131 90 tamen
1475 616 102 90 non
1534 616 131 90 habet
1621 616 131 90 illum
1708 616 87 90 in
1752 616 175 90 subiecto
1883 616 189 90 existens:
2028 616 102 90 nec
2086 616 131 90 facit
2174 616 116 90 vnum

473 669 228 83 aggregatum
652 669 114 83 cum
717 669 195 83 subiecto
864 669 98 83 ex
912 669 179 83 duplici
1043 669 147 83 esse:
1140 669 114 83 sic
1206 669 114 83 nec
1271 669 130 83 ipsa
1352 669 179 83 materia
1482 669 114 83 cum
1547 669 147 83 forma
1645 669 277 83 substantiali,
1873 669 98 83 vt
1922 669 163 83 dictum
2036 669 130 83 est.
2117 669 98 83 Et
2166 669 130 83 quia

472 731 133 76 actus
561 731 178 76 proprius
694 731 178 76 materiae
828 731 104 76 est
887 731 133 76 sicut
976 731 89 76 in
1020 731 178 76 potentia
1153 731 89 76 ad
1198 731 133 76 actum
1287 731 163 76 formae:
1405 731 74 76 &
1435 731 118 76 quod
1509 731 104 76 est
1568 731 148 76 actum,
1672 731 193 76 inquantum
1820 731 207 76 huiusmodi,
1983 731 118 76 vere
2057 731 118 76 est:
2131 731 118 76 quod
2205 731 89 76 au

478 777 104 94 tem
538 777 134 94 solum
627 777 89 94 in
671 777 193 94 potentia,
820 777 193 94 inquantum
968 777 208 94 huiusmodi,
1132 777 104 94 non
1191 777 119 94 est:
1266 777 104 94 non
1325 777 134 94 tamen
1414 777 104 94 est
1474 777 134 94 purum
1563 777 104 94 non
1622 777 119 94 ens:
1696 777 119 94 quia
1771 777 119 94 tunc
1845 777 104 94 nec
1904 777 89 94 in
1949 777 178 94 potentia
2083 777 149 94 esset.
2172 777 89 94 ltem

487 831 192 84 verissima
635 831 118 84 sunt
709 831 133 84 omnia
798 831 118 84 illa
872 831 133 84 dicta
961 831 89 84 de
1005 831 178 84 materia,
1138 831 118 84 quod
1212 831 104 84 est
1272 831 133 84 prope
1360 831 148 84 nihil:
1464 831 118 84 quod
1538 831 104 84 est
1597 831 133 84 inter
1686 831 104 84 ens
1745 831 74 84 &
1775 831 104 84 non
1834 831 118 84 ens:
1908 831 118 84 quod
1982 831 104 84 est
2041 831 163 84 aliquid
2159 831 133 84 nihil

480 887 79 78 &
512 887 173 78 caetera
638 887 158 78 hmoni.
748 887 126 78 Vnde
827 887 142 78 Plato
921 887 189 78 quaerens
1063 887 126 78 quae
1142 887 110 78 sit
1205 887 158 78 natura
1315 887 189 78 materiae
1457 887 95 78 in
1504 887 173 78 secundo
1630 887 173 78 Timaei,
1756 887 173 78 sibimet
1882 887 221 78 respondens
2055 887 158 78 dicit.
2166 887 126 78 Quam

487 937 140 96 igitur
585 937 112 96 eius
655 937 98 96 vim
711 937 140 96 quamve
809 937 112 96 eius
879 937 112 96 esse
949 937 154 96 naturam
1061 937 168 96 putandum
1187 937 98 96 est
1243 937 140 96 opinor
1341 937 126 96 plane
1425 937 140 96 omnium
1523 937 112 96 quae
1593 937 182 96 gignuntur
1733 937 224 96 receptaculum
1915 937 112 96 est:
1985 937 70 96 &
2013 937 98 96 cum
2069 937 126 96 velut
2153 937 84 96 in
2181 937 84 96 eius

481 993 162 91 gremio
594 993 227 91 formantur.
772 993 129 91 ipsa
853 993 194 91 informis
999 993 162 91 manet,
1112 993 162 91 estque
1225 993 129 91 vsus
1306 993 129 91 eius
1387 993 178 91 similis
1517 993 146 91 molli
1614 993 227 91 cedentique
1792 993 194 91 materiae
1937 993 97 91 in
1986 993 129 91 quam
2051 993 210 91 imprimuntur

480 1047 148 90 varia
578 1047 230 90 signacula:
759 1047 181 90 mouetur
891 1047 82 90 &
924 1047 280 90 confinguratur
1154 1047 197 90 omnimode
1302 1047 99 90 ab
1352 1047 280 90 itroeuntibus:
1582 1047 132 90 ipsa
1665 1047 115 90 nec
1730 1047 165 90 formam
1846 1047 115 90 nec
1911 1047 148 90 motum
2010 1047 181 90 habens:
2142 1047 99 90 ex
2175 1047 82 90 sui

477 1100 155 83 natura
586 1100 124 83 omni
664 1100 140 83 forma
757 1100 171 83 carens.
881 1100 171 83 ideoque
1005 1100 140 83 neque
1099 1100 155 83 terram
1207 1100 140 83 neque
1300 1100 140 83 aquam
1394 1100 109 83 nec
1456 1100 186 83 quicquid
1595 1100 140 83 aliud
1689 1100 93 83 ex
1735 1100 109 83 his
1797 1100 171 83 creatum
1921 1100 233 83 appellandum
2108 1100 124 83 est:
2185 1100 109 83 sed

477 1154 248 84 inuisibilem
676 1154 165 84 potius
791 1154 182 84 speciem
924 1154 182 84 quandam
1056 1154 83 84 &
1089 1154 198 84 informem
1238 1154 248 84 capacitatem
1436 1154 132 84 mita
1518 1154 165 84 quadam
1634 1154 83 84 &
1667 1154 347 84 incomprehensibili
1965 1154 182 84 ratione
2097 1154 149 84 inter
2179 1154 83 84 nul

486 1220 115 69 lam
551 1220 82 69 &
584 1220 181 69 aliquam
715 1220 263 69 substantiam,
929 1220 115 69 nec
995 1220 148 69 plane
1093 1220 312 69 intelligibilem,
1356 1220 115 69 nec
1422 1220 148 69 plane
1520 1220 230 69 sensibilem
1701 1220 197 69 positam:
1848 1220 115 69 sed
1914 1220 131 69 quae
1996 1220 99 69 ex
2046 1220 115 69 iis
2111 1220 131 69 quae
2193 1220 99 69 in

483 1262 104 90 ca
535 1262 260 90 commutantur
743 1262 225 90 intelligi
916 1262 156 90 posse
1020 1262 225 90 videatur:
1193 1262 121 90 nec
1262 1262 156 90 tamen
1366 1262 173 90 nihil.
1487 1262 139 90 vnde
1574 1262 156 90 Plato
1678 1262 173 90 posuit
1799 1262 156 90 talem
1903 1262 191 90 naturam
2042 1262 208 90 infinito
2180 1262 87 90 tem

491 1328 132 79 pore
573 1328 263 79 praecessisse
787 1328 148 79 mundi
886 1328 230 79 factionem.
1067 1328 263 79 Aequiuocatio
1281 1328 132 79 ergo
1363 1328 82 79 &
1396 1328 230 79 imperfecta
1577 1328 263 79 determinatio
1791 1328 214 79 veritatis
1955 1328 99 79 in
2005 1328 247 79 philosophia
2202 1328 99 79 de

493 1367 138 78 cipit
585 1367 200 78 credentes
738 1367 123 78 quod
815 1367 154 78 nullum
923 1367 107 78 sit
984 1367 138 78 esse:
1076 1367 107 78 nec
1138 1367 169 78 aliquis
1260 1367 154 78 actus,
1368 1367 107 78 aut
1429 1367 154 78 aliqua
1537 1367 215 78 existentia
1706 1367 92 78 in
1752 1367 138 78 actum
1844 1367 123 78 nisi
1921 1367 107 78 sit
1982 1367 154 78 formae
2090 1367 107 78 vel
2151 1367 77 78 a
2167 1367 107 78 forma

491 1434 104 65 vt
543 1434 157 65 visum
647 1434 139 65 est.
734 1434 104 65 Et
786 1434 122 65 sic
856 1434 174 65 patent
960 1434 174 65 obiecta.

776 1525 194 83 Equuntur
921 1525 242 83 quaestiones
1115 1525 97 83 de
1163 1525 145 83 anima
1260 1525 226 83 rationali.
1437 1525 161 83 Quarum
1550 1525 177 83 quaedam
1679 1525 145 83 erant
1776 1525 97 83 de
1824 1525 113 83 eis
1889 1525 129 83 quae
1970 1525 177 83 proprie
2082 1525 194 83 conueniunt

780 1582 100 80 ei
830 1582 100 80 vt
880 1582 200 80 separata
1031 1582 133 80 est.
1114 1582 184 80 Quaedam
1247 1582 133 80 vero
1331 1582 133 80 alia
1414 1582 100 80 de
1464 1582 117 80 eis
1531 1582 133 80 quae
1614 1582 284 80 indifferenter
1848 1582 234 80 conueniunt
2031 1582 117 80 ei,
2098 1582 100 80 vt
2132 1582 133 80 sepera

810 1649 102 77 ta
861 1649 119 77 est
929 1649 85 77 &
963 1649 102 77 vt
1014 1649 238 77 coniuicta.
1202 1649 153 77 ClRca
1304 1649 170 77 primum
1423 1649 238 77 quarebatur
1610 1649 136 77 vnum
1695 1649 221 77 pertinens
1865 1649 102 77 ad
1917 1649 170 77 statum
2036 1649 204 77 gloriae.
2189 1649 119 77 Duo

816 1688 130 77 vero
897 1688 244 77 pertinentia
1092 1688 97 77 ad
1140 1688 162 77 statum
1254 1688 195 77 naturae.
1400 1688 211 77 Pertinens
1563 1688 97 77 ad
1611 1688 162 77 statum
1725 1688 179 77 gloriae
1855 1688 146 77 erat,
1952 1688 146 77 vtrum
2050 1688 195 77 peccatum
2180 1688 97 77 veni

813 1745 116 72 ale
880 1745 100 72 in
930 1745 116 72 quo
996 1745 133 72 homo
1079 1745 216 72 discedit,
1245 1745 199 72 retardat
1394 1745 166 72 animam
1510 1745 83 72 a
1543 1745 182 72 gloria.
1676 1745 100 72 ET
1726 1745 232 72 arguebatur
1908 1745 133 72 quod
1991 1745 133 72 sic:
2074 1745 166 72 Primo,
2173 1745 100 72 quia

814 1797 106 77 in
867 1797 176 77 gloria
990 1797 141 77 erit
1078 1797 158 77 summa
1184 1797 176 77 mentis
1307 1797 229 77 eleuatio:
1483 1797 141 77 ergo
1571 1797 158 77 nulla
1677 1797 246 77 depressio.
1870 1797 194 77 veniale
2011 1797 141 77 omne
2099 1797 176 77 aliquo
2205 1797 70 77 mo

812 1850 105 74 do
865 1850 211 74 deprimit
1023 1850 193 74 mentem.
1164 1850 141 74 ergo
1252 1850 123 74 &c.
1322 1850 211 74 SEcundo,
1480 1850 141 74 quia
1568 1850 281 74 quandocumque
1797 1850 211 74 completa
1955 1850 228 74 contraria
2130 1850 123 74 non
2183 1850 88 74 com

497 1898 202 106 patiuntur
652 1898 109 106 se,
714 1898 109 106 nec
776 1898 233 106 incompletum
962 1898 140 106 vnius
1055 1898 109 106 cum
1117 1898 186 106 completo
1256 1898 202 106 alterius.
1411 1898 140 106 verbi
1504 1898 171 106 gratia,
1628 1898 93 106 si
1675 1898 186 106 perfecte
1814 1898 171 106 calidum
1938 1898 109 106 non
2000 1898 155 106 potest
2109 1898 124 106 esse
2171 1898 109 106 simul

500 1961 105 76 cum
560 1961 181 76 perfecte
696 1961 181 76 frigido:
831 1961 135 76 neque
921 1961 166 76 minimum
1042 1961 181 76 frigoris
1177 1961 105 76 cum
1237 1961 181 76 perfecte
1373 1961 166 76 calido.
1493 1961 151 76 status
1599 1961 166 76 gloriae
1719 1961 105 76 cum
1779 1961 181 76 perfecto
1915 1961 135 76 statu
2005 1961 181 76 peccati,
2125 1961 151 76 scilicet

502 2014 203 80 mortalis,
658 2014 109 80 non
721 2014 156 80 potest
830 2014 140 80 stare
924 2014 172 80 propter
1049 2014 140 80 eorum
1142 2014 203 80 perfectam
1299 2014 297 80 contrarietatem:
1548 2014 125 80 ergo
1626 2014 140 80 neque
1720 2014 109 80 cum
1782 2014 219 80 incompleto
1954 2014 172 80 peccato
2079 2014 156 80 potest
2173 2014 109 80 stare

503 2076 185 89 gloria,
638 2076 118 89 sed
705 2076 185 89 veniale
840 2076 118 89 est
908 2076 202 89 peccatum
1059 2076 270 89 incompletum.
1279 2076 135 89 ergo
1363 2076 118 89 &c.
1430 2076 185 89 CONtra,
1565 2076 101 89 in
1616 2076 236 89 discedenti
1801 2076 101 89 in
1852 2076 185 89 veniali
1986 2076 169 89 potest
2104 2076 135 89 esse
2189 2076 118 89 ma-

501 2132 119 81 ior
569 2132 170 81 gratia
688 2132 136 81 quam
772 2132 102 81 in
823 2132 170 81 aliquo
942 2132 221 81 existente
1112 2132 102 81 in
1163 2132 187 81 gloria:
1298 2132 170 81 vtputa
1417 2132 102 81 in
1468 2132 170 81 adulto
1587 2132 119 81 qui
1654 2132 153 81 multa
1756 2132 237 81 promeruit,
1943 2132 136 81 quam
2028 2132 102 81 in
2078 2132 187 81 paruulo
2197 2132 85 81 ba-

502 2169 195 99 prizato
644 2169 124 99 qui
715 2169 177 99 statim
839 2169 248 99 expirauit.
1035 2169 160 99 Maior
1141 2169 177 99 gratia
1265 2169 160 99 facit
1372 2169 195 99 maiorem
1514 2169 319 99 assimilationem
1780 2169 106 99 ad
1833 2169 160 99 deum:
1940 2169 124 99 per
1993 2169 284 99 assimilationem

506 2226 155 84 autem
609 2226 104 84 ad
661 2226 138 84 deum
747 2226 138 84 homo
834 2226 155 84 habet
937 2226 173 84 statum
1058 2226 207 84 gloriae:
1214 2226 138 84 ergo
1300 2226 138 84 ille
1386 2226 121 84 cum
1455 2226 190 84 veniali
1593 2226 155 84 magis
1697 2226 173 84 potest
1818 2226 173 84 habere
1939 2226 173 84 statum
2060 2226 190 84 gloriae
2180 2226 104 84 quam

501 2280 137 94 iste
586 2280 137 94 fine
672 2280 205 94 veniali.
825 2280 205 94 DIcendum
979 2280 102 94 ad
1030 2280 137 94 hoc:
1115 2280 137 94 quod
1201 2280 119 94 cum
1269 2280 171 94 gloria
1388 2280 119 94 sit
1457 2280 171 94 gratia
1576 2280 205 94 perfecta
1730 2280 205 94 secundum
1883 2280 171 94 statum
2003 2280 256 94 cuiuscunque
2191 2280 85 94 con

499 2357 289 63 templatoris,
734 2357 90 63 &
770 2357 181 63 gratia
897 2357 271 63 persupponat
1114 2357 217 63 naturam,
1276 2357 181 63 gloria
1403 2357 163 63 debet
1511 2357 181 63 habere
1638 2357 127 63 sub
1710 2357 108 63 se
1765 2357 235 63 perfectam
1945 2357 217 63 cuiusque
2108 2357 217 63 naturam.

505 2386 157 84 Nunc
603 2386 177 84 autem
721 2386 235 84 secundum
898 2386 275 84 Augustinum
1114 2386 118 84 in
1173 2386 235 84 pluribus
1349 2386 177 84 locis
1467 2386 235 84 peccatum
1643 2386 334 84 quantumcumque
1918 2386 216 84 modicum
2075 2386 118 84 eo
2134 2386 157 84 quod
2213 2386 78 84 ma

507 2441 123 88 lum
578 2441 123 88 est
648 2441 176 88 contra
772 2441 194 88 naturam
913 2441 123 88 est
983 2441 88 88 &
1018 2441 194 88 aliquid
1159 2441 194 88 abiicit
1300 2441 88 88 a
1336 2441 176 88 natura
1459 2441 88 88 &
1494 2441 159 88 nocet
1600 2441 211 88 naturam.
1758 2441 123 88 Non
1829 2441 123 88 est
1899 2441 141 88 enim
1987 2441 159 88 malum
2093 2441 141 88 nisi
2181 2441 141 88 quia

496 2495 193 93 nocet.
631 2495 231 93 Peccatum
804 2495 154 93 ergo
900 2495 328 93 quantumcunque
1170 2495 212 93 veniale
1324 2495 212 93 aliquid
1479 2495 193 93 tollit
1613 2495 116 93 de
1671 2495 289 93 perfectione
1903 2495 231 93 naturae,
2076 2495 135 93 cum
2134 2495 154 93 status

507 2547 196 99 gloriae
650 2547 214 99 requirat
810 2547 231 99 omnimodam
988 2547 285 99 perfectionem
1219 2547 214 99 naturae,
1379 2547 107 99 vt
1433 2547 178 99 lumine
1557 2547 196 99 gloriae
1700 2547 178 99 natura
1824 2547 160 99 vltra
1931 2547 107 99 id
1984 2547 142 99 quod
2073 2547 196 99 naturae
2198 2547 89 99 est

512 2604 223 86 eleuetur
679 2604 111 86 ad
735 2604 204 86 aliquid
883 2604 371 86 supernaturaliter
1199 2604 334 86 contemplandum,
1477 2604 93 86 &
1514 2604 167 86 eodem
1625 2604 371 86 supernaturaliter
1941 2604 241 86 fruendum.
2126 2604 130 86 Non
2182 2604 111 86 enim

508 2655 160 92 potest
620 2655 176 92 eleuari
749 2655 96 92 ad
797 2655 96 92 id
845 2655 128 92 quod
925 2655 144 92 supra
1021 2655 96 92 se
1069 2655 128 92 est,
1149 2655 128 92 nisi
1230 2655 144 92 prius
1326 2655 241 92 perficiatur
1518 2655 128 92 illo
1598 2655 128 92 quod
1679 2655 96 92 in
1727 2655 96 92 se
1775 2655 128 92 est.
1855 2655 144 92 Nullo
1951 2655 128 92 ergo
2031 2655 128 92 modo
2112 2655 128 92 pont
2176 2655 112 92 anima

513 2709 123 86 cum
584 2709 194 86 veniali
725 2709 194 86 intrare
865 2709 176 86 statum
989 2709 211 86 gloriae.
1147 2709 88 86 &
1182 2709 123 86 sic
1253 2709 194 86 veniale
1393 2709 211 86 retardat
1552 2709 88 86 a
1587 2709 176 86 gloria
1710 2709 123 86 non
1781 2709 106 86 in
1833 2709 176 86 aliquo
1957 2709 264 86 permittendo
2168 2709 158 86 ipsam

513 2763 88 87 &
549 2763 106 87 in
601 2763 176 87 aliquo
725 2763 264 87 repellendo:
936 2763 123 87 sed
1007 2763 176 87 omnino
1130 2763 123 87 eam
1201 2763 264 87 excludendo.
1412 2763 106 87 Et
1465 2763 141 87 ideo
1553 2763 194 87 dicitur
1694 2763 176 87 Apoca,
1817 2763 229 87 penultimo
1993 2763 123 87 Non
2064 2763 211 87 intrabit
2223 2763 106 87 in

515 2816 163 87 illam
624 2816 200 87 aliquid
769 2816 308 87 coinquinatum.
1023 2816 91 87 &
1059 2816 163 87 Ephe,
1168 2816 200 87 quinto.
1313 2816 109 87 Vt
1368 2816 236 87 exhiberet
1549 2816 145 87 sibi
1640 2816 236 87 gloriosam
1821 2816 236 87 ecclesiam
2003 2816 127 87 non
2075 2816 218 87 habentem
2220 2816 73 87 ma

517 2872 141 79 culam
611 2872 141 79 neque
706 2872 157 79 rugam.
815 2872 173 79 Maculam
941 2872 188 79 venialis
1082 2872 126 79 quod
1161 2872 94 79 de
1208 2872 157 79 facili
1317 2872 188 79 deletur.
1459 2872 141 79 Rugam
1553 2872 204 79 mortalis:
1710 2872 126 79 quod
1788 2872 141 79 quasi
1882 2872 235 79 connaturale
2070 2872 188 79 fortiter
2212 2872 110 79 ad-

522 2920 188 86 haeret.
659 2920 103 86 AD
710 2920 239 86 argumentum
898 2920 103 86 in
950 2920 239 86 contrarium
1138 2920 205 86 dicendum
1292 2920 137 86 quod
1377 2920 154 86 licet
1480 2920 188 86 quantum
1617 2920 120 86 est
1685 2920 103 86 ex
1736 2920 154 86 parte
1839 2920 188 86 gratiae
1976 2920 171 86 habens
2096 2920 188 86 maiorem
2215 2920 86 86 gra

522 2979 138 84 tiam
608 2979 155 84 magis
711 2979 120 84 deo
780 2979 275 84 assimilatur:
1004 2979 86 84 &
1038 2979 172 84 viator
1158 2979 120 84 sic
1227 2979 172 84 possit
1348 2979 138 84 esse
1434 2979 189 84 maioris
1571 2979 138 84 quam
1657 2979 293 84 comprehensor:
1898 2979 86 84 &
1933 2979 120 84 ita
2002 2979 155 84 magis
2088 2979 206 84 dispositus

515 3031 120 83 est
584 3031 103 83 ad
635 3031 189 83 gloriam
773 3031 137 83 quam
859 3031 172 83 habens
979 3031 189 83 minorem
1116 3031 189 83 quantum
1254 3031 120 83 est
1322 3031 103 83 ex
1374 3031 155 83 parte
1477 3031 189 83 habitus
1615 3031 206 83 gratiae,
1769 3031 155 83 licet
1872 3031 120 83 non
1941 3031 189 83 quantum
2079 3031 120 83 est
2147 3031 103 83 ex
2182 3031 120 83 parte

509 3082 176 87 status
633 3082 194 87 gratiae
774 3082 88 87 &
809 3082 212 87 gloriae:
968 3082 159 87 tamen
1074 3082 194 87 propter
1215 3082 229 87 impediens
1391 3082 229 87 adiunctum
1567 3082 194 87 habenti
1708 3082 194 87 maiorem
1849 3082 212 87 gratiam:
2008 3082 123 87 non
2078 3082 159 87 autem
2167 3082 123 87 haben

516 3144 92 106 ti
562 3144 184 106 minorem,
700 3144 153 106 potest
807 3144 123 106 ille
883 3144 215 106 retardari,
1052 3144 138 106 licet
1144 3144 107 106 non
1205 3144 138 106 iste.
1297 3144 77 106 &
1328 3144 123 106 quae
1405 3144 107 106 sit
1466 3144 138 106 causa
1558 3144 138 106 huius
1650 3144 107 106 iam
1711 3144 153 106 dictum
1803 3144 92 106 est.
