2529 4107
217 347 218 55 haeresim,
385 347 84 55 &
419 347 286 55 idololatriam,
654 347 252 55 homicidium,
856 347 84 55 &
889 347 252 55 adulterium,
1074 347 84 55 fal

222 397 121 46 sum
291 397 276 46 testimonium,
515 397 86 46 &
550 397 138 46 quod
636 397 173 46 credat
757 397 138 46 diem
843 397 207 46 judicii,
999 397 86 46 &
1033 397 155 46 resur

220 436 206 47 rectionem
378 436 190 47 futuram.
521 436 111 47 1o,
584 436 206 47 quaestio.
742 436 95 47 2.
789 436 190 47 placuit.
932 436 174 47 Inducat
1058 436 111 47 eum
1106 436 63 47 ad

218 479 201 45 solvendas
372 479 170 45 decimas
496 479 77 45 &
527 479 216 45 primitias:
697 479 155 45 aliter
805 479 170 45 salvari
928 479 108 45 non
990 479 170 45 potest,
1098 479 62 45 16

231 525 88 59 I.
275 525 88 59 1.
319 525 235 59 revertimini,
510 525 73 59 &
540 525 118 59 cap.
613 525 176 59 decimae,
746 525 73 59 &
775 525 118 59 quod
848 525 147 59 solvat
951 525 147 59 legata
1054 525 73 59 &
1069 525 88 59 debi

224 568 98 50 ta
273 568 293 50 praedecessorum
516 568 179 50 suorum:
647 568 81 50 &
679 568 163 50 maxime
793 568 130 50 piis
874 568 146 50 locis
972 568 195 50 relicta:
1102 568 65 50 a-

220 615 148 44 liter
318 615 148 44 usque
417 615 99 44 ad
466 615 263 44 evacuationem
680 615 148 44 fidei
778 615 230 44 mortaliter
959 615 214 44 peccaret,
1107 615 49 44 u

225 660 181 54 quaestio.
364 660 83 54 2.
406 660 97 54 qui
461 660 208 54 oblationes,
628 660 69 54 &
656 660 125 54 capi.
739 660 167 54 clerici.
864 660 83 54 Et
906 660 167 54 breviter
1031 660 111 54 omne
1087 660 83 54 pec-

215 708 140 39 catum
309 708 218 39 mortaliter
481 708 172 39 evitet,
605 708 78 39 &
637 708 125 39 quod
715 708 125 39 sibi
793 708 109 39 non
855 708 125 39 vult
933 708 156 39 fieri,
1042 708 125 39 alii
1105 708 62 39 ne

221 744 138 54 faciat.
322 744 63 54 2
347 744 163 54 quaestio.
473 744 75 54 6.
510 744 138 54 decreto
611 744 88 54 50.
661 744 138 54 distin.
762 744 163 54 ponderet.
888 744 75 54 12
925 744 88 54 qu.
975 744 126 54 primo.
1063 744 88 54 13.
1101 744 63 54 di-

226 791 140 52 stin.
320 791 109 52 duo
382 791 140 52 mala,
475 791 78 52 &
507 791 93 52 ca
553 791 156 52 nervi,
662 791 78 52 &
693 791 124 52 quod
771 791 156 52 faciat
880 791 124 52 omne
958 791 156 52 bonum,
1067 791 124 52 quoc

227 834 179 41 poterit
357 834 179 41 semper,
487 834 98 41 ut
536 834 130 41 Deus
618 834 147 41 ipsum
715 834 228 41 illustret,
894 834 81 41 &
927 834 98 41 de
976 834 130 41 bono
1057 834 98 41 in
1090 834 65 41 me

234 876 120 46 lius
309 876 196 46 ascendat,
460 876 75 46 &
490 876 211 46 proficiat,
655 876 90 46 de
700 876 135 46 poen.
791 876 226 46 distinctio.
971 876 90 46 2.
1001 876 181 46 quaerendum

218 916 119 54 est,
292 916 74 54 &
322 916 149 54 capit.
426 916 164 54 pennata
545 916 193 54 animalia,
694 916 74 54 &
724 916 89 54 si
768 916 104 54 sic
828 916 283 54 perseveraverit,
1051 916 119 54 salvus

230 961 152 48 erit,
331 961 84 48 &
365 961 202 48 securius
516 961 135 48 hinc
601 961 185 48 exibit,
735 961 202 48 secundum
887 961 185 48 August.
1021 961 101 48 de
1055 961 118 48 poen.

232 1004 193 63 distinctio.
387 1004 77 63 7.
425 1004 90 63 qui
477 1004 142 63 egerit,
580 1004 64 63 &
606 1004 129 63 capit.
696 1004 77 63 si
735 1004 103 63 quis
799 1004 155 63 positus,
915 1004 64 63 &
941 1004 103 63 cap.
1005 1004 116 63 agens
1070 1004 90 63 poeni

212 1052 158 47 ventiam.

219 1142 110 64 SI
274 1142 146 64 vero
365 1142 220 64 sacerdos
530 1142 165 64 habet
639 1142 201 64 aliquem
786 1142 274 64 parochianum
987 1142 183 64 peccato-

267 1182 120 44 rem
336 1182 224 44 publicum,
508 1182 120 44 qui
576 1182 120 44 non
645 1182 138 44 vult
731 1182 241 44 confiteri,
920 1182 155 44 neque
1023 1182 138 44 ullo
1092 1182 86 44 mo-

224 1225 107 42 do
278 1225 249 42 paenitere:
473 1225 231 42 praemissa
651 1225 231 42 monitione
828 1225 160 42 debet
935 1225 124 42 eum
988 1225 178 42 excommu-

225 1268 159 55 nicare,
340 1268 101 55 vel
398 1268 188 55 superiori
543 1268 217 55 denunciare.
717 1268 87 55 32
760 1268 188 55 quaestio.
905 1268 87 55 5.
949 1268 217 55 praeceptum.
1108 1268 58 55 Et

223 1311 101 45 si
274 1311 168 45 habeat
391 1311 151 45 odium
492 1311 168 45 contra
609 1311 201 45 fratrem,
760 1311 151 45 debet
861 1311 117 45 eum
928 1311 101 45 ad
978 1311 151 45 pacem
1062 1311 101 45 faci

223 1362 126 44 endam
307 1362 210 44 compellere,
475 1362 98 44 90.
531 1362 182 44 distinct.
671 1362 168 44 placuit,
796 1362 98 44 &c.
852 1362 84 44 si
894 1362 112 44 quis
964 1362 224 44 contristatus

229 1398 99 44 22
278 1398 115 44 qu.
344 1398 82 44 4
377 1398 115 44 qui
443 1398 247 44 sacramento.
640 1398 148 44 Debet
739 1398 148 44 etiam
838 1398 231 44 compellere
1019 1398 148 44 ipsum
1101 1398 66 44 ad

223 1451 269 46 poenitentiam
442 1451 185 46 agendam
576 1451 101 46 de
626 1451 218 46 perjurio,
794 1451 286 46 fornicatione,
1013 1451 151 46 adulte-

219 1488 118 50 rio,
293 1488 74 50 &
322 1488 132 50 aliis
411 1488 206 50 criminibus
572 1488 132 50 supra
661 1488 88 50 de
705 1488 132 50 spon.
793 1488 88 50 ad
837 1488 221 50 audientiam,
1014 1488 88 50 in
1058 1488 118 50 fin.
1117 1488 44 50 &

223 1532 84 41 de
265 1532 125 41 cler.
348 1532 139 41 conju.
446 1532 84 41 c.
488 1532 84 41 1.
529 1532 84 41 22
571 1532 153 41 quaest.
683 1532 84 41 1.
724 1532 237 41 praedicandum,
919 1532 70 41 &
947 1532 195 41 undecunque
1086 1532 84 41 cla-

223 1572 174 49 ruerint
349 1572 189 49 crimina,
491 1572 221 49 puniantur,
665 1572 189 49 secundum
807 1572 158 49 Grego.
918 1572 95 49 11
965 1572 205 49 quaestio.
1107 1572 63 49 3.

217 1622 194 52 praecipue,
370 1622 69 52 &
398 1622 194 52 prosperum.
550 1622 97 52 24.
606 1622 83 52 q.
647 1622 83 52 3.
689 1622 125 52 ecce,
772 1622 69 52 &
800 1622 83 52 si
842 1622 194 52 inobediens
994 1622 153 52 fuerit,
1105 1622 83 52 ex

224 1669 175 46 pellatur
356 1669 88 46 ab
400 1669 190 46 ecclesia,
545 1669 102 46 nec
604 1669 146 46 postea
706 1669 88 46 de
750 1669 146 46 facili
852 1669 219 46 admittatur:
1027 1669 102 46 11.
1071 1669 102 46 quae.

214 1708 94 52 3.
261 1708 110 52 qui
324 1708 188 52 jubente,
465 1708 188 52 latentia
606 1708 141 52 autem
701 1708 173 52 delicta
826 1708 204 52 vindictam
983 1708 110 52 non
1046 1708 157 52 habent

222 1747 84 56 32
264 1747 181 56 quaestio.
403 1747 84 56 5.
445 1747 209 56 Christiana.
612 1747 84 56 6.
654 1747 181 56 quaestio.
793 1747 125 56 prima
877 1747 84 56 si
918 1747 139 56 omnia.
1016 1747 125 56 Verum
1085 1747 84 56 cir-

216 1791 104 61 ca
268 1791 139 61 hanc
355 1791 278 61 compulsionem
581 1791 209 61 doctrina
737 1791 191 61 August.
877 1791 87 61 &
911 1791 174 61 Grego.
1033 1791 122 61 est
1085 1791 70 61 se

220 1835 184 52 quenda,
354 1835 151 52 scil.
455 1835 134 52 quod
538 1835 151 52 primo
639 1835 167 52 arguat
756 1835 218 52 oportune,
924 1835 151 52 scil.
1007 1835 151 52 admonen

215 1879 110 51 do
270 1879 91 51 &
306 1879 293 51 corripiendo.
544 1879 220 51 Secundo,
709 1879 256 51 importune,
910 1879 274 51 suspendendo
1111 1879 55 51 &

221 1920 154 50 inter
324 1920 206 50 dicendo.
478 1920 189 50 Tertio,
615 1920 223 50 crescente
787 1920 257 50 contumacia,
975 1920 189 50 excommuni

221 1964 127 47 cando,
310 1964 89 47 23.
361 1964 76 47 q.
399 1964 76 47 3.
437 1964 89 47 ita
488 1964 127 47 plane,
577 1964 63 47 &
602 1964 102 47 cap.
665 1964 127 47 forte,
754 1964 89 47 43.
805 1964 152 47 distinct
919 1964 89 47 sit
970 1964 140 47 rector.
1071 1964 89 47 Sin
1110 1964 63 47 au-

222 2006 120 53 tem
291 2006 120 53 hoc
359 2006 189 53 commode
497 2006 155 53 fieri
600 2006 155 53 forte
703 2006 120 53 non
772 2006 189 53 potest,
909 2006 189 53 propter
1030 2006 137 53 multi-

215 2060 214 39 tudinem,
376 2060 125 39 vel
447 2060 232 39 potentiam
625 2060 214 39 hominum,
786 2060 214 39 admoneat
946 2060 125 39 eos
1017 2060 178 39 verbis

215 2100 78 48 &
247 2100 171 48 terreat
371 2100 171 48 quantum
495 2100 187 48 poterit,
635 2100 78 48 &
666 2100 156 48 faciat
775 2100 171 48 quantum
900 2100 93 48 in
946 2100 93 48 se
993 2100 124 48 est,
1071 2100 124 48 quic

232 2148 138 53 quid
318 2148 190 53 potest,
456 2148 86 53 &
491 2148 121 53 sic
560 2148 207 53 secundum
715 2148 207 53 quosdam,
871 2148 224 53 liberabit
1026 2148 138 53 animam

217 2187 170 43 suam,
331 2187 189 43 dicens
463 2187 132 43 cum
539 2187 246 43 Apostolo:
728 2187 189 43 Mundus
860 2187 151 43 sunt
955 2187 170 43 manus
1049 2187 114 43 mec:

233 2221 179 54 sanguine
368 2221 150 54 omnium
472 2221 179 54 vestrum.
607 2221 105 54 43.
667 2221 135 54 dist.
756 2221 179 54 Ephesis.
891 2221 105 54 47.
951 2221 135 54 dist.
1040 2221 120 54 quod
1100 2221 60 54 a-

223 2275 99 40 nos
279 2275 169 40 attinet,
406 2275 71 40 &
435 2275 169 40 secundum
561 2275 113 40 Aug.
632 2275 85 40 23
674 2275 85 40 q.
717 2275 85 40 4.
759 2275 198 40 displicet,
914 2275 85 40 tu
956 2275 113 40 dic,
1027 2275 85 40 ut
1069 2275 113 40 not.

222 2315 125 53 supra
305 2315 83 53 de
347 2315 139 53 renun.
472 2315 111 53 cui.
541 2315 111 53 ver.
611 2315 125 53 grave
694 2315 194 53 scandalum,
847 2315 69 53 &
875 2315 208 53 sequentibus
1041 2315 69 53 &
1069 2315 83 53 si
1097 2315 69 53 non

230 2364 122 39 vult
306 2364 168 39 aliquis
429 2364 214 39 confiteri,
597 2364 153 39 saltem
704 2364 138 39 semel
796 2364 92 39 in
842 2364 122 39 anno
919 2364 199 39 procedat,
1072 2364 138 39 sicut

231 2399 99 51 no
281 2399 132 51 sup.
364 2399 116 51 eo.
463 2399 182 51 quando.
595 2399 132 51 Haec
677 2399 149 51 tamen
777 2399 116 51 duo
843 2399 198 51 sacerdos
975 2399 198 51 incorrupte

220 2446 230 50 custodiat,
400 2446 197 50 scilicet
548 2446 132 50 quod
631 2446 148 50 nulli
729 2446 181 50 noceat,
861 2446 82 50 &
894 2446 181 50 omnibus
1009 2446 164 50 prodesse

229 2492 137 52 posset
325 2492 137 52 velit.
421 2492 96 52 14.
476 2492 82 52 q.
517 2492 82 52 5.
558 2492 123 52 supra
640 2492 82 52 de
682 2492 137 52 postu.
778 2492 82 52 c.
819 2492 96 52 si.
873 2492 96 52 nec
928 2492 123 52 malum
1011 2492 151 52 faciat:
1106 2492 69 52 nec

238 2531 145 56 factum
339 2531 189 56 approbet.
484 2531 102 56 23.
542 2531 87 56 q.
586 2531 87 56 3.
615 2531 102 56 plane

229 2556 194 106 Qua
340 2556 389 106 Timpediant
646 2556 472 106 poenitentiam.
1006 2556 167 106 Hui-

1071 2613 75 54 a,
1095 2613 75 54 scit

239 2655 143 52 licet
335 2655 175 52 quatuor
462 2655 287 52 principaliter,
701 2655 191 52 scilicet
844 2655 159 52 pudor,
956 2655 159 52 timor,
1067 2655 127 52 spes
1131 2655 48 52 &

215 2701 211 62 desperatio

225 2791 156 52 PUdor
329 2791 139 52 enim
415 2791 173 52 multos
537 2791 225 52 retrahit,
710 2791 87 52 &
745 2791 225 52 praecipue
918 2791 243 52 hypocritas
1109 2791 87 52 a
1126 2791 52 52 &

241 2829 96 60 1.
289 2829 209 60 superbos,
450 2829 112 60 qui
514 2829 161 60 volunt
626 2829 193 60 apparere
771 2829 209 60 hominibus
931 2829 96 60 de
979 2829 144 60 foris
1060 2829 112 60 sani-

236 2875 79 47 &
268 2875 191 47 pulchri,
411 2875 111 47 cum
474 2875 143 47 tamen
570 2875 127 47 sint
649 2875 191 47 interius
792 2875 270 47 infirmissimi,
1014 2875 79 47 &
1046 2875 159 47 turpis

235 2919 151 44 simi,
336 2919 84 44 &
369 2919 134 44 omni
453 2919 218 44 spurcitia
621 2919 201 44 repleti.
772 2919 117 44 Sed
839 2919 168 44 contra
956 2919 134 44 hunc
1023 2919 151 44 pudorem

243 2971 107 40 est
304 2971 168 40 triplex
426 2971 198 40 medicina,
578 2971 183 40 scilicet
716 2971 244 40 consideratio
914 2971 183 40 rationis
1036 2971 137 40 natura-

229 3004 131 47 lis,
311 3004 98 47 si
360 3004 131 47 enim
442 3004 115 47 non
508 3004 213 47 erubuisti
672 3004 197 47 peccare,
819 3004 131 47 quod
901 3004 230 47 inhonestum
1082 3004 82 47 &
1098 3004 66 47 in

232 3049 155 46 utile
335 3049 155 46 fuit,
438 3049 120 46 non
507 3049 155 46 debes
610 3049 206 46 secundum
764 3049 206 46 rationem
919 3049 223 46 naturalem
1073 3049 103 46 eru-

235 3092 180 47 bescere
365 3092 212 47 confiteri
529 3092 131 47 quod
610 3092 196 47 honestum
758 3092 82 47 &
790 3092 147 47 utile
888 3092 131 47 est.
970 3092 131 47 Ber.
1052 3092 82 47 O
1068 3092 98 47 insa

226 3144 121 51 nia
295 3144 156 51 nimia
399 3144 208 51 hominum,
555 3144 156 51 pudet
659 3144 173 51 ablui,
780 3144 87 51 &
815 3144 121 51 non
884 3144 156 51 pudet
971 3144 208 51 inquinari:

238 3180 149 56 pudet
338 3180 165 56 sordes
453 3180 248 56 abstergere,
652 3180 83 56 &
685 3180 116 56 non
751 3180 149 56 pudet
850 3180 248 56 contrahere,
1032 3180 132 56 abstei

242 3224 161 57 gitur
350 3224 197 57 caliga,
493 3224 90 57 &
529 3224 269 57 contemnitur
743 3224 179 57 anima.
869 3224 197 57 Secunda
994 3224 179 57 medicina

239 3276 106 39 est
299 3276 152 39 virtus
406 3276 167 39 dirinae
527 3276 243 39 intuitionis,
724 3276 106 39 cui
785 3276 136 39 nihil
876 3276 152 39 celare
982 3276 152 39 potes,
1073 3276 106 39 etiam

229 3308 174 47 minimam
356 3308 269 47 cogitationem,
577 3308 142 47 supra
672 3308 95 47 de
719 3308 158 47 judic.
830 3308 158 47 novit.
941 3308 142 47 supra
1036 3308 95 47 de
1067 3308 111 47 sino-

237 3364 105 39 tua
297 3364 120 39 nos,
372 3364 90 39 in
418 3364 120 39 fin.
493 3364 120 39 Heb.
568 3364 90 39 4.
613 3364 135 39 Omnia
703 3364 120 39 nuda
779 3364 120 39 sunt
854 3364 75 39 b
884 3364 75 39 &
914 3364 150 39 aperta
1020 3364 150 39 oculis
1110 3364 60 39 e-

247 3398 118 61 us,
315 3398 101 61 ad
365 3398 135 61 quem
450 3398 152 61 nobis
551 3398 169 61 sermo.
669 3398 152 61 Boet,
770 3398 152 61 magna
871 3398 152 61 nobis
973 3398 186 61 indicta
1091 3398 84 61 est

237 3440 101 50 si
288 3440 253 50 dissimulare
490 3440 202 50 volumus,
642 3440 135 50 bene
726 3440 185 50 vivendi
861 3440 253 50 necessitas,
1063 3440 118 50 cum
1114 3440 67 50 o-

236 3485 132 46 mnia
318 3485 197 46 faciamus
466 3485 99 46 in
515 3485 214 46 conspectu
680 3485 197 46 judicis,
828 3485 164 46 cuncta
943 3485 230 46 cernentis,
1107 3485 66 46 ac

247 3527 128 57 quid
327 3527 128 57 ergo
407 3527 128 57 illi
487 3527 239 57 erubescitis
678 3527 224 57 confiteri,
854 3527 112 57 qui
918 3527 112 57 hoc
981 3527 144 57 novit
1061 3527 112 57 ante-

247 3580 137 45 quam
333 3580 171 45 factum
452 3580 171 45 esset:
572 3580 171 45 Tertia
692 3580 206 45 medicina
846 3580 137 45 est,
932 3580 240 45 comparatio
1103 3580 69 45 fu

237 3616 153 42 turae
339 3616 289 42 confussionis.
577 3616 153 42 Naum.
679 3616 102 42 3.
731 3616 204 42 Revelabo
884 3616 187 42 pudenda
1020 3616 136 42 tua,
1105 3616 85 42 &
1122 3616 51 42 o

249 3658 186 49 tendam
380 3658 223 49 gentibus
547 3658 242 49 nuditatem
733 3658 167 49 tuam,
844 3658 93 49 &
882 3658 186 49 regnis
993 3658 186 49 ignomini

240 3700 104 47 am
292 3700 156 47 tuam.
396 3700 174 47 Hiere.
518 3700 122 47 2o,
587 3700 278 47 Confundantur
813 3700 261 47 vehementer,
1022 3700 139 47 quia
1091 3700 87 47 non

1195 340 321 63 intellexerunt
1459 340 264 63 opprobrium
1667 340 302 63 sempiternum,
1912 340 151 63 quia
1987 340 170 63 nunquam

1217 397 219 40 delebitur.
1389 397 140 40 Soph.
1483 397 94 40 1.
1530 397 203 40 Scrutabor
1686 397 219 40 Hierusalem
1857 397 94 40 in
1904 397 203 40 lucernis,
2060 397 78 40 &
2076 397 78 40 vi-

1213 436 155 54 sitabo
1322 436 140 54 super
1415 436 140 54 viros
1508 436 171 54 defixos
1632 436 93 54 in
1679 436 171 54 fecibus
1803 436 140 54 suis.
1896 436 140 54 Eccl.
1989 436 155 54 quart.
2082 436 78 54 Est

1203 483 199 47 contusio
1353 483 199 47 adducens
1502 483 249 47 ignominiam,
1701 483 133 47 sive
1783 483 215 47 peccatum,
1949 483 83 47 &
1982 483 116 47 est
2049 483 133 47 com-

1211 527 158 43 fusio
1317 527 211 43 adducens
1475 527 211 43 gloriam.
1634 527 194 43 August.
1774 527 123 43 Est
1845 527 211 43 confusio
1986 527 158 43 tempora

1204 571 109 48 lis
1267 571 124 48 quae
1344 571 109 48 est
1407 571 93 48 ad
1453 571 156 48 horam:
1562 571 124 48 quae
1640 571 156 48 quidem
1749 571 171 48 prodest
1873 571 140 48 scil.
1951 571 202 48 perturbatio

1217 613 155 43 inimi
1320 613 276 43 respicientis
1544 613 190 43 peccata
1682 613 138 43 sua,
1768 613 86 43 &
1803 613 276 43 respectionem
2010 613 155 43 horren-

1200 656 136 51 tis,
1285 656 85 51 &
1319 656 187 51 horrore
1455 656 289 51 erubescentis,
1693 656 85 51 &
1727 656 170 51 rubore
1846 656 272 51 corrigentis,
2050 656 102 51 tali

1200 708 232 47 confusione
1383 708 133 47 volo
1466 708 216 47 confundi:
1632 708 116 47 non
1698 708 199 47 aeterna,
1848 708 83 47 a
1881 708 116 47 qua
1947 708 199 47 peccator
2080 708 83 47 cu-

1218 741 93 45 io
1249 741 171 45 liberari.

1208 828 165 68 TImor,
1323 828 82 68 &
1356 828 132 68 iste
1438 828 214 68 similiter
1602 828 165 68 multos
1718 828 214 68 retrahit,
1882 828 132 68 quia
1965 828 165 68 timent
2063 828 99 68 pec-

1264 873 195 47 catores,
1410 873 130 47 quod
1492 873 114 47 non
1557 873 179 47 possent
1687 873 163 47 facere
1801 873 277 47 poenitentiam,
2029 873 130 47 quae
2094 873 65 47 o-

1206 917 104 46 is
1258 917 295 46 injungeretur,
1500 917 87 46 &
1535 917 173 46 contra
1656 917 121 46 hoc
1726 917 277 46 impedimentum
1951 917 191 46 triplex
2072 917 87 46 po-

1208 964 144 40 test
1298 964 216 40 remedium
1460 964 234 40 adhiberi.
1639 964 180 40 Primum
1765 964 216 40 remedium
1927 964 144 40 est,
1998 964 162 40 praesen

1203 1007 116 51 tis
1270 1007 165 51 poenae
1385 1007 231 51 modicitas.
1567 1007 215 51 Secundum,
1732 1007 182 51 ejusdem
1865 1007 198 51 levitas.
1997 1007 165 51 Tertium,

1208 1050 180 53 ipsius
1334 1050 253 53 momentanea
1533 1050 235 53 brevitas.
1713 1050 126 53 Cum
1785 1050 108 53 ex
1839 1050 198 53 adverso
1984 1050 216 53 vitentur

1199 1092 211 45 futurae.
1358 1092 228 45 Magnitudo
1533 1092 334 45 incomparabilis.
1815 1092 228 45 Acerbitas
1973 1092 193 45 intolera-

1222 1137 147 58 pilis.
1325 1137 206 58 Aeternitas
1487 1137 220 58 infernalis.
1663 1137 147 58 Matth.
1766 1137 103 58 25.
1825 1137 103 58 Ite
1884 1137 191 58 maledicti
2031 1137 88 58 in
2060 1137 103 58 ignen

1206 1179 222 56 aeternum.
1377 1179 171 56 Hierem
1496 1179 120 56 Qui
1564 1179 154 56 fugit
1667 1179 137 56 arma
1752 1179 171 56 aenea,
1872 1179 188 56 incidit
2008 1179 102 56 in
2042 1179 120 56 arcum

1204 1225 199 49 ferreum.
1354 1225 133 49 Job.
1437 1225 100 49 6.
1486 1225 116 49 Qui
1553 1225 149 49 timet
1652 1225 182 49 pruinam
1785 1225 100 49 id
1835 1225 116 49 est
1901 1225 166 49 poenam
2001 1225 149 49 tempora

1205 1268 124 47 lem,
1282 1268 155 47 irruet
1390 1268 139 47 super
1483 1268 108 47 eum
1545 1268 124 47 nix.
1623 1268 77 47 1
1654 1268 139 47 poena
1747 1268 186 47 aeterna.
1886 1268 124 47 Esa.
1964 1268 108 47 33.
2026 1268 124 47 Quis
2088 1268 77 47 po-

1211 1311 145 43 terit
1308 1311 193 43 habitare
1453 1311 97 43 de
1501 1311 161 43 vobis,
1614 1311 113 43 cum
1678 1311 129 43 igne
1759 1311 226 43 devorante,
1936 1311 81 43 &
1969 1311 129 43 quis
2049 1311 145 43 habi-

1209 1356 136 46 tabit
1299 1356 90 46 ex
1345 1356 136 46 vobis
1435 1356 90 46 in
1480 1356 196 46 ardoribus
1631 1356 241 46 sempiternis.
1827 1356 121 46 Item
1903 1356 106 46 3o.
1963 1356 90 46 in
2008 1356 106 46 si.
2053 1356 106 46 Prae-

1214 1396 164 53 parata
1329 1396 115 53 est
1394 1396 99 53 ab
1443 1396 131 53 heri
1526 1396 181 53 thophet
1657 1396 82 53 a
1690 1396 131 53 rege
1772 1396 246 53 praeparata,
1969 1396 213 53 profunda,
2117 1396 49 53 &

1213 1440 206 64 dilatata,
1372 1440 222 64 nutrimenta
1547 1440 127 64 eius
1626 1440 159 64 ignis,
1737 1440 79 64 &
1769 1440 143 64 ligna
1864 1440 143 64 multa
1960 1440 159 64 flatus
2055 1440 111 64 domi-

1203 1484 106 58 ni
1256 1484 158 58 sicut
1362 1484 176 58 tortes
1485 1484 229 58 sulphuris
1661 1484 246 58 succendens
1854 1484 141 58 eam.
1942 1484 193 58 Thophet
2065 1484 88 58 est

1204 1530 168 57 carcer
1322 1530 201 57 inferni:
1472 1530 285 57 interpretatur
1707 1530 134 57 enim
1791 1530 184 57 gehenna
1925 1530 201 57 pavoris,
2075 1530 117 57 vel

1208 1579 147 49 plena
1306 1579 147 49 poena
1388 1579 196 49 stultorum.

1219 1652 128 67 Pes,
1299 1652 128 67 quae
1379 1652 80 67 &
1411 1652 160 67 multos
1523 1652 192 67 retrahit
1667 1652 80 67 a
1698 1652 256 67 poenitentia,
1906 1652 80 67 &
1938 1652 112 67 est
2002 1652 176 67 triplex

1206 1704 152 54 Prima
1308 1704 118 54 est
1375 1704 135 54 spes
1460 1704 118 54 diu
1527 1704 203 54 vivendi,
1680 1704 118 54 sed
1747 1704 254 54 refraenatur
1933 1704 220 54 authoritate

1211 1745 157 56 Jacobi
1321 1745 126 56 can.
1400 1745 94 56 4.
1447 1745 204 56 dicentis.
1604 1745 126 56 Quae
1683 1745 110 56 est
1745 1745 126 56 vita
1824 1745 173 56 nostra:
1950 1745 141 56 vapor
2044 1745 110 56 est
2091 1745 63 56 ad

1204 1789 185 46 modicum
1339 1789 185 46 patens,
1474 1789 84 46 &
1508 1789 202 46 deinceps
1659 1789 320 46 exterminabitur.
1929 1789 135 46 Job.
2013 1789 118 46 13.
2064 1789 84 46 Ho-

1200 1837 100 47 mo
1250 1837 150 47 natus
1351 1837 100 47 de
1401 1837 184 47 muliere
1534 1837 150 47 brevi
1634 1837 167 47 vivens
1751 1837 200 47 tempore,
1902 1837 200 47 repletur
2052 1837 134 47 mul-

1210 1876 103 46 tis
1269 1876 191 46 miseriis,
1416 1876 74 46 &
1446 1876 88 46 c.
1490 1876 88 46 2.
1534 1876 88 46 ad
1579 1876 147 46 Thess.
1682 1876 88 46 5.
1726 1876 118 46 Dies
1799 1876 147 46 Domini
1903 1876 133 46 sicut
1991 1876 103 46 fur
2050 1876 88 46 in
2079 1876 74 46 no-

1206 1923 130 47 cte,
1287 1923 114 47 ita
1352 1923 179 47 veniet,
1483 1923 114 47 cum
1548 1923 130 47 enim
1629 1923 212 47 dixerint,
1792 1923 114 47 Pax
1858 1923 81 47 &
1890 1923 228 47 securitas,
2053 1923 98 47 tune

1210 1963 224 42 repentinus
1386 1963 240 42 superveniet
1578 1963 224 42 interitus,
1754 1963 144 42 sicut
1850 1963 144 42 dolor
1946 1963 96 42 in
1994 1963 144 42 utero
2074 1963 80 42 ha-

1214 2009 173 42 bentis,
1340 2009 79 42 &
1372 2009 110 42 non
1435 2009 220 42 effugient.
1608 2009 157 42 Marci.
1718 2009 110 42 11.
1781 2009 205 42 Vigilate,
1939 2009 189 42 nescitis
2065 2009 94 42 enim

1206 2050 178 56 quando
1331 2050 196 56 Dominus
1473 2050 196 56 veniet,
1615 2050 160 56 sero,
1722 2050 107 56 an
1775 2050 160 56 media
1882 2050 178 56 nocte,
2006 2050 107 56 an
2042 2050 124 56 galli

1211 2097 165 42 cantu,
1326 2097 99 42 an
1375 2097 148 42 mane,
1474 2097 99 42 ne
1524 2097 115 42 cum
1589 2097 181 42 venerit
1721 2097 198 42 repente,
1869 2097 198 42 inveniat
2018 2097 115 42 vos
2067 2097 99 42 dor-

1206 2148 183 48 mientes
1340 2148 133 48 Job.
1423 2148 117 48 2o.
1490 2148 133 48 Laus
1573 2148 200 48 impiorum
1723 2148 167 48 brevis
1839 2148 133 48 est,
1923 2148 83 48 &
1956 2148 183 48 gaudium
2073 2148 83 48 hy-

1207 2181 188 51 pocritae
1348 2181 94 51 ad
1395 2181 157 51 instar
1505 2181 172 51 puncti.
1630 2181 94 51 si
1677 2181 219 51 ascenderit
1850 2181 141 51 usque
1944 2181 94 51 ad
1991 2181 157 51 caelum
2085 2181 78 51 su-

1209 2227 151 52 perbia
1315 2227 136 52 ejus,
1406 2227 76 52 &
1436 2227 136 52 caput
1527 2227 121 52 ejus
1603 2227 136 52 nubes
1694 2227 212 52 tetigerit,
1860 2227 136 52 quasi
1951 2227 242 52 sterquilini-

1213 2268 98 47 um
1262 2268 98 47 in
1310 2268 130 47 fine
1392 2268 212 47 perdetur:
1555 2268 81 47 &
1587 2268 114 47 qui
1652 2268 114 47 eum
1717 2268 212 47 viderant,
1880 2268 179 47 dicent,
2010 2268 114 47 Ubi
2059 2268 98 47 este

1204 2311 144 46 velut
1300 2311 175 46 somnium
1427 2311 191 46 advolans
1571 2311 112 46 non
1635 2311 239 46 invenietur,
1826 2311 175 46 transit
1954 2311 144 46 sicut
2033 2311 112 46 visic

1213 2356 204 42 nocturna,
1370 2356 110 42 &c.
1433 2356 172 42 Secunda
1558 2356 110 42 est
1621 2356 141 42 spes,
1715 2356 219 42 temporales
1887 2356 188 42 divitias
2029 2356 157 42 acqui-

1200 2396 171 51 rendi,
1320 2396 137 51 hanc
1406 2396 223 51 refraenat
1577 2396 206 51 Dominus.
1731 2396 137 51 Luc.
1817 2396 103 51 12
1869 2396 189 51 Hominis
1989 2396 171 51 cuiusdam

1216 2428 172 63 divitis
1341 2428 156 63 uberes
1451 2428 172 63 fructus
1576 2428 125 63 ager
1654 2428 188 63 attulit:
1795 2428 78 63 &
1826 2428 203 63 cogitabat
1982 2428 141 63 intra
2076 2428 109 63 se,

1217 2484 176 46 dicens,
1345 2484 80 46 &
1377 2484 192 46 caetera,
1521 2484 80 46 &
1553 2484 128 46 inf.
1633 2484 144 46 Anima
1728 2484 144 46 habes
1824 2484 144 46 multa
1920 2484 128 46 bona
2000 2484 160 46 posita
2096 2484 64 46 in

1213 2532 149 47 annos
1313 2532 215 47 plurimos,
1478 2532 232 47 requiesce,
1660 2532 182 47 comede,
1793 2532 149 47 bibe,
1892 2532 199 47 epulare:
2041 2532 149 47 dixit

1213 2580 154 39 autem
1315 2580 136 39 ille
1401 2580 154 39 Deus,
1503 2580 171 39 Stuite
1622 2580 119 39 hac
1691 2580 154 39 nocte
1793 2580 171 39 animam
1912 2580 136 39 tuam
1980 2580 171 39 repetam,

1214 2614 138 44 alias
1306 2614 184 44 repetent
1443 2614 92 44 id
1489 2614 107 44 est
1551 2614 184 44 daemones
1689 2614 77 44 a
1719 2614 107 44 te:
1780 2614 123 44 quae
1857 2614 138 44 autem
1949 2614 184 44 parasti,
2071 2614 77 44 cu-

1217 2663 94 43 us
1264 2663 156 43 erunt:
1373 2663 109 43 sic
1436 2663 125 43 est,
1514 2663 109 43 qui
1576 2663 125 43 sibi
1654 2663 249 43 thesaurizat,
1857 2663 78 43 &
1888 2663 109 43 non
1950 2663 94 43 in
1997 2663 140 43 Deum,
2075 2663 78 43 di-

1205 2703 109 57 ves
1268 2703 125 57 Job.
1346 2703 109 57 28.
1409 2703 141 57 Dives
1502 2703 109 57 cum
1565 2703 219 57 dormierit,
1737 2703 141 57 nihil
1830 2703 141 57 secum
1924 2703 172 57 affert:
2034 2703 109 57 aperi

1217 2745 96 50 et
1265 2745 159 50 oculos
1376 2745 143 50 suos,
1472 2745 80 50 &
1504 2745 143 50 nihil
1599 2745 207 50 inveniet:
1759 2745 239 50 apprehendet
1950 2745 112 50 eum
2014 2745 143 50 quasi
2093 2745 48 50 a

1218 2789 138 53 qua,
1304 2789 190 53 inopina
1442 2789 155 53 nocte
1546 2789 207 53 opprimet
1701 2789 121 53 eum
1770 2789 242 53 tempestas,
1960 2789 173 53 tollet
2064 2789 86 53 eum

1221 2833 161 43 rentus
1334 2833 161 43 urens,
1447 2833 81 43 &
1479 2833 145 43 velut
1576 2833 145 43 turbo
1673 2833 161 43 capiet
1786 2833 113 43 eum
1850 2833 97 43 de
1899 2833 129 43 loco
1979 2833 129 43 suo:
2044 2833 113 43 emit-

1216 2876 117 42 tet
1283 2876 151 42 super
1384 2876 117 42 eum
1451 2876 235 42 flagellum,
1636 2876 84 42 &
1669 2876 117 42 non
1736 2876 185 42 parcet,
1871 2876 101 42 de
1921 2876 134 42 manu
2005 2876 134 42 ejus
2072 2876 84 42 fu-

1210 2925 146 60 giens
1307 2925 178 60 fugiet,
1437 2925 195 60 stringet
1583 2925 146 60 super
1680 2925 113 60 eum
1745 2925 146 60 manus
1842 2925 146 60 suas,
1939 2925 81 60 &
1972 2925 211 60 sibilabii

1205 2974 140 46 super
1299 2974 155 46 illum,
1407 2974 171 46 intuens
1532 2974 140 46 locum
1625 2974 140 46 ejus.
1718 2974 155 46 Tertia
1827 2974 109 46 est
1889 2974 140 46 spes,
1967 2974 186 46 misericor-

1207 3017 136 44 diam
1292 3017 119 44 Dei
1360 3017 273 44 consequendi,
1582 3017 119 44 qui
1650 3017 188 44 neminem
1787 3017 136 44 vult
1872 3017 188 44 perire.
2009 3017 136 44 Esa.
2077 3017 85 44 3o.

1219 3052 226 47 Propterea
1392 3052 209 47 expectat
1549 3052 122 47 nos
1618 3052 209 47 Dominus,
1775 3052 104 47 ut
1827 3052 243 47 misereatur
2001 3052 156 47 nostri,

1213 3092 82 46 &
1245 3092 131 46 ideo
1327 3092 245 46 exaltabitur
1523 3092 180 46 parcens
1654 3092 163 46 nobis.
1768 3092 114 46 Sed
1833 3092 163 46 statim
1948 3092 245 46 refraenatur

1213 3137 112 42 ibi
1277 3137 128 42 haec
1357 3137 144 42 spes:
1453 3137 128 42 quia
1533 3137 160 42 statim
1645 3137 208 42 sequitur:
1805 3137 128 42 quia
1885 3137 128 42 Deus
1965 3137 176 42 judicii
2077 3137 80 42 do-

1216 3188 166 39 minus.
1333 3188 149 39 Beati
1432 3188 149 39 omnes
1532 3188 116 39 qui
1598 3188 216 39 expectant
1764 3188 116 39 eum
1831 3188 149 39 scil.
1931 3188 266 39 poenitentiam

1213 3228 173 38 agendo,
1339 3228 126 38 unde
1418 3228 205 38 sequitur,
1576 3228 173 38 plorans
1702 3228 142 38 scil.
1796 3228 189 38 peccator
1938 3228 205 38 paenitens
2080 3228 79 38 ne-

1213 3276 176 42 quaquam
1341 3276 192 42 plorabit
1485 3276 128 42 scil
1565 3276 96 42 in
1613 3276 208 42 aeternum,
1774 3276 208 42 miserans.
1934 3276 80 42 1
1966 3276 224 42 miserearis

1211 3316 162 39 animae
1324 3316 129 39 tuae
1405 3316 162 39 agendo
1518 3316 275 39 paenitentiam,
1745 3316 243 39 miserebitur
1939 3316 129 39 tui,
2020 3316 97 39 ad
2052 3316 97 39 voci

1211 3353 185 50 clamoris
1349 3353 123 50 tui,
1426 3353 154 50 statim
1534 3353 92 50 ut
1580 3353 200 50 audierit,
1734 3353 231 50 respondebit
1919 3353 139 50 tibi,
2011 3353 108 50 sed
2057 3353 108 50 tamen

1213 3396 242 62 paenitentia
1407 3396 226 62 necessaria
1584 3396 129 62 est:
1665 3396 97 62 de
1714 3396 113 62 qua
1778 3396 210 62 sequitur,
1940 3396 145 62 Dabit
2021 3396 145 62 Dominus
