2545 4140
216 388 90 56 &
252 388 180 56 omnium
378 388 251 56 angelorum,
575 388 90 56 &
611 388 251 56 sanctorum.
809 388 162 56 Psal.
917 388 234 56 Particeps
1078 388 90 56 ego

234 452 108 32 um,
295 452 139 32 scil.
388 452 92 32 in
434 452 185 32 ecclesia
572 452 154 32 omnium
680 452 200 32 timentium
834 452 108 32 te,
896 452 108 32 &c.
957 452 123 32 haec
1019 452 154 32 societas

222 484 186 54 figurata
362 484 109 54 est
424 484 155 54 Judit.
533 484 109 54 15.
595 484 78 54 &
626 484 171 54 quoniam
751 484 171 54 Assyrii
875 484 109 54 non
937 484 171 54 adunati
1061 484 93 54 in
1092 484 78 54 fu-

243 538 90 44 am
288 538 135 44 ibant
378 538 239 44 praecipites,
572 538 135 44 filii
662 538 120 44 aunt
736 538 150 44 Israel
841 538 105 44 uno
901 538 150 44 agmine
991 538 179 44 persequen-

232 582 130 41 tes,
313 582 261 41 debilitabant
525 582 163 41 omnes,
639 582 130 41 quos
721 582 196 41 invenire
868 582 245 41 potuissent.
1063 582 130 41 Quar

233 612 107 47 to,
294 612 92 47 ex
340 612 107 47 Dei
401 612 275 47 illuminatione,
629 612 92 47 ac
675 612 244 47 protectione,
873 612 76 47 &
904 612 229 47 salvatione.
1087 612 107 47 Ps.

230 653 196 53 Dominus
373 653 267 53 illuminatio
587 653 143 53 mea,
676 653 89 53 &
711 653 160 53 salus
818 653 125 53 mea
890 653 125 53 que
961 653 196 53 timebo.
1086 653 71 53 Do

230 695 141 51 minus
324 695 204 51 protector
481 695 141 51 vitae
575 695 141 51 meae,
669 695 78 51 a
701 695 110 51 quo
763 695 219 51 trepidabo.
936 695 125 51 Job.
1014 695 110 51 17.
1061 695 94 51 Libe

232 741 110 46 ra
287 741 110 46 me
342 741 202 46 Domine,
489 741 92 46 &
526 741 147 46 pone
618 741 110 46 me
673 741 166 46 iuxta
784 741 129 46 te,
857 741 92 46 &
894 741 221 46 cuiusvis
1041 741 129 46 manus

222 785 167 57 pugnet
339 785 167 57 contra
456 785 117 57 me.
522 785 100 57 ad
572 785 117 57 Rom
639 785 100 57 8.
689 785 100 57 Si
739 785 133 57 Deus
822 785 117 57 pro
889 785 167 57 nobis,
1005 785 133 57 quis
1072 785 100 57 con-

233 832 107 58 tra
294 832 122 58 nos:
370 832 107 58 cum
431 832 153 58 igitur
538 832 153 58 hostis
645 832 107 58 sit
706 832 153 58 tantum
812 832 214 58 depressus,
980 832 76 58 &
1011 832 92 58 tu
1041 832 122 58 tantum

225 875 229 48 roboratus
401 875 141 48 nonn
489 875 246 48 desperare,
683 875 123 48 sed
754 875 158 48 iacta
859 875 229 48 cogitatum
1035 875 141 48 tuum
1106 875 70 48 in

235 916 179 62 Domino,
365 916 81 62 &
398 916 130 62 ipse
479 916 98 62 te
512 916 179 62 enutriet.

228 1004 192 72 POssunt
367 1004 87 72 &
402 1004 139 72 alia
489 1004 262 72 impedimenta
698 1004 192 72 notari.
838 1004 157 72 Primo
942 1004 192 72 proprii
1064 1004 105 72 pec-

272 1050 128 54 cati
352 1050 225 54 levigatio,
529 1050 128 54 sive
609 1050 241 54 attenuatio,
801 1050 80 54 &
833 1050 160 54 alieni
945 1050 192 54 extentio
1074 1050 96 54 sive

227 1093 263 46 aggravatio,
438 1093 176 46 contra
561 1093 123 46 hoc
631 1093 158 46 Salo.
737 1093 176 46 Pondus
860 1093 88 46 &
895 1093 193 46 pondus,
1018 1093 158 46 mensura

230 1139 89 40 &
266 1139 213 40 mensura,
425 1139 213 40 utrunque
585 1139 266 40 abominabile
798 1139 124 40 est
869 1139 142 40 apud
957 1139 160 40 Deum.
1046 1139 124 40 Item-

241 1180 129 54 Quid
321 1180 129 54 tibi
402 1180 193 54 prodest,
547 1180 97 54 si
595 1180 161 54 multos
708 1180 161 54 habeas
821 1180 161 54 socios
933 1180 97 54 in
982 1180 177 54 poenis:
1094 1180 81 54 imo

231 1225 152 41 certe
333 1225 220 41 gravabit,
502 1225 135 41 quia
586 1225 203 41 secundum
738 1225 186 41 August.
874 1225 118 41 non
941 1225 220 41 propterea
1093 1225 85 41 mi-

237 1264 108 50 nus
298 1264 201 50 ardebunt,
453 1264 108 50 qui
514 1264 108 50 cum
576 1264 154 50 multis
684 1264 201 50 ardebunt,
838 1264 77 50 2
869 1264 93 50 q.
916 1264 77 50 1
947 1264 154 50 multi,
1055 1264 93 50 in
1085 1264 93 50 fin.

235 1310 176 55 quinimo
363 1310 160 55 magis,
475 1310 128 55 quia
555 1310 160 55 quanto
667 1310 144 55 plura
764 1310 144 55 ligna
860 1310 128 55 sunt
940 1310 96 55 in
988 1310 144 55 igne,
1068 1310 96 55 tan-

237 1364 92 45 to
283 1364 137 45 major
374 1364 107 45 est
435 1364 153 45 ignis,
542 1364 183 45 Sapiens.
679 1364 92 45 Si
725 1364 137 45 omnes
817 1364 183 45 deberent
954 1364 183 45 salvari,
1076 1364 92 45 prae

234 1397 186 45 terquam
369 1397 152 45 unus,
471 1397 186 45 timerem
606 1397 101 45 ne
656 1397 118 45 ego
724 1397 152 45 essem
825 1397 152 45 ille,
927 1397 84 45 &
960 1397 101 45 si
1011 1397 152 45 omnes
1095 1397 68 45 de

241 1445 167 55 perent
358 1445 201 55 damnari,
509 1445 184 55 praeter
643 1445 134 55 quam
727 1445 151 55 unus,
827 1445 218 55 laborarem
995 1445 100 55 ne
1045 1445 117 55 ego
1112 1445 100 55 es

229 1486 118 43 sem
297 1486 152 43 ille.
398 1486 202 43 Secundo,
549 1486 169 43 culpae
667 1486 202 43 maiorum,
819 1486 135 43 sive
903 1486 236 43 superiorum
1072 1486 101 43 con-

238 1529 230 42 sideratio:
418 1529 164 42 contra
533 1529 131 42 quod
615 1529 180 42 legitur
746 1529 148 42 Eccl.
844 1529 164 42 Pravus
959 1529 131 42 homo
1024 1529 148 42 vitabit

228 1572 297 47 correctionem,
472 1572 87 47 &
507 1572 157 47 iuxta
612 1572 244 47 voluntatem
803 1572 209 47 inveniet
961 1572 140 47 sibi
1030 1572 140 47 compa-

238 1617 224 41 rationem.
410 1617 190 41 Tertio,
548 1617 293 41 delinquentium
790 1617 241 41 multitudo,
979 1617 86 41 &
1014 1617 138 41 huic
1083 1617 86 41 re-

240 1660 145 64 sposum
342 1660 102 64 est
400 1660 116 64 sup.
473 1660 102 64 eo.
531 1660 102 64 sub
618 1660 87 64 1.
662 1660 116 64 ver.
735 1660 87 64 1.
778 1660 160 64 Quarto,
894 1660 160 64 peccati
996 1660 189 64 consuetudo,

237 1714 103 44 sed
296 1714 132 44 certe
384 1714 103 44 non
443 1714 147 44 minuit
546 1714 103 44 hoc
605 1714 191 44 peccatum,
752 1714 103 44 sed
811 1714 147 44 auget,
913 1714 147 44 super.
1016 1714 88 44 de
1060 1714 103 44 si.
1105 1714 73 44 non

229 1748 156 55 satis.
338 1748 140 55 supra
432 1748 93 55 de
478 1748 156 55 consue
587 1748 93 55 c.
634 1748 109 55 fi.
696 1748 109 55 nam
758 1748 78 55 &
789 1748 187 55 secundum
929 1748 124 55 Aug.
1007 1748 78 55 &
1038 1748 93 55 si
1069 1748 109 55 omnes

238 1796 156 50 gentes
348 1796 141 50 talia
442 1796 203 50 facerent,
598 1796 141 50 eodem
692 1796 188 50 criminis
832 1796 141 50 reatu
926 1796 156 50 divina
1035 1796 125 50 lege
1098 1796 78 50 te-

236 1836 193 47 nerentur,
385 1836 89 47 32
429 1836 89 47 q.
474 1836 74 47 8
504 1836 193 47 flagitia.
653 1836 149 47 Quinto
757 1836 149 47 cordis
861 1836 164 47 elatio:
980 1836 149 47 contra
1084 1836 119 47 quod

230 1876 113 46 est
294 1876 193 46 exemplum
439 1876 209 46 Pharisaei
600 1876 209 46 dicentis.
761 1876 113 46 Non
825 1876 113 46 sum
889 1876 145 46 sicut
986 1876 177 46 caeteri
1099 1876 80 46 ho-

229 1932 173 39 minum,
350 1932 104 39 &c
402 1932 86 39 &
436 1932 225 39 publicani
609 1932 276 39 percutientis
833 1932 173 39 pectus
954 1932 156 39 suum,
1058 1932 86 39 &
1075 1932 104 39 cla-

230 1963 182 49 mantis,
363 1963 132 49 Deus
445 1963 215 49 propitius
610 1963 132 49 esto
693 1963 132 49 mihi
776 1963 231 49 peccatori:
957 1963 99 49 de
1007 1963 165 49 quibus
1106 1963 66 49 Do

230 2011 157 41 minus,
340 2011 126 41 Amen
419 2011 126 41 dico
498 2011 157 41 vobis,
608 2011 205 41 descendit
766 2011 110 41 hic
829 2011 268 41 iustificatus,
1049 2011 110 41 &c.
1096 2011 79 41 Lue

239 2049 104 50 to,
299 2049 148 50 Sexto,
402 2049 163 50 peccati
521 2049 223 50 delectatio,
699 2049 119 50 quod
773 2049 223 50 specialiter
951 2049 89 50 in
996 2049 134 50 gula,
1085 2049 74 50 &
1100 2049 74 50 lu-

238 2094 153 53 xuria
340 2094 153 53 locum
442 2094 170 53 habet,
560 2094 170 53 contra
679 2094 136 53 quod
764 2094 136 53 tria
849 2094 136 53 sunt
934 2094 221 53 opponenda
1086 2094 102 53 Pri-

240 2132 121 55 mum
309 2132 139 55 est,
396 2132 295 55 delectationis
639 2132 226 55 brevitas.
812 2132 139 55 Gre.
899 2132 260 55 Momentaneum
1090 2132 104 55 est,

232 2191 136 45 quod
317 2191 221 45 delectat:
487 2191 221 45 aeternum,
657 2191 136 45 quod
743 2191 187 45 cruciat
879 2191 136 45 Ber.
964 2191 204 45 Oquantus
1100 2191 85 45 lu-

244 2222 155 47 ctus,
347 2222 189 47 quantae
485 2222 224 47 vigiliae,
657 2222 138 47 quam
743 2222 189 47 modicum
880 2222 172 47 festum
1001 2222 103 47 in
1035 2222 138 47 minima

242 2263 206 49 libidine.
401 2263 190 49 Secundum
544 2263 127 49 est,
623 2263 174 49 peccati
750 2263 190 49 vilitas,
892 2263 174 49 Seneca,
1019 2263 95 49 Si
1051 2263 127 49 scirem

242 2315 140 48 Deos
330 2315 298 48 ignoscituros,
576 2315 88 48 &
611 2315 193 48 homines
751 2315 281 48 ignoraturos,
962 2315 210 48 dedignarei

240 2363 155 39 tamen
343 2363 207 39 peccare,
499 2363 190 39 propter
637 2363 224 39 vilitatem
809 2363 173 39 ipsius
930 2363 207 39 peccati,
1086 2363 121 39 sec

241 2396 81 50 &
273 2396 260 50 inutilitatem
485 2396 228 50 servitutis
664 2396 179 50 inducit
794 2396 195 50 Tullius,
941 2396 147 50 lllum
1038 2396 114 50 ego
1104 2396 114 50 li-

232 2444 153 47 berum
334 2444 170 47 dicam,
453 2444 119 47 cui
521 2444 170 47 mulier
640 2444 204 47 imperat,
794 2444 153 47 leges
896 2444 204 47 imponit,
1049 2444 170 47 vocat,

235 2491 216 48 veniendum
401 2491 133 48 est:
484 2491 182 48 ejicit,
617 2491 199 48 abeundum
766 2491 133 48 est:
849 2491 182 48 poscit,
982 2491 166 48 dandum
1081 2491 100 48 est:

241 2526 200 50 minatur,
391 2526 283 50 extimescendum
625 2526 133 50 est,
708 2526 133 50 hunc
792 2526 133 50 ergo
875 2526 117 50 non
942 2526 167 50 tantum
1042 2526 133 50 servum

234 2571 119 49 sed
302 2571 256 49 nequissimum
507 2571 119 49 ego
575 2571 187 49 judico.
711 2571 187 49 Tertium
847 2571 136 49 est,
932 2571 170 49 poenae
1035 2571 153 49 severi-

240 2618 124 49 tas.
317 2618 124 49 Job.
394 2618 186 49 Immittet
534 2618 93 49 in
580 2618 108 49 eos
642 2618 108 49 vim
704 2618 170 49 furoris
828 2618 124 49 sui,
905 2618 77 49 &
936 2618 139 49 pluet
1029 2618 139 49 super
1107 2618 77 49 eos

241 2663 175 44 bellum,
369 2663 96 44 q.
416 2663 96 44 d.
464 2663 128 44 quot
544 2663 128 44 sunt
624 2663 159 44 guttae
735 2663 96 44 in
783 2663 159 44 pluvia
895 2663 112 44 tot
959 2663 144 44 dabit
1038 2663 144 44 Dominus

239 2700 144 55 impio
335 2700 208 55 tormenta,
495 2700 80 55 &
527 2700 144 55 iunge
623 2700 128 55 quod
703 2700 112 55 no.
767 2700 144 55 supra
863 2700 96 55 eo
911 2700 112 55 sub
991 2700 128 55 timor.

246 2741 167 93 Quae
351 2741 251 93 inducunt
539 2741 105 93 *
581 2741 230 93 hominem
748 2741 126 93 ad
811 2741 188 93 veram
916 2741 272 93 poenitenti-

631 2787 116 60 am
689 2787 271 60 faciendam.
901 2787 116 60 Et
959 2787 193 60 quidem
1075 2787 116 60 tria

247 2829 274 67 principaliter
472 2829 129 67 Mali
553 2829 177 67 status,
682 2829 225 67 peccatorum
859 2829 225 67 liberatio,
1036 2829 129 67 sive
1100 2829 81 67 eva

241 2892 149 38 lio.
334 2892 261 38 Diversorum
539 2892 317 38 consideratio.
800 2892 205 38 Bonorum
949 2892 223 38 multorum
1098 2892 93 38 ac

222 2922 178 58 quisitio

314 3011 110 48 Ali
377 3011 172 48 status,
502 3011 219 48 peccatorum
674 3011 204 48 liberatio
831 3011 125 48 sive
909 3011 157 48 evasio
1019 3011 94 48 ve
1066 3011 157 48 notat.

305 3060 129 51 supra
391 3060 129 51 eodem
505 3060 129 51 prox.
591 3060 100 51 sub
677 3060 158 51 secunda
792 3060 215 51 desperatio.
964 3060 158 51 versic.
1064 3060 129 51 tertium

251 3108 126 46 est.
330 3108 79 46 &
361 3108 189 46 sequent.
503 3108 94 46 in
550 3108 173 46 pessimo
676 3108 126 46 enim
754 3108 141 46 statu
848 3108 110 46 est
911 3108 189 46 peccator
1037 3108 157 46 impoeni-

251 3148 144 46 tens,
347 3148 80 46 &
379 3148 128 46 quia
459 3148 112 46 non
522 3148 176 46 vitatur
650 3148 160 46 malum,
762 3148 128 46 nisi
842 3148 208 46 cognitum,
1001 3148 160 46 audias
1097 3148 96 46 quot

237 3193 138 41 mala
323 3193 207 41 eveniunt
479 3193 276 41 impoenitenti
703 3193 207 41 notorio,
859 3193 86 41 &
893 3193 207 41 rebelli,
1049 3193 86 41 &
1066 3193 121 41 maxi-

248 3224 109 51 me
302 3224 327 51 excommunicato.
575 3224 182 51 Primum
702 3224 145 51 est,
793 3224 145 51 quia
884 3224 164 51 talis
975 3224 218 51 separandus

252 3280 105 51 est
312 3280 75 51 a
342 3280 120 51 Deo,
417 3280 75 51 &
447 3280 180 51 traditur
582 3280 180 51 diabolo,
717 3280 180 51 secundum
852 3280 105 51 Jo.
912 3280 90 51 11
957 3280 90 51 q.
1002 3280 90 51 3.
1047 3280 120 51 audi
1107 3280 75 51 de-

249 3328 137 82 Vidi
334 3328 171 82 impium
454 3328 308 82 superexaltatum
711 3328 86 82 &
745 3328 205 82 elevatum
899 3328 154 82 sicut
1002 3328 171 82 cedros
1104 3328 86 82 li-

250 3402 139 49 bani,
342 3402 201 49 transivi,
497 3402 77 49 &
528 3402 124 49 ecce
605 3402 108 49 non
667 3402 139 49 erat,
760 3402 186 49 quaesivi
899 3402 124 49 eum,
976 3402 77 49 &
1007 3402 108 49 non
1069 3402 108 49 est
1116 3402 77 49 in-

253 3444 144 49 ventus
353 3444 129 49 locus
439 3444 129 49 ejus,
525 3444 86 49 de
568 3444 129 49 poen.
655 3444 187 49 distinct.
798 3444 86 49 3.
841 3444 144 49 Achab.
942 3444 172 49 Tertium,
1071 3444 115 49 quia
1128 3444 72 49 ti-

239 3489 123 49 met
310 3489 228 49 ubicunque
485 3489 123 49 est
555 3489 158 49 Psal.
661 3489 158 49 Timor
766 3489 88 49 &
801 3489 175 49 tremor
924 3489 211 49 venerunt
1064 3489 123 49 super

243 3540 118 48 me:
311 3540 84 48 &
344 3540 253 48 contexerunt
547 3540 101 48 me
597 3540 219 48 tenebrae.
766 3540 152 48 Hier.
867 3540 84 48 2
901 3540 152 48 Scito
1002 3540 135 48 quia
1070 3540 118 48 malum

251 3574 88 52 &
287 3574 176 52 amarum
410 3574 141 52 est,
497 3574 246 52 recessisse
691 3574 88 52 a
726 3574 176 52 Domino
849 3574 123 52 Deo
919 3574 141 52 tuo,
1007 3574 88 52 &
1042 3574 141 52 idem
1112 3574 88 52 est

247 3619 116 51 quod
319 3619 130 51 dicit
406 3619 130 51 Greg.
493 3619 87 51 de
536 3619 130 51 tali.
623 3619 101 51 23.
681 3619 188 51 distinct.
825 3619 203 51 nervitpost
984 3619 159 51 medium,
1100 3619 116 51 ibi,

248 3667 195 41 undique
390 3667 195 41 metuit,
532 3667 89 41 &
567 3667 231 41 suspectus
745 3667 160 41 latus
851 3667 142 41 omne
940 3667 177 41 pertum
1046 3667 142 41 escit.

247 3706 209 49 Quartum,
403 3706 139 49 quia
490 3706 174 49 perdit
612 3706 139 49 bona
699 3706 261 49 temporalia,
908 3706 87 49 &
943 3706 226 49 minoratur
1100 3706 87 49 vi-

235 3755 114 56 ta.
300 3755 114 56 Ps.
365 3755 147 56 Fiant
463 3755 131 56 dies
545 3755 131 56 ejus
627 3755 163 56 pauci,
741 3755 82 56 &
774 3755 245 56 episcopatum
970 3755 131 56 ejus
1036 3755 163 56 accipiat

1195 380 163 71 alter,
1309 380 212 71 scrutetur
1472 380 228 71 faenerator
1652 380 147 71 omnem
1749 380 245 71 substantiam
1945 380 147 71 ejus,
2043 380 82 71 &
2059 380 82 71 di-

1205 443 162 44 ripiant
1323 443 147 44 alieni
1426 443 132 44 omnes
1514 443 162 44 labores
1631 443 132 44 ejus,
1719 443 73 44 &
1749 443 191 44 probatui,
1895 443 103 44 23.
1954 443 132 44 dist.
2042 443 88 44 in
2072 443 73 44 no-

1204 492 133 47 nine
1288 492 167 47 Domine
1404 492 133 47 ante
1488 492 117 47 fi.
1554 492 183 47 Quintum
1688 492 133 47 quia
1771 492 117 47 est
1837 492 217 47 hominibus
1987 492 167 47 odiosus,

1194 529 110 49 23.
1257 529 94 49 q.
1304 529 78 49 6
1335 529 110 49 jam
1398 529 141 49 vero.
1492 529 172 49 Sextum,
1617 529 125 49 quia
1696 529 172 49 remotus
1821 529 110 49 est
1884 529 78 49 a
1915 529 219 49 testamenti
2072 529 78 49 fa-

1201 571 148 56 ctione
1305 571 148 56 active
1408 571 74 56 &
1437 571 177 56 passive.
1570 571 74 56 3
1600 571 192 56 quaestio.
1747 571 89 56 4:
1791 571 280 56 consanguineorum
2027 571 89 56 2.
2072 571 89 56 q.
2101 571 59 56 7.

1209 628 108 51 ion
1270 628 155 51 potest
1379 628 124 51 esse
1456 628 201 51 hominibus
1611 628 186 51 fidelis.
1750 628 201 51 Septimum,
1905 628 124 51 quia
1982 628 155 51 nullum
2075 628 77 51 ge-

1196 660 105 43 nus
1256 660 209 43 sacramenti
1420 660 90 43 ei
1465 660 135 43 debot
1555 660 194 43 exhiberi.
1704 660 90 43 95
1749 660 135 43 dist.
1839 660 135 43 illud
1929 660 90 43 33
1974 660 105 43 qu.
2033 660 90 43 2.
2063 660 90 43 admo

1194 709 151 46 nere.
1295 709 201 46 Octavum,
1446 709 134 46 quia
1529 709 184 46 semper.
1663 709 151 46 cadit
1764 709 101 46 de
1814 709 134 46 malo
1898 709 101 46 in
1948 709 168 46 pejus.
2049 709 117 46 Greg.

1201 749 209 43 peccatum
1358 749 140 43 quod
1445 749 122 43 per
1515 749 279 43 paenitentiam
1741 749 122 43 non
1811 749 209 43 diluitur
1968 749 122 43 seu
2020 749 140 43 purga-

1210 789 111 53 tur,
1279 789 97 53 &c,
1335 789 83 53 ad
1376 789 111 53 idem
1445 789 83 53 de
1487 789 125 53 poen.
1570 789 125 53 dist.
1653 789 83 53 4.
1695 789 97 53 ca.
1750 789 83 53 1.
1791 789 83 53 2.
1833 789 83 53 3.
1874 789 83 53 4.
1916 789 69 53 &
1944 789 166 53 sequent.
2054 789 111 53 Nenum.

1211 844 129 42 quia
1292 844 97 42 ex
1340 844 113 42 quo
1405 844 242 42 impoenitens
1598 844 129 42 est,
1679 844 161 42 peccat
1792 844 97 42 in
1840 844 194 42 spiritt.
1985 844 81 42 m
2002 844 161 42 sanctum,

1217 877 77 45 le
1256 877 167 45 poeniten.
1384 877 167 45 distinct.
1512 877 64 45 2
1538 877 115 45 inter
1615 877 103 45 haec
1679 877 141 45 hircum.
1781 877 77 45 1.
1820 877 64 45 &
1845 877 77 45 2.
1884 877 77 45 in
1922 877 103 45 fine
1986 877 64 45 &
2012 877 167 45 distinct.
2128 877 38 45 1

1236 918 118 60 quod
1309 918 147 60 autem,
1412 918 177 60 versicul
1545 918 118 60 haec
1618 918 103 60 est
1677 918 221 60 blasthemnia
1854 918 74 60 &
1883 918 147 60 notat.
1986 918 132 60 supra
2060 918 103 60 eodem

1244 959 91 60 de
1290 959 151 60 quibus
1396 959 197 60 peccatis.
1547 959 106 60 sub
1608 959 91 60 .
1653 959 106 60 sed
1714 959 76 60 &
1744 959 197 60 quicunque
1895 959 182 60 peccant.
2017 959 151 60 Decimum,

1213 1007 126 54 quia
1292 1007 94 54 si
1339 1007 110 54 sic
1402 1007 205 54 moriatur,
1560 1007 126 54 sine
1638 1007 126 54 fine
1717 1007 252 54 torquebitur.
1922 1007 205 54 secundvir
2064 1007 94 54 Gre-

1211 1052 91 50 go.
1263 1052 78 50 de
1302 1052 117 50 poen.
1380 1052 168 50 distinct.
1509 1052 78 50 a.
1548 1052 181 50 voluissent
1691 1052 143 50 iniqui.
1794 1052 65 50 &
1820 1052 91 50 di7
1898 1052 78 50 si
1937 1052 78 50 in
1976 1052 91 50 fi.
2027 1052 65 50 &
2053 1052 91 50 pro
2092 1052 65 50 ta-

1214 1100 126 54 ibus
1293 1100 110 54 non
1356 1100 110 54 est
1419 1100 189 54 orandum:
1560 1100 110 54 qui
1623 1100 110 54 sic
1686 1100 157 54 mortui
1796 1100 126 54 sunt
1874 1100 94 54 23
1921 1100 94 54 q.
1968 1100 79 54 5
2000 1100 173 54 placuit
2110 1100 47 54 g

1214 1136 81 59 3.
1255 1136 68 59 2
1282 1136 95 59 pro
1323 1136 176 59 obeuntibus.

1226 1219 236 74 Iversorum
1407 1219 309 74 consideratio.
1662 1219 109 74 Et
1716 1219 163 74 primo
1825 1219 272 74 considerati
2043 1219 163 74 debet

1260 1276 168 36 dirina
1378 1276 185 36 gratia:
1513 1276 135 36 quia
1597 1276 135 36 quos
1681 1276 320 36 praedestinavit,
1950 1276 118 36 hos
2018 1276 118 36 per
2068 1276 101 36 ope-

1214 1312 218 51 rationem,
1382 1312 84 51 &
1416 1312 185 51 vocavit
1550 1312 168 51 horis,
1667 1312 84 51 &
1701 1312 168 51 modis,
1819 1312 84 51 &
1852 1312 252 51 temporibus,
2054 1312 151 51 sicut

1209 1357 155 53 docuit,
1321 1357 84 53 ve
1364 1357 141 53 probat
1462 1357 112 53 Aug.
1532 1357 84 53 de
1574 1357 127 53 poen.
1659 1357 127 53 dist.
1743 1357 84 53 3.
1785 1357 127 53 adhuc
1870 1357 155 53 eostani
1982 1357 169 53 perfidi,
2095 1357 70 53 &c.

1219 1410 72 48 n
1247 1410 145 48 tatum,
1349 1410 72 48 &
1378 1410 130 48 dist.
1465 1410 87 48 4.
1537 1410 145 48 finis,
1639 1410 145 48 salvat
1740 1410 116 48 enir
1813 1410 116 48 Deus
1885 1410 87 48 ex
1929 1410 159 48 gratia,
2045 1410 116 48 ques
2117 1410 87 48 ex

1224 1444 165 46 ustitia
1344 1444 165 46 damnare
1464 1444 165 46 posset,
1585 1444 105 46 23.
1645 1444 90 46 q.
1690 1444 90 46 4.
1735 1444 135 46 Nabut
1825 1444 210 46 hodonosor,
1991 1444 105 46 non
2051 1444 105 46 sis
2096 1444 75 46 er-

1216 1487 83 58 o
1250 1487 200 58 ingratus
1400 1487 183 58 gratiae
1533 1487 133 58 Dei:
1616 1487 150 58 sicut
1716 1487 117 58 nec
1783 1487 217 58 Apostolus
1949 1487 150 58 erat.
2033 1487 133 58 Secun-

1217 1517 112 62 do,
1281 1517 241 62 considerari
1474 1517 144 62 debet
1570 1517 128 62 illa
1650 1517 144 62 imago
1746 1517 176 62 divina,
1874 1517 128 62 quae
1955 1517 176 62 vocatur
2067 1517 96 62 syn-

1209 1573 207 46 deresis:
1364 1573 104 46 in
1416 1573 121 46 qua
1485 1573 138 46 homo
1571 1573 173 46 factus
1692 1573 121 46 est
1761 1573 104 46 ad
1813 1573 190 46 imagire
1951 1573 121 46 Dei
2020 1573 138 46 unde
2089 1573 86 46 Da-

1218 1618 135 49 vid.
1302 1618 186 49 Accedit
1437 1618 135 49 homo
1522 1618 101 49 ad
1572 1618 118 49 cor
1640 1618 169 49 altum,
1758 1618 84 49 &
1792 1618 253 49 exaltabitur
1994 1618 152 49 Deus:
2079 1618 84 49 qui

1217 1661 161 51 quanto
1330 1661 145 51 magis
1426 1661 242 51 inspicitur,
1620 1661 145 51 tanto
1717 1661 145 51 magis
1813 1661 97 51 in
1862 1661 145 51 mente
1958 1661 177 51 fidelis
2087 1661 113 51 al-

1222 1706 114 58 tior
1293 1706 200 58 apparebit,
1450 1706 172 58 secundum
1579 1706 114 58 Gre.
1650 1706 86 58 de
1693 1706 114 58 poe.
1765 1706 100 58 di.
1822 1706 86 58 2.
1865 1706 100 58 dum
1922 1706 157 58 sanctam
2022 1706 143 58 ecclesi-

1207 1757 114 46 ai,
1272 1757 98 46 in
1321 1757 114 46 fi.
1386 1757 130 46 huic
1467 1757 211 46 synderesi
1629 1757 163 46 semper
1743 1757 276 46 acquiescendum
1971 1757 163 46 esset,
2068 1757 98 46 quia

1213 1791 164 51 semper
1327 1791 180 51 volenti
1458 1791 197 51 peccare,
1606 1791 82 51 &
1639 1791 147 51 etiam
1737 1791 197 51 peccanti
1884 1791 246 51 remurmurat,
2065 1791 98 51 quae

1220 1837 141 43 etiam
1315 1837 94 43 in
1362 1837 141 43 Cain,
1456 1837 110 43 nec
1519 1837 94 43 in
1566 1837 126 43 Juda
1645 1837 189 43 extincta
1786 1837 141 43 fuit,
1880 1837 110 43 qui
1943 1837 126 43 huic
2006 1837 157 43 cbediena

1223 1876 124 45 est,
1300 1876 108 45 non
1362 1876 185 45 errabit,
1501 1876 108 45 nec
1562 1876 139 45 ipsum
1655 1876 232 45 conscientia
1841 1876 216 45 accusabit,
2011 1876 77 45 &
2041 1876 108 45 sic
2088 1876 77 45 non

1220 1920 165 49 timebit
1340 1920 165 49 judicia
1460 1920 180 49 aliorum,
1595 1920 180 49 secundum
1730 1920 120 49 Aug.
1805 1920 105 49 11.
1865 1920 90 49 q.
1910 1920 75 49 3
1940 1920 195 49 praesens,
2090 1920 75 49 &
2105 1920 60 49 si

1220 1965 189 46 erravit,
1362 1965 126 46 cito
1441 1965 236 46 poenitebit.
1630 1965 173 46 Tertio,
1756 1965 126 46 sunt
1834 1965 268 46 considerandae
2039 1965 126 46 quatu-

1225 2007 96 44 or
1273 2007 144 44 dotes
1369 2007 256 44 principales,
1577 2007 128 44 quas
1657 2007 128 44 Deus
1737 2007 176 44 infixit
1865 2007 96 44 in
1913 2007 144 44 anima
2009 2007 128 44 sci.
2073 2007 96 44 Tem-

1222 2052 195 46 perantia
1368 2052 227 46 abstinens,
1546 2052 211 46 Prudentia
1708 2052 243 46 discernens,
1903 2052 211 46 Sapientia
2065 2052 130 46 eli-

1214 2106 137 44 gens,
1305 2106 198 44 Fortitudo
1458 2106 198 44 fulciens,
1610 2106 76 44 &
1641 2106 183 44 muniens,
1778 2106 107 44 11.
1839 2106 91 44 q.
1884 2106 76 44 3
1915 2106 213 44 aestimant.
2067 2106 107 44 Quar-

1217 2140 112 38 to,
1281 2140 144 38 timor
1377 2140 176 38 divinus
1505 2140 96 38 de
1553 2140 192 38 perpetuo
1697 2140 208 38 cruciatu,
1858 2140 112 38 Ps.
1922 2140 176 38 initium
2034 2140 144 38 sapien-

1222 2178 113 49 tiae
1293 2178 128 49 timor
1378 2178 156 49 Domini:
1491 2178 85 49 de
1534 2178 113 49 poe.
1604 2178 128 49 dist.
1689 2178 85 49 2.
1732 2178 128 49 sicut
1817 2178 99 49 ubi
1874 2178 128 49 dicit
1959 2178 113 49 Aug.
2029 2178 113 49 quod
2086 2178 85 49 sie-

1214 2219 90 72 ut
1259 2219 121 72 seta
1334 2219 211 72 introducit
1500 2219 151 72 linum,
1606 2219 105 72 ita
1666 2219 136 72 timor
1756 2219 226 72 charitatem:
1937 2219 136 72 alias
2027 2219 181 72 incipit,

1217 2269 74 50 c
1247 2269 89 50 si
1291 2269 119 50 quis
1366 2269 149 50 tantam
1470 2269 164 50 Quinto,
1589 2269 134 50 vitae
1678 2269 193 50 brevitas,
1827 2269 89 50 ut
1872 2269 164 50 recolat
1991 2269 149 50 multos
2095 2269 104 50 co-

1223 2311 166 51 etanos
1340 2311 133 51 suos
1423 2311 200 51 mortuos,
1573 2311 83 51 &
1606 2311 166 51 paucos
1723 2311 166 51 vivos:
1839 2311 150 51 certe
1939 2311 166 51 plures
2039 2311 133 51 pelles

1225 2356 210 46 isimorum
1382 2356 210 46 invenies
1539 2356 192 46 venales
1679 2356 105 46 in
1732 2356 157 46 foro,
1837 2356 140 46 quam
1924 2356 175 46 cvium:
2047 2356 87 46 &
2064 2356 105 46 homo

1225 2399 104 44 ex
1277 2399 121 44 quo
1346 2399 207 44 attingit
1501 2399 155 44 annum
1604 2399 311 44 quinquagesimum
1863 2399 173 44 semper
1984 2399 121 44 est
2053 2399 104 44 in
2088 2399 86 44 de-

1214 2443 173 57 scensu,
1340 2443 189 57 secundum
1482 2443 142 57 Greg.
1576 2443 79 57 &
1608 2443 94 57 di
1655 2443 142 57 multa
1750 2443 205 57 nequitia,
1907 2443 94 57 ad
1954 2443 142 57 idem.
2049 2443 110 57 13.
2096 2443 63 57 q.

1219 2487 96 44 2.
1267 2487 160 44 Sexto,
1379 2487 224 44 infirmitas
1556 2487 208 44 corporis,
1716 2487 112 44 nam
1780 2487 208 44 aegritudo
1941 2487 160 44 carnis
2037 2487 128 44 pecca-

1221 2531 99 54 tum
1278 2531 185 54 repellit:
1420 2531 85 54 de
1462 2531 128 54 paen.
1547 2531 128 54 dist.
1633 2531 71 54 1
1661 2531 142 54 potest
1760 2531 142 54 fieri.
1860 2531 170 54 Septimo,
1987 2531 170 54 defecius
2101 2531 71 54 po-

1218 2579 183 48 tentiae,
1355 2579 122 48 quia
1431 2579 76 48 &
1462 2579 91 48 in
1507 2579 137 48 visu,
1599 2579 76 48 &
1629 2579 91 48 in
1675 2579 137 48 aliis
1766 2579 183 48 sensibus
1904 2579 122 48 nisi
1980 2579 229 48 dissimulet,

1217 2619 143 40 videt
1313 2619 95 40 se
1360 2619 207 40 deficere,
1519 2619 143 40 videt
1615 2619 95 40 se
1663 2619 223 40 incurvari,
1838 2619 80 40 &
1870 2619 223 40 canescere,
2045 2619 127 40 quae
2108 2619 64 40 o-

1222 2668 141 47 mnia
1311 2668 106 47 ad
1363 2668 282 47 poenitentiam
1593 2668 229 47 invitant:
1769 2668 159 47 ynde,
1875 2668 265 47 maledictius
2069 2668 106 47 puer

1213 2704 126 50 loo.
1292 2704 189 50 annorum,
1434 2704 189 50 secundum
1576 2704 110 50 Esa
1639 2704 79 50 &
1670 2704 142 50 Greg.
1765 2704 95 50 2.
1812 2704 110 50 qu.
1875 2704 95 50 7.
1923 2704 158 50 Paulus
2033 2704 158 50 dixit.

1224 2745 195 46 Octavo,
1366 2745 230 46 descensus
1543 2745 177 46 mundi:
1667 2745 142 46 quia
1755 2745 195 46 secundu
1897 2745 248 46 Apostolum,
2074 2745 88 46 pe-

1230 2792 96 56 it
1278 2792 128 56 sive
1358 2792 176 56 transit
1486 2792 176 56 mundus,
1614 2792 80 56 &
1646 2792 288 56 concupiscentia
1887 2792 144 56 ejus,
1983 2792 80 56 &
2015 2792 144 56 vidit
2095 2792 80 56 re-

1227 2836 184 54 igiones
1361 2836 285 54 multiplicari,
1596 2836 84 54 &
1630 2836 184 54 homines
1764 2836 184 54 juvenes
1898 2836 84 54 a
1931 2836 218 54 temporali
2082 2836 84 54 vi-

1223 2880 81 42 ta
1263 2880 108 42 cito
1330 2880 121 42 rapi,
1411 2880 81 42 de
1452 2880 121 42 poen.
1533 2880 148 42 distin.
1640 2880 81 42 4.
1681 2880 81 42 si
1721 2880 81 42 ex
1762 2880 121 42 bono.
1843 2880 121 42 Nono,
1923 2880 189 42 scripturae
2058 2880 108 42 sacrae

1232 2924 262 46 onsiderandae
1445 2924 148 46 sunt,
1543 2924 131 46 quae
1625 2924 164 46 aperte
1740 2924 180 46 dicunt,
1871 2924 230 46 peccatores
2035 2924 131 46 debere

1220 2964 103 47 cum
1279 2964 162 47 diabolo
1397 2964 177 47 perpetuo
1530 2964 191 47 cruciari:
1677 2964 74 47 &
1706 2964 133 47 poen.
1795 2964 177 47 distuct.
1927 2964 133 47 inter
2016 2964 118 47 haec
2075 2964 88 47 hir-

1223 3011 116 48 cum
1289 3011 99 48 1.
1338 3011 83 48 &
1371 3011 83 48 2
1404 3011 83 48 &
1437 3011 165 48 capit.
1553 3011 132 48 quid
1635 3011 132 48 ergo
1718 3011 215 48 turbamur.
1883 3011 165 48 Decimo
1982 3011 182 48 sanctorum

1222 3060 277 47 remuneratio:
1447 3060 138 47 quae
1533 3060 104 47 in
1585 3060 138 47 vita
1671 3060 242 47 quandoque,
1862 3060 86 47 &
1896 3060 104 47 in
1948 3060 156 47 morte
2035 3060 138 47 semper

1220 3098 114 53 magna
1297 3098 102 53 est:
1360 3098 76 53 de
1398 3098 114 53 poen.
1475 3098 140 53 distin.
1576 3098 76 53 2.
1614 3098 76 53 si
1653 3098 102 53 enim
1716 3098 140 53 inquit.
1818 3098 102 53 sup.
1881 3098 76 53 de
1919 3098 102 53 sum.
1983 3098 114 53 irin.
2059 3098 102 53 c.1.
2110 3098 51 53 .

1233 3141 100 46 in
1283 3141 83 46 &
1317 3141 117 46 not
1383 3141 150 46 supra
1483 3141 100 46 de
1533 3141 150 46 vener
1633 3141 233 46 sanctorum.
1816 3141 217 46 Undecimo,
1983 3141 133 46 quia
2049 3141 117 46 jugum

1231 3181 156 46 Domini
1341 3181 125 46 leve
1419 3181 125 46 est,
1497 3181 78 46 &
1528 3181 125 46 cito
1606 3181 156 46 potest
1716 3181 78 46 a
1747 3181 266 46 misericordiae
1966 3181 156 46 judice
2060 3181 109 46 veni-

1230 3225 85 49 am
1272 3225 197 49 impetrare:
1427 3225 85 49 de
1470 3225 127 49 poen.
1554 3225 212 49 distinctio.
1724 3225 85 49 2.
1766 3225 127 49 talis
1851 3225 99 49 est
1907 3225 113 49 mihi
1978 3225 127 49 Deus.
2062 3225 113 49 sunt
2119 3225 56 49 e

1230 3268 127 47 nim
1303 3268 164 47 modi,
1412 3268 182 47 quibus
1539 3268 164 47 omnia
1648 3268 200 47 possunt
1794 3268 200 47 peccata
1939 3268 200 47 deleri,
2067 3268 109 47 unde

1216 3315 139 49 versus.

1269 3404 131 55 Sunt
1351 3404 164 55 septem
1466 3404 164 55 deleri
1581 3404 148 55 modi,
1679 3404 164 55 quibus
1794 3404 148 55 omnia
1893 3404 197 55 possunt.

1279 3460 152 47 cons,
1380 3460 253 47 Eleemosjna.
1582 3460 185 47 Martyr.
1717 3460 236 47 Confessio,
1886 3460 168 47 Fratrum.

1267 3505 97 65 In
1315 3505 97 65 se
1364 3505 177 65 peccata
1493 3505 97 65 di
1541 3505 177 65 mitere.
1670 3505 145 65 Flere
1751 3505 145 65 reatum,

1286 3556 214 63 Sanguinis
1450 3556 82 63 &
1483 3556 165 63 carnis
1598 3556 181 63 Christi
1730 3556 214 63 susceptio
1878 3556 132 63 digna.

1261 3659 95 53 De
1309 3659 142 53 poen.
1403 3659 142 53 dist.
1498 3659 95 53 3.
1545 3659 126 53 ille
1624 3659 126 53 rex.
1703 3659 221 53 Duodecimo,
1876 3659 126 53 quia
1955 3659 174 53 aliquam
2066 3659 126 53 debet:

1217 3701 181 45 invenire
1353 3701 136 45 viam,
1443 3701 106 45 qua
1504 3701 151 45 tendat
1609 3701 91 45 ad
1655 3701 181 45 gloriam,
1791 3701 106 45 23.
1851 3701 196 45 quaecteo.
2002 3701 151 45 tertia
2108 3701 106 45 ob-

1228 3742 185 54 tinere
1357 3742 240 54 nequaquam
1541 3742 221 54 possunt.
1707 3742 295 54 Tertiodecimo
1929 3742 258 54 remuneratio,
