2525 4156
149 492 120 46 est
217 492 222 46 superbia,
388 492 120 46 non
456 492 137 46 vana
542 492 188 46 gloria,
678 492 137 46 quae
764 492 154 46 omnem
866 492 205 46 virtutem
1003 492 85 46 eva

163 532 152 46 cuat,
265 532 119 46 non
332 532 152 46 amore
434 532 220 46 pecuniae,
604 532 136 46 quae
688 532 186 46 tanquam
824 532 186 46 venenum
959 532 119 46 est
1010 532 68 46 fu

147 579 195 46 gienda,
289 579 124 46 non
360 579 160 46 amore
467 579 231 46 parentum,
645 579 107 46 ne
698 579 124 46 eos
769 579 107 46 in
822 579 142 46 vita
894 579 195 46 corrodani

147 622 194 45 tanquam
288 622 194 45 muscae,
430 622 247 45 morientes,
624 622 88 45 &
659 622 123 45 eos
729 622 141 45 post
817 622 176 45 mortem
923 622 159 45 despici

154 669 126 46 ant,
233 669 205 46 dicentes,
391 669 205 46 Benefecit
548 669 142 46 mihi,
643 669 158 46 melius
753 669 158 46 facere
863 669 173 46 potuit,
989 669 95 46 ut
1021 669 63 46 de

150 706 155 45 aliis,
258 706 124 45 quae
336 706 155 45 silere
444 706 202 45 curialius
599 706 124 45 est,
677 706 202 45 taceamus.
832 706 109 45 Sed
894 706 109 45 die
940 706 155 45 noctuque

148 750 111 53 non
211 750 174 53 cessent
338 750 222 53 virtutibus
512 750 222 53 instruere,
686 750 95 53 ut
734 750 158 53 probat
845 750 222 53 authoritas
1003 750 79 53 Isi

160 793 116 49 dori.
237 793 90 49 23.
289 793 128 49 distin
379 793 90 49 his
430 793 141 49 igitur.
533 793 77 49 l.
571 793 141 49 patrum,
674 793 64 49 &
700 793 103 49 Amb.
764 793 90 49 12.
815 793 77 49 q.
854 793 77 49 1.
892 793 90 49 cui
944 793 128 49 portio
1021 793 64 49 Deu

147 837 116 46 est.
220 837 102 46 86.
278 837 145 46 distin
380 837 102 46 non
438 837 145 46 savis.
539 837 131 46 Tales
626 837 116 46 ergo
699 837 87 46 si
742 837 218 46 delinquant,
916 837 102 46 per
960 837 116 46 senten

148 884 136 56 tiam
233 884 273 56 removeantur,
455 884 85 56 &
489 884 136 56 sine
574 884 119 56 spe
643 884 290 56 restitutionis
881 884 239 56 deponantur

149 932 114 62 supra
225 932 76 62 de
263 932 114 62 cler.
339 932 88 62 non
389 932 202 62 residentibus
553 932 76 62 in
591 932 164 62 ecclesia,
717 932 88 62 vel
768 932 126 62 praeb.
856 932 101 62 cap.
919 932 76 62 ex
957 932 139 62 gestis,
1045 932 38 62 a

156 969 182 45 exemplum
292 969 197 45 Luciferi.
443 969 91 45 de
489 969 136 45 poen.
580 969 197 45 distinct.
731 969 91 45 2.
776 969 227 45 principium.
943 969 136 45 Confite

148 1013 98 57 ri
197 1013 147 57 autem
295 1013 164 57 debent
409 1013 164 57 Papae,
524 1013 82 57 e
556 1013 131 57 sine
638 1013 147 57 cuius
736 1013 196 57 licentia
883 1013 114 57 non
949 1013 180 57 possunt

150 1052 262 50 testamentum
359 1052 210 50 condere,
517 1052 122 50 nec
587 1052 157 50 etiam
691 1052 245 50 mutationem
884 1052 192 50 facere,
1006 1052 70 50 se

150 1093 176 53 cundum
274 1093 300 53 consuetudinem
521 1093 194 53 Romanae
662 1093 247 53 ecclesiae,
856 1093 141 53 quae
926 1093 159 53 servan-

148 1142 84 45 da
190 1142 112 45 est.
260 1142 126 45 supra
343 1142 84 45 de
385 1142 126 45 sent.
469 1142 70 45 &
497 1142 84 45 re
539 1142 167 45 judicat.
664 1142 84 45 in
706 1142 154 45 causis.
818 1142 112 45 Alii
888 1142 154 45 dicunt,
999 1142 112 45 quod

138 1187 217 47 diaconus
301 1187 272 47 confiteatur
518 1187 272 47 presbytero:
736 1187 236 47 presbyter
899 1187 199 47 episcopo:

151 1228 200 54 episcopi
302 1228 150 54 omnes
402 1228 167 54 priore
519 1228 267 54 episcoporum:
735 1228 150 54 prior
836 1228 167 54 Papae.
952 1228 134 54 arg.
1019 1228 67 54 os

147 1276 169 43 distin.
270 1276 77 43 a
300 1276 231 43 subdiacono.
485 1276 154 43 Tertii
593 1276 169 43 dicunt,
716 1276 123 43 quod
793 1276 277 43 poenitentiario
1008 1276 77 43 Pa-

157 1317 88 47 pae
208 1317 88 47 ar.
258 1317 76 47 93
296 1317 114 47 dist.
372 1317 76 47 c.
410 1317 101 47 sin.
473 1317 88 47 94.
524 1317 114 47 dist.
599 1317 76 47 c.
637 1317 76 47 1.
675 1317 76 47 Tu
713 1317 101 47 dic,
776 1317 101 47 quod
839 1317 76 47 si
877 1317 126 47 absens
966 1317 88 47 est
1004 1317 88 47 causa

146 1344 225 74 legationis,
326 1344 150 74 potest
431 1344 165 74 eligere
551 1344 240 74 confessorem,
746 1344 120 74 arg.
821 1344 135 74 infra
911 1344 120 74 eod.
986 1344 90 74 ne
1016 1344 75 74 pro

148 1401 215 50 dilatione.
317 1401 92 50 si
363 1401 184 50 praesens
501 1401 123 50 est,
578 1401 184 50 disting.
716 1401 138 50 inter
808 1401 184 50 peccatum
931 1401 154 50 publicum

139 1448 96 50 ut
187 1448 144 50 illud
283 1448 241 50 confiteatur
476 1448 160 50 Papae,
588 1448 80 50 &
620 1448 208 50 occultum,
780 1448 96 50 ut
828 1448 144 50 illud
909 1448 176 50 sufficiat

146 1491 162 45 domini
259 1491 146 45 Papae
356 1491 291 45 poenitentiario
599 1491 227 45 confiteri,
777 1491 113 45 quo
842 1491 97 45 ad
874 1491 211 45 salvationem

135 1540 195 53 animae,
277 1540 124 53 non
348 1540 178 53 tamen,
473 1540 124 53 quo
544 1540 107 53 ad
597 1540 337 53 dispensationem,
881 1540 142 53 quam
952 1540 124 53 poeni

149 1580 222 44 tentiarius
324 1580 159 44 facere
435 1580 111 44 non
498 1580 174 44 potest,
625 1580 127 44 nisi
704 1580 95 44 de
752 1580 190 44 speciali
895 1580 174 44 mandato
1006 1580 79 44 Pa-

151 1625 127 59 pae,
231 1625 143 59 sicut
326 1625 143 59 euria
421 1625 159 59 tenet:
533 1625 111 59 sed
596 1625 79 59 &
628 1625 159 59 tutius
739 1625 143 59 puto,
835 1625 127 59 quod
914 1625 191 59 quilibet
1041 1625 48 59 a

142 1652 128 63 Papa
222 1652 208 63 licentiam
382 1652 176 63 habeat,
510 1652 96 63 ut
558 1652 128 63 sibi
638 1652 160 63 possit
750 1652 176 63 eligere
862 1652 224 63 confessorem.

139 1715 114 53 cum
204 1715 146 53 tales
301 1715 146 53 eidem
398 1715 179 53 subsint
528 1715 227 53 immediate:
707 1715 146 53 argu.
804 1715 146 53 infra
901 1715 130 53 eod.
966 1715 114 53 omnis

147 1756 183 52 exceptis
284 1756 213 52 episcopis,
451 1756 107 52 qui
512 1756 137 52 omnes
604 1756 91 52 in
649 1756 107 52 hoc
710 1756 122 52 sunt
786 1756 259 52 privilegiati,
984 1756 107 52 infr.

141 1803 108 51 eod
202 1803 92 51 c.
248 1803 123 51 fin.
325 1803 108 51 quo
387 1803 92 51 ad
433 1803 169 51 occulta
556 1803 185 51 peccata,
695 1803 108 51 non
757 1803 185 51 publica:
895 1803 92 51 ut
941 1803 139 51 patet
1018 1803 62 51 it

148 1834 104 55 his,
213 1834 104 55 quae
278 1834 104 55 not.
343 1834 104 55 sup.
408 1834 104 55 eod.
473 1834 78 55 .
512 1834 117 55 utrum
590 1834 208 55 poenitentia.
760 1834 91 55 sub
812 1834 78 55 .
851 1834 91 55 his
903 1834 208 55 praelibatis.

125 1924 103 54 Ui
176 1924 222 54 capellani
347 1924 85 54 &
381 1924 222 54 curiales,
552 1924 120 54 qui
621 1924 137 54 sunt
706 1924 103 54 de
757 1924 188 54 familia
894 1924 171 54 domini
997 1924 85 54 Pa-

147 1960 119 62 pae
215 1960 306 62 Poenitentiario
470 1960 136 62 suo,
555 1960 119 62 non
623 1960 153 62 alii.
725 1960 102 62 hi
776 1960 136 62 vero
861 1960 119 62 qui
929 1960 136 62 sunt
997 1960 85 62 cum

142 2005 193 65 singulis
287 2005 257 65 cardinalibus
496 2005 177 65 possunt
625 2005 97 65 de
673 2005 193 65 licentia
818 2005 161 65 domini
930 2005 129 65 sui,
1011 2005 113 65 qui

148 2053 188 54 ipsorum
285 2053 154 54 curam
387 2053 154 54 habet
490 2053 103 54 de
541 2053 274 54 consuetudine
763 2053 188 54 curiae,
900 2053 154 54 etiam
986 2053 85 54 ali

149 2101 178 45 confiteri.
289 2101 102 45 arg.
353 2101 76 45 6.
391 2101 76 45 q.
429 2101 64 45 3
455 2101 153 45 placuit.
570 2101 64 45 &
595 2101 76 45 6.
633 2101 76 45 q.
671 2101 76 45 3.
710 2101 76 45 c.
748 2101 64 45 1
773 2101 115 45 infra
850 2101 102 45 eod.
913 2101 127 45 omnis.
1003 2101 89 45 Sed
1041 2101 38 45 &

137 2147 287 48 poenitentiario
376 2147 159 48 domini
488 2147 143 48 Papae
583 2147 175 48 possunt
711 2147 143 48 omnes
806 2147 127 48 sine
886 2147 159 48 aliqua
997 2147 112 48 li-

137 2188 151 47 centia
243 2188 212 47 confiteri:
409 2188 91 47 ut
454 2188 166 47 probant
575 2188 181 47 concord.
711 2188 196 47 signatae.
862 2188 136 47 supr.
953 2188 121 47 eod.
1014 2188 60 47 su

146 2228 75 55 .
184 2228 88 55 cui
234 2228 188 55 Cardinales.
385 2228 113 55 vers.
460 2228 125 55 tertii
548 2228 125 55 dicunt

142 2300 112 74 ui
198 2300 93 74 *
235 2300 279 74 Patriarcha.
459 2300 186 74 quidem
589 2300 112 74 si
645 2300 223 74 peccatum
812 2300 149 74 suum
887 2300 186 74 publicum

200 2364 124 60 est,
278 2364 171 60 gravius
403 2364 109 60 est
465 2364 218 60 puniendum,
636 2364 124 60 quam
713 2364 93 60 in
760 2364 264 60 inferioribus,
978 2364 124 60 quis

130 2407 144 54 tales
226 2407 112 54 tot
290 2407 176 54 moribus
418 2407 144 54 digni
514 2407 144 54 sunt,
610 2407 112 54 &c.
674 2407 192 54 secundum
818 2407 144 54 Greg.
914 2407 112 54 11.
978 2407 112 54 qu.
1026 2407 48 54 3

136 2448 203 50 praecipue.
296 2448 131 50 supra
383 2448 87 50 de
427 2448 116 50 voto
499 2448 160 50 magnae.
615 2448 87 50 .
659 2448 87 50 1.
702 2448 73 50 &
731 2448 87 50 in
775 2448 102 50 hoc
833 2448 116 50 casu
905 2448 131 50 debet
992 2448 73 50 a
1007 2448 58 50 so

133 2485 102 62 lo
184 2485 136 62 Papa
269 2485 187 62 puniri.
406 2485 136 62 unde
491 2485 187 62 Gregor.
627 2485 187 62 quaedam
763 2485 102 62 de
814 2485 187 62 primate
934 2485 136 62 nostre

133 2539 236 48 Clementino
318 2539 101 48 ad
369 2539 118 48 nos
436 2539 185 48 perlata
571 2539 152 48 sunt,
672 2539 135 48 quae
756 2539 152 48 nullo
857 2539 135 48 modo
941 2539 168 48 debent

125 2581 113 46 sub
189 2581 194 46 silentio
335 2581 242 46 praeteriri,
528 2581 113 46 nec
593 2581 145 46 totum
690 2581 178 46 corpus,
819 2581 129 46 quod
900 2581 145 46 absit
980 2581 81 46 mor

138 2620 104 64 bus
198 2620 178 64 invadat,
331 2620 89 64 si
376 2620 163 64 languor
495 2620 89 64 in
539 2620 149 64 capite
643 2620 163 64 curatus
762 2620 104 64 non
821 2620 163 64 fuerit.
940 2620 89 64 2.
985 2620 89 64 q.
1014 2620 45 64 4

139 2664 95 52 .
187 2664 143 52 sicut
282 2664 174 52 inquit.
409 2664 79 52 &
440 2664 206 52 Innocent.
599 2664 127 52 III.
678 2664 143 52 punit
774 2664 238 52 Patriarcham
948 2664 111 52 Antio

136 2718 157 45 chenum,
250 2718 129 45 supra
336 2718 86 45 de
379 2718 186 45 translat.
521 2718 171 45 episcop.
650 2718 86 45 c.
693 2718 86 45 1.
736 2718 171 45 Lelasius
864 2718 71 45 &
893 2718 143 45 Foelix
978 2718 86 45 Con-

134 2750 353 52 stantinopolitanum.
439 2750 112 52 24.
503 2750 96 52 q.
551 2750 96 52 1.
599 2750 208 52 Achacius.
759 2750 192 52 Nicolaus
888 2750 176 52 Bituricen

130 2800 197 52 primatem
277 2800 115 52 pro
343 2800 115 52 eo,
409 2800 131 52 quod
491 2800 213 52 judicabat
655 2800 197 52 clericos
802 2800 181 52 Narbon.
934 2800 98 52 9.
983 2800 98 52 q.
1016 2800 49 52 3

133 2851 203 40 tapitul.
286 2851 220 40 quaestus.
455 2851 85 40 &
489 2851 119 40 Leo
557 2851 220 40 Dioscorum
726 2851 271 40 Alexandrinum
929 2851 136 40 Patri-

125 2892 187 47 archam,
261 2892 119 47 pro
329 2892 119 47 eo,
397 2892 136 47 quod
482 2892 119 47 non
550 2892 204 47 servabat
702 2892 187 47 tempora
838 2892 102 47 in
872 2892 187 47 ordinibus

126 2933 244 46 conferendis.
324 2933 107 46 67.
385 2933 244 46 distinction.
583 2933 122 46 quod
659 2933 76 46 a
689 2933 198 46 patribus.
842 2933 76 46 &
857 2933 198 46 consecratio

125 2979 94 42 ne
172 2979 252 42 episcoporum.
377 2979 142 42 eadem
471 2979 204 42 distinct.
628 2979 126 42 quod
707 2979 126 42 die.
786 2979 252 42 celebratione
974 2979 79 42 mil

121 3015 133 51 sarum,
214 3015 80 51 de
254 3015 186 51 consecrat.
400 3015 173 51 distinct.
534 3015 80 51 1.
574 3015 133 51 nosse.
667 3015 67 51 &
693 3015 80 51 in
733 3015 120 51 aliis
813 3015 147 51 multis,
920 3015 93 51 24.
973 3015 93 51 qu.
1013 3015 40 51 1

122 3058 253 62 beatissimus.
328 3058 79 62 &
359 3058 205 62 Innocent.
517 3058 126 62 III.
596 3058 95 62 de
643 3058 205 62 falsitate
801 3058 237 62 reprehendit
975 3058 79 62 Hie

120 3108 191 58 rosolymit.
271 3108 123 58 supra
353 3108 82 58 de
393 3108 109 58 his,
462 3108 109 58 quae
530 3108 123 58 siunt
612 3108 68 58 a
639 3108 164 58 praelat.
762 3108 150 58 quanto.
871 3108 68 58 &
899 3108 82 58 c.
926 3108 123 58 praece-

113 3146 90 57 &
149 3146 199 57 Gregor.
294 3146 126 57 Ix.
366 3146 271 57 Patriarcham
582 3146 199 57 Graden.
727 3146 108 57 eo
781 3146 144 57 quod
871 3146 181 57 contra
980 3146 72 57 ca

117 3197 152 58 nones
218 3197 202 58 exegerat
370 3197 236 58 juramentum
555 3197 84 58 a
589 3197 202 58 Castello
741 3197 219 58 episcono,
909 3197 152 58 supra
994 3197 67 58 de

117 3232 179 51 majorit.
251 3232 75 51 &
281 3232 179 51 obedien.
416 3232 164 51 dilecti
535 3232 149 51 filii.
640 3232 90 51 De
685 3232 164 51 talibus
804 3232 194 51 similibus
939 3232 119 51 specta

122 3284 204 57 correctio
279 3284 94 57 ad
326 3284 141 57 solum
420 3284 157 57 Papam,
530 3284 94 57 in
577 3284 188 57 occultis
718 3284 125 57 vero
796 3284 157 57 potest
906 3284 125 57 sibi
969 3284 78 57 eli

117 3325 113 49 gere
188 3325 227 49 confessorem,
372 3325 128 49 infra
457 3325 142 49 eodem.
556 3325 85 49 c.
599 3325 113 49 fin.
669 3325 71 49 &
698 3325 113 49 nisi
769 3325 99 49 sit
825 3325 85 49 in
868 3325 142 49 curia,
967 3325 113 49 qui-

114 3372 138 46 tunc
200 3372 156 46 debet
304 3372 225 46 confiteri
477 3372 328 46 poenitentiario,
753 3372 207 46 secundum
891 3372 156 46 quosdam

114 3403 204 56 Breviter
267 3403 170 56 dicas,
386 3403 136 56 quod
471 3403 221 56 episcopi,
641 3403 85 56 &
675 3403 255 56 superiores,
879 3403 153 56 etiam
964 3403 85 56 nor

118 3459 195 38 exempti,
264 3459 81 38 &
296 3459 227 38 inferiores
474 3459 227 38 episcopis,
653 3459 178 38 exempti
782 3459 97 38 in
831 3459 195 38 occultis
961 3459 97 38 pec-

112 3502 147 56 catis
210 3502 147 56 etiam
307 3502 196 56 gravibus
454 3502 82 56 &
487 3502 196 56 publicis
633 3502 196 56 levibus,
780 3502 245 56 regulariter
959 3502 82 56 pos

109 3536 130 57 sunt
190 3536 130 57 sibi
271 3536 178 57 eligere
401 3536 146 57 etiam
498 3536 130 57 sine
579 3536 227 57 superioris
757 3536 195 57 licentia
887 3536 162 57 providum

117 3582 73 53 &
147 3582 160 53 idoneum
263 3582 233 53 confessorem,
453 3582 131 53 infra
540 3582 117 53 eod.
613 3582 87 53 ne
657 3582 102 53 pro
715 3582 204 53 dilatione.
875 3582 131 53 licet
963 3582 117 53 ali-

112 3636 115 47 qui
177 3636 148 47 ipsam
276 3636 247 47 intelligant
473 3636 99 47 in
523 3636 214 47 exemptis,
687 3636 82 47 &
720 3636 181 47 remotis
852 3636 181 47 tantum:
967 3636 82 47 di-

110 3676 182 46 centes,
243 3676 132 46 quod
325 3676 132 46 illa
408 3676 165 46 dictio
524 3676 215 46 exemptis,
689 3676 232 46 determinat
871 3676 149 46 illam
954 3676 99 46 epi-

99 3713 189 58 scopis,
237 3713 86 58 &
271 3713 293 58 superioribus.
512 3713 121 58 Sed
581 3713 138 58 male
667 3713 241 58 notaverunt
857 3713 172 58 mentem
960 3713 86 58 il-

105 3753 155 51 lorum
208 3753 224 51 verborum,
380 3753 86 51 &
415 3753 121 51 non
484 3753 172 51 illius
604 3753 258 51 superioris:
811 3753 121 51 nam
880 3753 103 51 si
914 3753 138 51 intel-

106 3795 192 64 lexisset
250 3795 96 64 de
298 3795 192 64 exemptis
442 3795 176 64 tantum,
570 3795 112 64 non
635 3795 192 64 dixisset
779 3795 240 64 superioris,
971 3795 112 64 sed

102 3844 125 54 servi
186 3844 181 54 servorum.
325 3844 125 54 infra
409 3844 84 54 de
451 3844 125 54 sent.
534 3844 167 54 excomnm.
660 3844 167 54 relatum.
785 3844 84 54 in
827 3844 112 54 fin.
897 3844 98 54 vel
952 3844 125 54 sedis

1121 502 218 62 Apostolicae.
1299 502 109 62 arg.
1367 502 123 62 supr.
1449 502 82 62 de
1490 502 109 62 sim.
1558 502 109 62 cap.
1626 502 136 62 antep.
1722 502 109 62 infr
1790 502 82 62 de
1831 502 123 62 sent.
1913 502 136 62 excom.
1995 502 68 62 non

1120 547 156 57 dabium
1230 547 78 57 &
1261 547 94 57 c.
1308 547 156 57 nuper.
1417 547 109 57 sed
1480 547 141 57 dixit
1574 547 234 57 superioris,
1761 547 94 57 ut
1808 547 109 57 quo
1870 547 94 57 ad
1902 547 156 57 exemptos

1117 580 225 76 includeret
1294 580 113 76 se:
1358 580 113 76 quo
1423 580 97 76 ad
1471 580 113 76 non
1536 580 209 76 exemptos,
1697 580 145 76 alios
1793 580 242 76 superiores,
1970 580 81 76 arg

1117 633 130 64 supra
1203 633 87 64 de
1246 633 144 64 elect.
1347 633 87 64 ne
1391 633 101 64 pro
1448 633 187 64 defectui.
1593 633 101 64 nec
1650 633 159 64 obstat,
1766 633 115 64 quod
1838 633 130 64 dicit
1924 633 87 64 in
1953 633 101 64 princ

1134 670 144 61 decre.
1234 670 130 61 nepro
1321 670 202 61 dilatione,
1479 670 115 61 quia
1551 670 115 61 illa
1623 670 130 61 causa
1709 670 115 61 fuit
1781 670 216 61 compulsiva,
1954 670 101 61 non
1997 670 58 61 fi

1127 723 130 54 nalis,
1218 723 117 54 sicut
1296 723 65 54 &
1322 723 117 54 infr.
1400 723 91 54 eo.
1452 723 91 54 cum
1504 723 169 54 infirmus,
1635 723 78 54 .
1674 723 65 54 1
1700 723 91 54 ff.
1752 723 78 54 de
1791 723 169 54 postulan.
1921 723 78 54 .
1947 723 117 54 sextum,

1116 765 167 61 versic.
1237 765 152 61 origo.
1344 765 106 61 Est
1404 765 121 61 enim
1480 765 106 61 hoc
1541 765 182 61 speciale
1677 765 228 61 privilegium
1844 765 213 61 episcoporum,

1124 799 121 68 sicut
1204 799 67 68 &
1231 799 135 68 illud.
1326 799 121 68 supr.
1406 799 81 68 de
1447 799 148 68 privil.
1555 799 108 68 quod
1622 799 189 68 nonnullis,
1770 799 67 68 &
1797 799 81 68 in
1837 799 121 68 auth.
1918 799 81 68 d.
1959 799 81 68 n.
1999 799 81 68 ex

1122 844 121 62 tra,
1198 844 91 62 de
1243 844 136 62 sent.
1334 844 151 62 excom.
1440 844 121 62 quia
1516 844 242 62 periculosum.
1713 844 136 62 causa
1803 844 136 62 autem
1894 844 167 62 finalis
2000 844 61 62 in

1128 892 239 62 periculum
1311 892 239 62 animarum,
1495 892 147 62 quod
1587 892 257 62 plerunque,
1789 892 129 62 imo
1844 892 220 62 frequenter

1122 940 194 51 cuilibet
1267 940 194 51 episcopo
1412 940 194 51 imminet,
1558 940 129 51 puta
1638 940 178 51 visitat
1767 940 145 51 dioe.
1864 940 194 51 occurrit
1993 940 65 51 ex

1125 980 299 54 communicatus,
1372 980 141 54 quem
1459 980 158 54 forte
1565 980 105 54 de
1618 980 176 54 facili
1741 980 176 54 vitare
1864 980 123 54 non
1916 980 141 54 potest

1129 1027 127 63 quin
1208 1027 95 63 ei
1256 1027 95 63 in
1303 1027 158 63 aliquo
1414 1027 237 63 participet,
1604 1027 174 63 ligatur
1730 1027 158 63 minori
1841 1027 111 63 tam
1904 1027 142 63 ipse,
1983 1027 95 63 quam

1123 1070 234 63 capellanus
1307 1070 150 63 suus,
1407 1070 134 63 quis
1491 1070 134 63 enim
1575 1070 234 63 cesebraret
1758 1070 184 63 missam,
1892 1070 100 63 si
1926 1070 150 63 episco-

1126 1109 113 62 pus
1190 1109 113 62 non
1255 1109 161 62 posset
1368 1109 129 62 sibi
1448 1109 177 62 eligere
1577 1109 242 62 confessorem
1771 1109 129 62 sine
1835 1109 242 62 archiepiscopi

1117 1157 113 52 sui
1182 1157 210 52 licentia:
1343 1157 113 52 non
1408 1157 243 52 capellanus,
1603 1157 113 52 non
1667 1157 227 52 episcopus,
1845 1157 130 52 quia
1926 1157 113 52 non
1991 1157 113 52 ab-

1117 1196 162 55 soluti
1230 1196 129 55 sine
1311 1196 146 55 gravi
1408 1196 178 55 peccato
1537 1196 113 55 hoc
1602 1196 162 55 facere
1715 1196 113 55 non
1780 1196 194 55 possent.
1925 1196 146 55 supra
2006 1196 65 55 de

1120 1244 127 63 cler.
1205 1244 127 63 excom
1289 1244 127 63 miss.
1374 1244 85 63 si
1416 1244 184 63 celebrat.
1558 1244 99 63 nec
1614 1244 155 63 absolvi
1727 1244 169 63 possunt,
1854 1244 113 63 nisi
1925 1244 71 63 a
1939 1244 127 63 proprio

1121 1279 205 60 sacerdote.
1283 1279 132 60 infra
1371 1279 88 60 de
1415 1279 132 60 sent.
1503 1279 147 60 excom.
1605 1279 88 60 c.
1649 1279 147 60 nuper.
1752 1279 235 60 retardabitur
1943 1279 117 60 ergo
2001 1279 59 60 ot

1120 1323 169 62 ficium
1238 1323 219 62 episcopi,
1407 1323 118 62 qui
1474 1323 202 62 scienter
1626 1323 118 62 non
1693 1323 152 62 debet
1794 1323 118 62 cum
1862 1323 118 62 hoc
1912 1323 152 62 peccato

1123 1372 224 62 celebrare:
1299 1372 160 62 igitur
1411 1372 112 62 hoc
1475 1372 96 62 ut
1523 1372 208 62 evitetur,
1684 1372 208 62 periculum
1844 1372 256 62 permittitur.

1117 1420 132 46 quod
1200 1420 165 46 possit
1316 1420 132 46 sibi
1398 1420 182 46 eligere
1530 1420 264 46 confessorem:
1745 1420 116 46 quo
1811 1420 165 46 facto,
1926 1420 132 46 unus
1992 1420 83 46 al-

1121 1454 131 61 terum
1209 1454 189 61 absolvere
1354 1454 160 61 potest,
1470 1454 131 61 infr.
1557 1454 87 61 de
1601 1454 131 61 sent.
1688 1454 160 61 excomm.
1804 1454 131 61 duob.
1892 1454 73 61 &
1921 1454 174 61 intelli-

1126 1499 133 64 gas,
1209 1499 133 64 quod
1293 1499 150 64 talem
1392 1499 133 64 sibi
1475 1499 150 64 debet
1575 1499 199 64 eligere,
1725 1499 116 64 qui
1791 1499 116 64 non
1858 1499 116 64 sit
1907 1499 150 64 excommu

1125 1550 185 61 nicatus,
1263 1550 77 61 &
1294 1550 108 61 qui
1356 1550 216 61 catholicus
1526 1550 201 61 habeatur:
1680 1550 93 61 ut
1726 1550 139 61 patet
1819 1550 93 61 in
1865 1550 123 61 his,
1942 1550 123 61 quae
2004 1550 77 61 no-

1117 1589 126 66 supr.
1201 1589 112 66 eod.
1299 1589 112 66 quis
1369 1589 126 66 debet
1453 1589 196 66 confiteri.
1608 1589 154 66 versic.
1720 1589 154 66 nunquid
1832 1589 112 66 ergo
1902 1589 154 66 tempore
2000 1589 70 66 ne-

1117 1636 243 63 cessitatis.
1311 1636 81 63 &
1344 1636 113 63 cum
1409 1636 113 63 hoc
1473 1636 211 63 episcopis
1635 1636 259 63 superioribus
1846 1636 113 63 non
1895 1636 178 63 exemptis.

1117 1676 116 68 nec
1184 1676 116 68 non
1250 1676 83 68 &
1283 1676 266 68 inferioribus
1499 1676 199 68 exemptis
1649 1676 116 68 per
1715 1676 199 68 speciale
1848 1676 216 68 privilegium

1117 1717 250 68 concedatur,
1317 1717 117 68 non
1384 1717 133 68 puto
1467 1717 150 68 ipsum
1567 1717 216 68 expirare,
1733 1717 183 68 etiamsi
1866 1717 133 68 quis
1949 1717 100 68 ad
1983 1717 83 68 cu-

1120 1756 124 71 riam
1198 1756 171 71 Romanam
1322 1756 186 71 accedat.
1462 1756 109 71 25.
1524 1756 93 71 q.
1570 1756 93 71 2.
1617 1756 93 71 .
1664 1756 78 71 1
1695 1756 109 71 &c.
1757 1756 109 71 seq
1819 1756 140 71 Alius
1912 1756 140 71 autem
1989 1756 78 71 in-

1114 1798 151 78 ferior
1219 1798 105 78 hoc
1280 1798 121 78 sibi
1355 1798 181 78 usurpare
1491 1798 105 78 non
1551 1798 151 78 debet,
1656 1798 121 78 sup.
1732 1798 90 78 de
1777 1798 166 78 privil.
1897 1798 136 78 sane.
1973 1798 90 78 quam

1119 1852 105 59 vis
1179 1852 105 59 hoc
1239 1852 151 59 possit
1345 1852 181 59 quilibet
1481 1852 75 59 a
1511 1852 105 59 suo
1571 1852 151 59 judice
1676 1852 105 59 per
1737 1852 181 59 speciale
1857 1852 196 59 privilegium

1122 1887 123 59 sive
1198 1887 107 59 per
1260 1887 199 59 specialem
1413 1887 199 59 licentiam
1566 1887 123 59 sibi
1643 1887 199 59 concessam
1796 1887 123 59 sine
1873 1887 169 59 literis
1980 1887 77 59 im-

1114 1933 161 64 petrare.
1234 1933 121 64 infra
1315 1933 107 64 eod.
1382 1933 134 64 omnis,
1475 1933 94 64 vel
1529 1933 121 64 Papa,
1609 1933 107 64 arg.
1676 1933 121 64 supra
1757 1933 80 64 de
1797 1933 121 64 cleri
1877 1933 94 64 non
1918 1933 147 64 residert.

1107 1987 226 56 fraternitati.
1293 1987 80 56 6.
1333 1987 80 56 q.
1372 1987 80 56 3.
1412 1987 146 56 cuncta.
1518 1987 66 56 &
1545 1987 80 56 c.
1585 1987 93 56 per
1638 1987 213 56 principalem,
1811 1987 66 56 &
1837 1987 120 56 patet
1917 1987 106 56 inf.
1983 1987 106 56 eod.

1111 2032 83 51 c.
1153 2032 110 51 fin.
1222 2032 83 51 16
1263 2032 97 51 qu.
1318 2032 83 51 1.
1360 2032 97 51 per
1415 2032 138 51 venit.
1512 2032 138 51 aliter
1608 2032 138 51 nullus
1705 2032 124 51 debet
1788 2032 179 51 confiteri
1912 2032 138 51 extranec

1113 2059 236 72 sacerdoti,
1299 2059 118 72 sed
1366 2059 185 72 proprio
1501 2059 185 72 tantum.
1636 2059 101 72 Ut
1686 2059 152 72 tamen
1787 2059 152 72 scias
1888 2059 135 72 tres
1956 2059 101 72 esse

1106 2110 218 69 personas,
1274 2110 168 69 quibus
1392 2110 218 69 immediate
1560 2110 202 69 subjecta
1711 2110 118 69 est
1778 2110 218 69 quaelibet
1930 2110 134 69 anima,

1117 2144 205 75 scilicet
1271 2144 171 75 Papam,
1391 2144 274 75 dioecesanum,
1613 2144 86 75 &
1647 2144 205 75 proprium
1801 2144 257 75 sacerdotem,
1990 2144 68 75 ut

1107 2196 108 63 not.
1175 2196 122 63 supra
1256 2196 81 63 de
1297 2196 135 63 offic.
1392 2196 203 63 archipresb.
1554 2196 81 63 .
1595 2196 108 63 quae
1662 2196 176 63 pertnent.
1798 2196 122 63 vers.
1879 2196 81 63 8.
1920 2196 68 63 &
1933 2196 122 63 sequen.

1111 2236 80 70 &
1143 2236 160 70 alteri
1255 2236 176 70 istorum
1383 2236 160 70 semper
1495 2236 176 70 oportet
1623 2236 224 70 confiteri,
1799 2236 112 70 non
1863 2236 128 70 alii
1927 2236 128 70 extra-

1114 2282 108 65 neo:
1182 2282 108 65 nisi
1250 2282 81 65 in
1291 2282 163 65 casibus,
1412 2282 108 65 quos
1480 2282 108 65 not.
1548 2282 122 65 supra
1629 2282 108 65 eod.
1697 2282 81 65 .
1737 2282 149 65 respon.
1846 2282 68 65 1
1873 2282 122 65 vers.
1954 2282 81 65 tu
1981 2282 68 65 die

1112 2326 126 62 quod
1191 2326 205 62 sacerdos,
1349 2326 79 62 &
1381 2326 126 62 seq.
1460 2326 95 62 In
1507 2326 190 62 publicis
1649 2326 142 62 autem
1744 2326 79 62 &
1776 2326 190 62 gravibus
1918 2326 111 62 suo
1965 2326 95 62 pro-

1106 2376 127 59 prio
1185 2376 159 59 tantum
1297 2376 206 59 sacerdoti
1455 2376 206 59 confiteri
1614 2376 190 59 oportet,
1757 2376 95 59 ut
1804 2376 127 59 not.
1883 2376 143 59 supra
1963 2376 95 59 eod.

1116 2415 106 59 sub
1206 2415 106 59 cui
1267 2415 226 59 Cardinales,
1448 2415 90 59 in
1493 2415 166 59 judicio
1614 2415 136 59 autem
1704 2415 226 59 contentioso
1885 2415 136 59 nulli
1961 2415 90 59 cre-

1108 2458 99 60 di
1157 2458 148 60 debet
1256 2458 132 60 sine
1338 2458 247 60 probatione,
1536 2458 132 60 unde
1618 2458 115 60 non
1684 2458 198 60 judicabo
1832 2458 198 60 aliquem,
1964 2458 82 60 nis

1110 2494 218 63 delegatione
1285 2494 102 63 sui
1343 2494 160 63 judicis
1460 2494 146 63 certus
1562 2494 117 63 sim.
1635 2494 131 63 supra
1722 2494 87 63 de
1766 2494 117 63 foro
1839 2494 131 63 comp.
1911 2494 146 63 signifi-

1103 2549 146 61 casti.
1206 2549 132 61 supra
1294 2549 88 61 de
1337 2549 146 61 offic.
1440 2549 176 61 delegat.
1571 2549 102 61 cum
1630 2549 88 61 in
1674 2549 132 61 jure.
1762 2549 161 61 ideoque
1879 2549 132 61 citra
1952 2549 102 61 sedem

1096 2596 253 53 Apostolicam
1298 2596 118 53 non
1366 2596 185 53 poterit
1501 2596 236 53 Patriarcha
1686 2596 185 53 puniri:
1821 2596 84 53 &
1855 2596 118 53 sic
1905 2596 135 53 loquum

1098 2625 98 74 tur
1154 2625 154 74 concor.
1266 2625 182 74 inductae,
1405 2625 126 74 supr.
1489 2625 112 74 eod.
1559 2625 98 74 sub
1615 2625 84 74 .
1657 2625 154 74 respon.
1769 2625 84 74 1.
1811 2625 84 74 in
1838 2625 210 74 poenitentiali

1106 2675 123 63 vero
1182 2675 154 63 credam
1290 2675 200 63 cuilibet,
1443 2675 92 63 si
1489 2675 138 63 dicat
1582 2675 92 63 se
1628 2675 154 63 habere
1735 2675 200 63 licentiam
1889 2675 77 63 a
1919 2675 107 63 suo
1965 2675 77 63 ju-

1098 2719 148 59 dice,
1196 2719 82 59 &
1229 2719 132 59 ipse
1311 2719 99 59 ne
1361 2719 214 59 mentiatur
1525 2719 181 59 caveat:
1656 2719 132 59 quia
1739 2719 99 59 de
1788 2719 115 59 hoc
1854 2719 132 59 ipso
1919 2719 132 59 poeni-

1098 2764 169 55 tentiam
1220 2764 138 55 agere
1312 2764 153 55 debet,
1420 2764 184 55 secundum
1558 2764 107 55 ea,
1619 2764 123 55 quae
1695 2764 123 55 not.
1772 2764 138 55 supra
1864 2764 123 55 eod.
1941 2764 92 55 .
1971 2764 77 55 re-

1103 2806 125 69 spons.
1190 2806 75 69 1.
1227 2806 112 69 vers.
1302 2806 75 69 tu
1339 2806 112 69 tamen
1414 2806 87 69 dic
1464 2806 149 69 referre.
1576 2806 62 69 &
1601 2806 75 69 .
1638 2806 137 69 qualis.
1738 2806 87 69 sub
1787 2806 75 69 .
1825 2806 149 69 discreta
1937 2806 137 69 versic.

1091 2856 132 50 item
1173 2856 165 50 cavere
1288 2856 165 50 debet.
1403 2856 115 50 Sed
1469 2856 132 50 quam
1551 2856 230 50 potestatem
1732 2856 148 50 habet
1831 2856 214 50 confessor
1979 2856 66 50 e-

1089 2886 172 77 lectus
1209 2886 103 77 ab
1261 2886 223 77 episcopo:
1432 2886 206 77 videtur,
1587 2886 137 77 quod
1673 2886 155 77 illam
1776 2886 137 77 quam
1862 2886 155 77 habet
1948 2886 103 77 epi-

1089 2932 170 71 scopus
1208 2932 102 71 in
1259 2932 221 71 subditum,
1429 2932 119 71 quo
1497 2932 102 71 ad
1548 2932 272 71 absolutiones
1768 2932 255 71 peccatorum:
1955 2932 85 71 er-

1097 2981 96 57 po
1145 2981 112 57 nec
1209 2981 144 57 super
1305 2981 288 57 irregularitate
1545 2981 144 57 secum
1642 2981 176 57 poterit
1770 2981 208 57 dispesare
1930 2981 96 57 in
1962 2981 80 57 ca-

1094 3009 141 81 sibus
1188 3009 110 81 qui
1251 3009 94 81 ad
1298 3009 141 81 Papam
1392 3009 219 81 pertinent,
1565 3009 125 81 quia
1643 3009 94 81 in
1690 3009 219 81 electione,
1863 3009 125 81 quam
1925 3009 110 81 facit

1089 3068 118 69 non
1157 3068 169 69 potest
1275 3068 135 69 sibi
1359 3068 185 69 amplius
1494 3068 219 69 concedere
1662 3068 253 69 potestatis,
1864 3068 135 69 quam
1932 3068 101 69 ipse

1099 3109 143 63 habeat
1199 3109 100 63 ff.
1256 3109 86 63 de
1299 3109 114 63 reg.
1370 3109 100 63 iur
1427 3109 129 63 nemo.
1513 3109 100 63 nec
1570 3109 129 63 obst.
1656 3109 86 63 si
1699 3109 129 63 dicas
1785 3109 129 63 talem
1856 3109 186 63 confessorem

1096 3156 233 69 ordinarium
1279 3156 116 69 pro
1346 3156 116 69 eo,
1412 3156 133 69 quod
1495 3156 83 69 a
1528 3156 133 69 lege
1611 3156 183 69 videtur
1744 3156 199 69 recipere
1894 3156 133 69 hanc
1960 3156 83 69 po-

1096 3196 181 71 testatem,
1235 3196 125 71 facta
1318 3196 181 71 electione
1457 3196 97 71 per
1513 3196 195 71 episcopum.
1666 3196 111 71 inf.
1735 3196 83 71 eo
1777 3196 69 71 c
1805 3196 111 71 fin.
1874 3196 111 71 quia
1944 3196 125 71 talis

1090 3251 241 47 jurisdictio
1283 3251 161 47 semper
1395 3251 209 47 succedere
1555 3251 177 47 videtur
1684 3251 128 47 loco
1764 3251 177 47 illius,
1893 3251 128 47 quem
1957 3251 64 47 ha

1089 3285 103 74 bet
1148 3285 88 74 is
1192 3285 103 74 qui
1251 3285 161 74 eligit,
1368 3285 117 74 ergo
1441 3285 161 74 ejusdem
1559 3285 161 74 naturae
1676 3285 132 74 debet
1764 3285 132 74 esse.
1852 3285 132 74 argu.
1940 3285 103 74 ff.
1984 3285 44 74 s

1088 3335 107 52 quis
1154 3335 107 52 cau.
1221 3335 80 52 si
1261 3335 94 52 eum
1342 3335 94 52 qui
1395 3335 201 52 injuriarum.
1556 3335 80 52 C.
1596 3335 80 52 de
1636 3335 107 52 jud.
1703 3335 214 52 apertissimi.
1877 3335 80 52 ad
1917 3335 107 52 fin.
1970 3335 67 52 Sed

1087 3381 179 54 contra,
1217 3381 130 54 quia
1298 3381 211 54 episcopus
1461 3381 81 54 &
1493 3381 195 54 exemptus
1640 3381 163 54 eligit
1754 3381 130 54 sibi
1819 3381 211 54 confessorem

1092 3413 87 62 de
1135 3413 173 62 licentia
1265 3413 145 62 Papae,
1366 3413 130 62 infr.
1453 3413 87 62 eo
1496 3413 116 62 fin.
1569 3413 116 62 ergo
1641 3413 188 62 confessor
1785 3413 159 62 electus
1901 3413 159 62 ridetur

1090 3455 160 59 habere
1202 3455 144 59 eande
1298 3455 240 59 potestatem,
1490 3455 128 59 quam
1570 3455 128 59 Papa
1649 3455 160 59 habet.
1761 3455 112 59 nam
1825 3455 80 59 &
1857 3455 96 59 si
1905 3455 96 59 de
1953 3455 112 59 li-

1097 3507 162 55 tentia
1210 3507 178 55 proprii
1339 3507 226 55 sacerdotis
1517 3507 162 55 eligam
1630 3507 129 55 mihi
1711 3507 226 55 confessore
1872 3507 162 55 secundum

1089 3556 207 55 consilium.
1252 3556 118 55 inf.
1325 3556 118 55 eod.
1399 3556 133 55 omnis
1488 3556 118 55 iste
1562 3556 162 55 electus
1680 3556 133 55 habet
1768 3556 221 55 potestatem,
1945 3556 74 55 &
1960 3556 59 55 vi

1085 3595 107 56 ces
1146 3595 138 56 gerit
1238 3595 168 56 proprii
1360 3595 229 56 sacerdotis:
1544 3595 122 56 ergo
1620 3595 138 56 sicut
1712 3595 76 56 &
1742 3595 92 56 in
1788 3595 153 56 quibus
1895 3595 168 56 casibus
