2485 4117
416 425 179 50 paucis
541 425 179 50 diebus
666 425 143 50 quis
756 425 286 50 poenitentiam
988 425 161 50 agat,
1095 425 161 50 demum
1202 425 107 50 ad
1238 425 125 50 pecca

423 459 96 57 ta
471 459 176 57 redeat,
599 459 160 57 merito
712 459 224 57 percutitur
888 459 144 57 primi
984 459 192 57 pastoris
1128 459 224 57 sententia,
1289 459 80 57 qui

426 508 110 42 sic
489 508 126 42 ait,
568 508 141 42 Canis
662 508 188 42 reversus
803 508 94 42 ad
850 508 188 42 vomitum.
991 508 78 42 &
1023 508 110 42 sus
1085 508 126 42 lota
1164 508 94 42 in
1195 508 173 42 volutabro

420 551 117 43 luti.
498 551 78 43 de
537 551 104 43 pen.
602 551 117 43 dist.
681 551 78 43 3.
720 551 91 43 ca.
772 551 78 43 3.
811 551 65 43 &
837 551 78 43 c.
876 551 104 43 sunt
941 551 143 43 quidam,
1045 551 65 43 &
1071 551 78 43 c.
1110 551 156 43 irrisor.
1228 551 65 43 &
1241 551 130 43 breviter

422 589 101 54 ad
473 589 118 54 hoc
540 589 186 54 faciunt
676 589 169 54 multae
794 589 271 54 authoritates
1014 589 220 54 Sanctorum
1183 589 186 54 positae
1301 589 68 54 de

425 644 101 48 pen.
488 644 139 48 diffin.
589 644 76 48 3.
627 644 63 48 a
653 644 139 48 princi.
754 644 114 48 usque
829 644 76 48 ad
867 644 76 48 ยง.
905 644 88 48 sed
955 644 126 48 verba.
1044 644 114 48 circa
1120 644 126 48 princ.
1208 644 139 48 tertiae
1309 644 88 48 co-

413 676 202 47 lumnae.
560 676 239 47 Occasione
744 676 184 47 quorum
872 676 221 47 verborum
1038 676 221 47 dixerunt
1203 676 202 47 aliqui,

415 724 139 49 quod
502 724 105 49 si
554 724 139 49 quis
641 724 157 49 veram
746 724 279 49 poenitentiam
972 724 192 49 egerit,
1112 724 192 49 nunquam
1234 724 139 49 postea

416 767 235 52 mortaliter
601 767 218 52 peccabit.
769 767 134 52 quod
853 767 168 52 falsum
970 767 134 52 est,
1054 767 101 52 ut
1104 767 201 52 probatur
1256 767 101 52 in
1289 767 84 52 his

420 804 114 51 quae
491 804 99 51 no.
548 804 128 51 supra
633 804 99 51 eod
690 804 85 51 in
732 804 242 51 continuatione
931 804 185 51 rubricae.
1074 804 142 51 versi,
1173 804 156 51 secunda
1273 804 99 51 tabu-

416 844 114 55 la.
481 844 114 55 Sed
546 844 114 55 hae
611 844 260 55 authoritates
822 844 114 55 non
887 844 130 55 sunt
968 844 97 55 ad
1017 844 179 55 diversa
1147 844 195 55 tempora,
1293 844 114 55 sed

418 900 98 47 ad
467 900 148 47 illum
565 900 180 47 tantum,
696 900 98 47 in
746 900 115 47 quo
811 900 131 47 quis
893 900 131 47 agit
975 900 262 47 poenitentiam
1172 900 197 47 referendae

420 931 98 64 ut
469 931 146 64 illo,
566 931 195 64 scilicet
712 931 195 64 tempore,
859 931 114 64 quo
924 931 130 64 quis
1005 931 195 64 commissa
1151 931 195 64 plangit,
1281 931 98 64 alia

416 977 122 55 non
485 977 244 55 committat,
677 977 122 55 nec
746 977 157 55 etiam
851 977 244 55 committere
1042 977 226 55 proponat,
1216 977 104 55 ut
1251 977 122 55 dicit

422 1020 132 55 Grat.
510 1020 88 55 in
554 1020 132 55 dicto
642 1020 73 55 ยง
672 1020 103 55 sed
730 1020 147 55 verba.
833 1020 117 55 Unde
907 1020 103 55 ibi
965 1020 132 55 dicit
1053 1020 191 55 Isidorus,
1200 1020 161 55 Irrisor
1303 1020 73 55 est

420 1075 115 44 non
485 1075 231 44 poenitens,
667 1075 115 44 qui
733 1075 148 44 adhnc
832 1075 132 44 agit
914 1075 132 44 quod
997 1075 214 44 poenitet,
1162 1075 115 44 nec
1228 1075 181 44 videtur

417 1116 142 47 Deum
506 1116 195 47 poscere
647 1116 230 47 subditus,
824 1116 124 47 sed
895 1116 248 47 subsannare
1090 1116 230 47 superbus.
1249 1116 124 47 Augu.

413 1160 165 47 lnanis
529 1160 116 47 est
595 1160 264 47 poenitentia,
810 1160 132 47 quam
892 1160 215 47 insequens
1057 1160 149 47 culpa
1156 1160 248 47 coinquinat.

422 1196 152 55 Item,
523 1196 118 55 Non
591 1196 186 55 prosunt
726 1196 203 55 lamenta,
878 1196 101 55 si
929 1196 253 55 replicentur
1132 1196 186 55 peccata
1250 1196 118 55 Greg.

421 1252 132 46 Quid
503 1252 197 46 prodest,
651 1252 99 46 si
700 1252 181 46 peccata
832 1252 197 46 luxuriae
979 1252 132 46 quis
1062 1252 197 46 defleat,
1210 1252 148 46 adhuc
1292 1252 82 46 ta-

421 1279 106 59 men
481 1279 197 59 avaritiae
633 1279 182 59 aestibus
770 1279 182 59 anhelat,
906 1279 76 59 &
936 1279 212 59 praecedit:
1103 1279 106 59 qui
1164 1279 106 59 sic
1225 1279 121 59 alia
1285 1279 76 59 de-

417 1324 186 70 plorat,
553 1324 102 70 ut
603 1324 169 70 iterum
722 1324 136 70 alia
807 1324 237 70 committat,
993 1324 153 70 adhuc
1095 1324 271 70 poenitentiam
1298 1324 68 70 a-

422 1372 130 66 gere
503 1372 114 66 aut
568 1372 195 66 ignorat,
714 1372 114 66 aut
779 1372 244 66 dissimulat.
974 1372 211 66 Isidorus,
1137 1372 146 66 Multi
1218 1372 146 66 lachry-

423 1412 121 63 mas
492 1412 277 63 indesinenter
717 1412 208 63 fundunt,
873 1412 87 63 &
908 1412 191 63 peccare
1047 1412 121 63 non
1116 1412 208 63 desinunt
1255 1412 121 63 quos-

421 1452 123 63 dam
492 1452 212 63 accipere
651 1452 229 63 lachrymas
827 1452 106 63 ad
880 1452 282 63 poenitentiam
1109 1452 176 63 cerno,
1233 1452 88 63 &
1251 1452 123 63 affe-

422 1496 131 63 ctum
503 1496 261 63 poenitentiae
715 1496 114 63 non
781 1496 179 63 habere.
911 1496 179 63 August.
1042 1496 261 63 Poenitentes,
1254 1496 98 63 si
1286 1496 82 63 ta-

425 1542 120 60 men
493 1542 154 60 estis
596 1542 273 60 poenitentes,
818 1542 85 60 &
852 1542 120 60 non
921 1542 256 60 irridentes,
1126 1542 171 60 mutate
1228 1542 137 60 vitam,

426 1582 166 68 mutate
542 1582 166 68 mores,
658 1582 298 68 reconciliemini
907 1582 132 68 Deo.
989 1582 199 68 Sufficit
1138 1582 132 68 ergo
1221 1582 99 68 ad
1254 1582 116 68 veri-

425 1628 146 63 tatem
522 1628 276 63 paenitentiae,
749 1628 195 63 commissa
895 1628 211 63 plangere,
1057 1628 81 63 &
1089 1628 195 63 firmiter
1235 1628 97 63 in
1268 1628 97 63 ani-

422 1668 107 63 mo
476 1668 232 63 proponere
654 1668 143 63 alia
743 1668 125 63 non
815 1668 268 63 committere,
1029 1668 143 63 quae
1118 1668 107 63 si
1154 1668 214 63 committan-

422 1715 135 58 tur,
507 1715 186 58 apparet
642 1715 152 58 nunc,
744 1715 135 58 quod
828 1715 152 58 prima
930 1715 254 58 paenitentia
1133 1715 118 58 non
1201 1715 135 58 fuit
1268 1715 102 58 per-

424 1756 156 62 fecta,
534 1756 109 62 nec
596 1756 171 62 prodest
721 1756 94 62 ad
767 1756 187 62 salutem,
908 1756 125 62 nisi
985 1756 125 62 homo
1063 1756 109 62 per
1126 1756 140 62 aliam
1204 1756 171 62 paeniten-

419 1802 136 57 tiam
504 1802 170 57 iterum
623 1802 238 57 reparetur,
810 1802 85 57 &
844 1802 119 57 hoc
912 1802 170 57 probat
1031 1802 153 57 Grat.
1133 1802 119 57 per
1201 1802 153 57 multa
1286 1802 85 57 di-

431 1851 94 56 cta
484 1851 188 56 Sanctorum,
632 1851 81 56 de
673 1851 121 56 peni.
753 1851 121 56 dist.
834 1851 81 56 3.
874 1851 81 56 ab
915 1851 121 56 illo.
995 1851 81 56 ยง.
1036 1851 94 56 sed
1090 1851 121 56 verba
1170 1851 161 56 superius
1278 1851 94 56 indu-

429 1891 107 56 cta,
496 1891 121 56 usque
576 1891 80 56 ad
616 1891 80 56 ยง.
656 1891 107 56 quod
724 1891 188 56 frequenter
871 1891 201 56 paenitenti.
1032 1891 67 56 &
1059 1891 134 56 eadhuc
1153 1891 161 56 instant.
1273 1891 107 56 ibi.
1327 1891 40 56 &

411 1943 106 60 seq.
477 1943 66 60 &
504 1943 120 60 aliis
583 1943 106 60 seq.

420 1971 153 111 Quot
515 1971 96 111 &
554 1971 153 111 quae
649 1971 153 111 sint
745 1971 229 111 actiones
917 1971 325 111 poenitentiae.
1185 1971 172 111 Tres,
1280 1971 96 111 se-

797 2020 179 56 cundum
922 2020 143 56 Aug.
1012 2020 161 56 Prima
1119 2020 143 56 est,
1208 2020 143 56 quae
1280 2020 89 56 no-

423 2062 123 56 vum
494 2062 193 56 hominem
634 2062 228 56 parturit,
810 2062 88 56 &
845 2062 123 56 sit
915 2062 141 56 ante
1003 2062 246 56 baptismum:
1196 2062 141 56 nisi
1267 2062 105 56 enim

429 2115 249 47 baptizatum,
629 2115 200 47 subaudi,
779 2115 183 47 adultum
912 2115 83 47 &
945 2115 216 47 discretum
1111 2115 216 47 paeniteat
1261 2115 116 47 vitae

422 2147 205 63 veteris,
575 2147 153 63 novam
678 2147 153 63 vitam
780 2147 205 63 inchoare
934 2147 119 63 non
1002 2147 188 63 potest.
1138 2147 188 63 recipit
1258 2147 119 63 tamen

418 2196 142 54 talis
513 2196 253 54 characterem,
719 2196 142 54 licet
814 2196 111 54 non
877 2196 190 54 gratiam,
1019 2196 190 54 quousque
1161 2196 158 54 fictio
1256 2196 111 54 rece-

429 2234 124 57 dit.
506 2234 93 57 ab
552 2234 108 57 hac
614 2234 124 57 vero
691 2234 170 57 parvuli
815 2234 139 57 soli,
908 2234 186 57 subaudi,
1047 2234 77 57 &
1078 2234 170 57 furiosi
1202 2234 201 57 continui,

429 2284 128 57 quia
509 2284 112 57 non
573 2284 176 57 possunt
701 2284 112 57 uti
765 2284 160 57 libero
877 2284 208 57 arbitrio,
1038 2284 240 57 excusantur,
1230 2284 96 57 ut
1262 2284 112 57 nota.

423 2330 125 60 supra
507 2330 84 60 de
549 2330 153 60 baptis.
660 2330 84 60 ยง.
702 2330 112 60 quis
772 2330 98 60 sit
827 2330 181 60 effectus.
967 2330 153 60 Secunda
1078 2330 112 60 vero
1148 2330 125 60 actio
1218 2330 153 60 paeniten-

425 2368 129 58 tiae
505 2368 129 58 est,
586 2368 129 58 quam
666 2368 129 58 quis
747 2368 145 58 facit
843 2368 129 58 post
924 2368 225 58 baptisimum
1101 2368 97 58 de
1149 2368 193 58 peccatis
1277 2368 97 58 mor-

432 2409 145 56 talibus
537 2409 79 56 de
576 2409 92 56 qua
629 2409 92 56 no.
682 2409 105 56 sup.
747 2409 92 56 eo.
800 2409 79 56 ยง.
839 2409 105 56 quid
905 2409 92 56 sit
958 2409 197 56 paenitentia
1115 2409 105 56 quae
1181 2409 118 56 scil.
1260 2409 131 56 agitur

427 2452 103 55 de
478 2452 138 55 his,
565 2452 138 55 quae
651 2452 155 55 legis
754 2452 224 55 Decalogus
926 2452 207 55 continet
1081 2452 86 55 &
1116 2452 103 55 de
1167 2452 172 55 quibus
1271 2452 103 55 Apo-

423 2509 166 45 stolus
540 2509 133 45 ait.
623 2509 100 45 Si
673 2509 199 45 nosipsos
822 2509 266 45 judicaremus,
1038 2509 116 45 non
1104 2509 166 45 utique
1221 2509 83 45 a
1237 2509 133 45 Domino

422 2540 293 67 judicaremur.
660 2540 91 67 &
696 2540 220 67 secundum
861 2540 201 67 Gregor.
1007 2540 128 67 aut
1080 2540 146 67 homo
1172 2540 146 67 ipse
1263 2540 110 67 in
1300 2540 73 67 se

425 2591 200 60 penitus
570 2591 181 60 punit,
697 2591 127 60 aut
769 2591 127 60 Deo
842 2591 236 60 vindicans
1023 2591 127 60 cum
1096 2591 200 60 hominem
1223 2591 145 60 percu-

424 2635 125 47 tit.
503 2635 157 47 Tertia
612 2635 110 47 est
675 2635 157 47 agenda
785 2635 94 47 de
832 2635 188 47 peccatis
972 2635 235 47 venialibus,
1160 2635 125 47 quae
1223 2635 141 47 humanae

429 2673 255 55 fragilitati,
636 2673 175 55 quamyis
764 2673 159 55 parra,
876 2673 144 55 tamen
971 2673 159 55 crebra
1083 2673 223 55 surrepunt,
1258 2673 80 55 &
1274 2673 96 55 quae

419 2710 94 60 si
466 2710 189 60 collecta
608 2710 157 60 contra
718 2710 110 60 nos
781 2710 189 60 fuerint,
922 2710 110 60 ita
985 2710 110 60 nos
1048 2710 220 60 gravabunt,
1221 2710 79 60 &
1236 2710 126 60 oppri-

425 2750 161 68 ment,
532 2750 161 68 sicut
640 2750 143 68 unum
729 2750 179 68 grande
854 2750 233 68 peccatum.
1033 2750 143 68 Quid
1123 2750 143 68 enim
1194 2750 179 68 interest

429 2805 101 53 ad
480 2805 251 53 naufragium,
681 2805 101 53 an
731 2805 117 53 uno
798 2805 168 53 grandi
915 2805 168 53 fluctu
1033 2805 151 53 navis
1133 2805 235 53 operiatur,
1301 2805 67 53 an

420 2844 204 71 paulatim
573 2844 221 71 surrepens
744 2844 136 71 aqua
829 2844 102 71 in
880 2844 221 71 sentinam,
1050 2844 85 71 &
1084 2844 119 71 per
1135 2844 239 71 negligentium

424 2892 174 50 culpam
546 2892 227 50 derelicta
720 2892 157 50 atque
825 2892 227 50 contempta
999 2892 192 50 impleat
1138 2892 174 50 natem,
1243 2892 122 50 atque

423 2932 224 54 submergat,
599 2932 176 54 propter
727 2932 112 54 hoc
791 2932 176 54 necesse
919 2932 128 54 est,
999 2932 96 54 ut
1047 2932 192 54 jejunia,
1191 2932 80 54 &
1223 2932 176 54 oratio-

426 2972 131 61 nes,
508 2972 82 61 &
540 2972 230 61 elemosynae
721 2972 246 61 invigilent,
918 2972 98 61 in
967 2972 164 61 quibus
1082 2972 115 61 cum
1148 2972 197 61 dicimus,
1279 2972 82 61 Di-

417 3013 150 64 mirte
517 3013 150 64 nobis
618 3013 167 64 debita
735 3013 184 64 nostra,
868 3013 267 64 manifestamus
1085 3013 167 64 habere
1202 3013 117 64 nos
1269 3013 134 64 quod

428 3066 148 57 nobis
526 3066 246 57 dimittatur,
723 3066 148 57 atque
821 3066 98 57 in
871 3066 115 57 his
936 3066 164 57 verbis
1051 3066 246 57 humiliantes
1232 3066 131 57 animas

423 3106 221 56 nostras,
588 3106 276 56 quotidianam
809 3106 258 56 quodammodo
1011 3106 166 56 agere
1103 3106 258 56 paenitentiam

418 3139 103 63 non
477 3139 177 63 cessamus
610 3139 191 63 probantur
757 3139 118 63 haec
831 3139 88 63 de
875 3139 118 63 pen.
949 3139 118 63 dis.
1022 3139 88 63 i.
1066 3139 118 63 tres
1140 3139 177 63 actiones
1273 3139 74 63 &
1287 3139 74 63 ca.

431 3188 102 62 seq.
495 3188 77 62 de
534 3188 154 62 consecr.
649 3188 115 62 dist.
725 3188 77 62 4:
764 3188 102 62 tunc
828 3188 141 62 valere.
930 3188 64 62 &
956 3188 90 62 ca.
1007 3188 128 62 agant.
1096 3188 64 62 &
1122 3188 102 62 c.ne
1186 3188 102 62 quod
1250 3188 128 62 absit.
1327 3188 38 62 &

424 3244 78 55 c.
463 3244 104 55 sine
528 3244 195 55 penitentia.
671 3244 39 55 b

436 3275 188 89 Quibus:
573 3275 85 89 *
607 3275 85 89 &
641 3275 137 89 quot
727 3275 171 89 dietis
846 3275 120 89 sit
915 3275 103 89 ad
966 3275 274 89 paenitentiam
1171 3275 188 89 properan-

628 3324 127 54 dum.
708 3324 95 54 Et
755 3324 159 54 quidem
867 3324 175 54 tribus,
994 3324 111 54 nam
1058 3324 127 54 tres
1137 3324 127 54 sunt
1217 3324 175 54 dietae,

422 3364 221 47 videlicet,
596 3364 158 47 Cordis
707 3364 221 47 contritio,
881 3364 126 47 Oris
960 3364 221 47 confessio,
1134 3364 158 47 Operis
1229 3364 126 47 satis-

417 3411 182 40 factio.
550 3411 182 40 Chryso.
682 3411 198 40 Perfecta
831 3411 248 40 paenitentia
1029 3411 149 40 cogit
1129 3411 232 40 peccatorem
1294 3411 66 40 o-

422 3460 123 39 mnia
499 3460 185 39 libenter
637 3460 200 39 sufferre.
792 3460 93 39 in
838 3460 139 39 corde
930 3460 123 39 enim
1007 3460 123 39 ejus
1085 3460 216 39 contritio,
1254 3460 93 39 in
1285 3460 77 39 ore

418 3493 212 46 confessio,
585 3493 91 46 in
630 3493 136 46 opere
721 3493 121 46 tota
797 3493 212 46 humilitas.
964 3493 121 46 haec
1040 3493 106 46 est
1100 3493 227 46 paenitentia
1267 3493 91 46 fru-

409 3539 168 62 ctuosa.
531 3539 92 62 de
577 3539 138 62 paen.
669 3539 138 62 dist.
760 3539 76 62 4
791 3539 184 62 perfecia
929 3539 122 62 quia
1005 3539 122 62 enim
1082 3539 153 62 tribus
1189 3539 138 62 modis
1265 3539 92 62 Deum

404 3580 255 40 offendimus,
608 3580 204 40 scilicet
761 3580 272 40 delectatione
981 3580 289 40 cogitationis,
1202 3580 153 40 impuden

398 3620 112 46 tia
462 3620 239 46 locutionis,
653 3620 80 46 &
685 3620 192 46 superbia
829 3620 176 46 operis,
957 3620 96 46 ut
1005 3620 208 46 contraria
1164 3620 224 46 contrariis

389 3660 216 71 curentur,
556 3660 266 71 delectationi
772 3660 266 71 cogitationis
989 3660 216 71 opponitur
1155 3660 233 71 contritio,

386 3699 253 50 impudentiae
588 3699 236 50 locutionis
774 3699 219 50 confessio
942 3699 219 50 superbiae
1111 3699 169 50 operis
1229 3699 152 50 satis

394 3743 141 52 factio,
497 3743 115 52 argu.
573 3743 102 52 inf.
637 3743 77 52 de
676 3743 102 52 reg.
740 3743 102 52 iur,
804 3743 115 52 omnis
881 3743 102 52 res.
944 3743 115 52 supra
1021 3743 77 52 de
1060 3743 115 52 bapt.
1136 3743 154 52 majores.
1252 3743 77 52 ยง.
1290 3743 90 52 hic

1399 420 134 48 vero
1483 420 200 48 dicimus.
1633 420 100 48 de
1683 420 117 48 his
1750 420 150 48 Hier.
1850 420 200 48 exponens
2000 420 150 48 verba
2101 420 134 48 Amos
2167 420 184 48 prophetae

1401 463 258 51 comminantis
1607 463 172 51 Azahel
1727 463 137 51 regi
1813 463 206 51 Damasci,
1968 463 86 51 &
2002 463 223 51 dicentis,
2174 463 155 51 super
2260 463 86 51 tri

1399 500 119 46 bus
1467 500 153 46 modis
1569 500 238 46 sceleribus
1756 500 204 46 Damasci,
1909 500 85 46 &
1943 500 153 46 super
2045 500 187 46 quatuor
2181 500 119 46 non
2249 500 136 46 com-

1400 539 176 64 vertam
1524 539 141 64 eum.
1611 539 158 64 verba
1717 539 141 64 Hier
1805 539 158 64 iuxta
1910 539 264 64 tropologiam
2121 539 211 64 possumus
2262 539 88 64 di-

1400 584 146 50 cere.
1497 584 163 50 primum
1611 584 195 50 peccatum
1758 584 130 50 est,
1839 584 212 50 cogitasse
2002 584 130 50 quae
2083 584 130 50 mala
2165 584 146 50 sunt.
2246 584 114 50 secun

1397 627 132 57 dum,
1480 627 298 57 cogitationibus
1729 627 248 57 acquievisse
1927 627 232 57 perversis.
2110 627 199 57 tertium,
2259 627 132 57 quod

1400 673 153 48 mente
1502 673 254 48 decrevimus,
1705 673 153 48 opere
1807 673 271 48 complevisse.
2027 673 203 48 quartum,
2180 673 136 48 post
2247 673 102 48 pec-

1403 725 153 50 catum
1505 725 119 50 non
1573 725 153 50 agere
1674 725 288 50 paenitentiam.
1912 725 85 50 &
1946 725 119 50 suo
2014 725 136 50 sibi
2099 725 237 50 complacere
2268 725 85 50 de-

1408 758 136 61 licto,
1504 758 82 61 de
1544 758 122 61 paen.
1626 758 122 61 dist.
1707 758 68 61 1
1735 758 122 61 super
1816 758 150 61 tribus.
1925 758 82 61 Hi
1966 758 109 61 sunt
2034 758 109 61 tres
2102 758 150 61 mortui,
2210 758 68 61 c
2238 758 109 61 quos
2292 758 68 61 Do-

1403 811 144 52 minus
1499 811 176 52 legitur
1627 811 224 52 suscitasse
1803 811 192 52 scilicet
1948 811 144 52 filia
2044 811 288 52 Archisynagogi,
2268 811 96 52 quam

1408 851 241 43 suscitavit
1597 851 155 43 intra
1701 851 172 43 domum.
1822 851 138 43 quia
1908 851 155 43 ipsam
2011 851 155 43 intus
2115 851 207 43 invenit,
2253 851 103 43 ecce

1402 897 176 51 peccatum
1534 897 235 51 cogitationis
1725 897 88 51 de
1769 897 103 51 hac
1828 897 88 51 de
1872 897 132 51 paen.
1960 897 147 51 dist.1
2063 897 88 51 ยง.
2107 897 103 51 non
2165 897 117 51 sunt
2239 897 132 51 haec.
2312 897 44 51 &

1402 936 74 50 &
1432 936 74 50 c
1461 936 118 50 quam
1535 936 192 50 paenitet.
1683 936 89 50 in
1727 936 103 50 fi.
1786 936 118 50 Item
1860 936 148 50 filius
1963 936 162 50 viduae,
2081 936 118 50 quem
2155 936 207 50 suscitavit
2302 936 59 50 ad

1403 988 159 47 portam
1514 988 222 47 civitatis,
1689 988 127 47 ecce
1768 988 191 47 peccatum
1911 988 238 47 locutionis:
2102 988 95 47 de
2150 988 111 47 hoc
2213 988 95 47 de
2245 988 111 47 paen.

1408 1021 141 46 dist.
1502 1021 94 46 1.
1549 1021 157 46 fleat.
1659 1021 172 46 Lazarus
1784 1021 125 46 quem
1863 1021 219 46 suscitavit
2035 1021 94 46 in
2082 1021 251 46 sepulchrojam
2270 1021 94 46 fae-

1405 1075 173 45 tentem,
1531 1075 125 45 ecce
1609 1075 188 45 peccatum
1750 1075 235 45 operationis
1939 1075 94 45 de
1986 1075 125 45 hoc.
2064 1075 94 45 de
2111 1075 141 45 paen.
2205 1075 173 45 diffin.
2315 1075 47 45 1

1411 1108 257 63 quantumlibet.
1622 1108 106 63 vel
1683 1108 106 63 dic
1743 1108 121 63 quod
1819 1108 106 63 per
1879 1108 151 63 filium
1985 1108 151 63 viduae
2091 1108 227 63 intelligere
2272 1108 121 63 pos-

1401 1152 157 58 sumus
1505 1152 209 58 peccatum
1662 1152 279 58 operationis,
1889 1152 105 58 in
1941 1152 122 58 quo
2010 1152 244 58 includitur
2185 1152 174 58 peccatum

1408 1196 256 62 locutionis,
1613 1196 136 62 quia
1698 1196 119 62 vix
1766 1196 256 62 perpetratur
1971 1196 153 62 malum
2073 1196 153 62 opus,
2175 1196 136 62 quin
2261 1196 85 62 &
2278 1196 85 62 ma-

1403 1241 127 46 lum
1475 1241 181 46 verbum
1602 1241 254 46 praecedat,
1802 1241 127 46 per
1874 1241 199 46 Lazarum
2019 1241 145 46 vero
2110 1241 218 46 peccatum
2255 1241 109 46 con-

1403 1286 278 45 suetudinis.
1626 1286 93 45 &
1663 1286 241 45 notandum,
1848 1286 148 45 quod
1940 1286 204 45 puellam
2088 1286 185 45 verbo,
2218 1286 185 45 puerum

1408 1339 165 47 motu,
1518 1339 201 47 Lazarum
1664 1339 128 47 cum
1737 1339 220 47 fremitu,
1902 1339 220 47 clamore,
2067 1339 92 47 &
2104 1339 238 47 lachrymis
2268 1339 92 47 re-

1406 1371 237 48 suscitarit.
1596 1371 126 48 unde
1659 1371 142 48 versus.

1445 1460 135 46 Mors
1530 1460 152 46 malo,
1631 1460 135 46 mors
1716 1460 152 46 intus
1817 1460 152 46 malus
1918 1460 169 46 actus,
2037 1460 135 46 mers
2121 1460 169 46 fortis
2223 1460 118 46 usus:

1501 1500 177 62 Tumba:,
1629 1500 160 62 puella
1742 1500 144 62 puer,
1838 1500 177 62 Laxarus
1966 1500 128 62 ista
2047 1500 177 62 notant.

1447 1548 140 47 Hanc
1535 1548 175 47 verbo,
1658 1548 140 47 hunc
1745 1548 158 47 motu,
1851 1548 263 47 lachrymando
2061 1548 210 47 suscitat
2201 1548 123 47 illum

1407 1612 206 59 scilicet,
1565 1612 174 59 Lazarum
1692 1612 190 59 Christus
1834 1612 95 59 in
1882 1612 253 59 suscitatione
2087 1612 127 59 enim
2166 1612 174 59 puellae
2277 1612 79 59 non

1405 1668 226 47 invenimus
1578 1668 191 47 aliquas
1717 1668 226 47 lachrymas
1891 1668 226 47 emanasse.
2065 1668 122 47 Sed
2117 1668 243 47 suscitatione

1403 1708 158 47 filii,
1514 1708 158 47 flebat
1625 1708 158 47 turba,
1736 1708 127 47 quae
1815 1708 142 47 ipsum
1910 1708 237 47 sequebatur.
2100 1708 95 47 in
2131 1708 222 47 suscitatione

1409 1753 128 50 vero
1489 1753 160 50 Lazari
1601 1753 160 50 flebat
1713 1753 176 50 Martha,
1841 1753 160 50 flebat
1952 1753 80 50 &
1984 1753 160 50 Maria,
2096 1753 112 50 pro
2160 1753 160 50 fratre
2256 1753 96 50 sup-

1413 1800 227 54 plicantes,
1591 1800 162 54 flebat
1704 1800 81 54 &
1737 1800 162 54 turba,
1850 1800 130 54 quae
1931 1800 162 54 Mariam
2044 1800 162 54 fuerat
2158 1800 178 54 secuta,
2271 1800 81 54 la-

1402 1840 185 46 chrymi:
1537 1840 168 46 Mariae
1655 1840 219 46 incitata.
1823 1840 101 46 in
1874 1840 118 46 quo
1941 1840 202 46 docemur,
2093 1840 185 46 publice
2210 1840 152 46 peccan-

1406 1881 149 50 tibus
1506 1881 215 50 suffragia
1671 1881 215 50 ecclesiae
1836 1881 83 50 &
1869 1881 215 50 Sanctorum
2034 1881 231 50 necessaria
2215 1881 149 50 fore.
2298 1881 66 50 ut

1408 1940 174 44 probatur
1538 1940 87 44 de
1581 1940 130 44 paen.
1668 1940 130 44 dist.
1755 1940 72 44 1
1784 1940 116 44 quem
1856 1940 159 44 penitet
1972 1940 130 44 circa
2059 1940 87 44 si
2102 1940 116 44 unde
2175 1940 130 44 Ambr.
2262 1940 130 44 Fleat

1406 1980 118 47 pro
1473 1980 101 47 te
1524 1980 151 47 mater
1625 1980 218 47 ecclesia,
1793 1980 84 47 &
1826 1980 168 47 culpam
1944 1980 134 47 tuam
2028 1980 218 47 Iachiymis
2196 1980 168 47 lavet.
2297 1980 67 47 de

1407 2019 133 42 paen.
1496 2019 148 42 dist.1
1599 2019 148 42 fleat.
1703 2019 89 42 De
1747 2019 103 42 his
1806 2019 148 42 tribus
1910 2019 148 42 dietis
2013 2019 163 42 ridetur
2131 2019 163 42 locutus
2235 2019 118 42 suisse

1403 2060 193 46 Moyses.
1544 2060 193 46 dicens:
1685 2060 141 46 Deus
1773 2060 246 46 Hebraeorum
1966 2060 193 46 vocavit
2107 2060 141 46 nos,
2195 2060 106 46 ut
2230 2060 123 46 eamus

1404 2106 140 41 viam
1492 2106 158 41 trium
1597 2106 175 41 dierum
1720 2106 105 41 in
1773 2106 263 41 solitudine,
1984 2106 88 41 &
2019 2106 281 41 sacrificemus
2229 2106 123 41 Domi-

1401 2145 95 49 no
1449 2145 111 49 Deo
1512 2145 174 49 nostro.
1638 2145 95 49 ne
1686 2145 142 49 forte
1781 2145 174 49 accidat
1907 2145 142 49 nobis
2002 2145 174 49 pestis,
2129 2145 111 49 aut
2176 2145 174 49 gladitis:

1406 2189 93 45 id
1453 2189 124 45 est,
1531 2189 140 45 culpa
1624 2189 93 45 in
1671 2189 217 45 praesenti,
1841 2189 78 45 &
1872 2189 140 45 paena
1966 2189 93 45 in
2012 2189 171 45 futuro.
2137 2189 93 45 In
2183 2189 109 45 hoc
2230 2189 124 45 triduo

1407 2233 204 53 quaesivit
1564 2233 188 53 gloriosa
1706 2233 141 53 virgo
1800 2233 141 53 Maria
1894 2233 157 53 filium
2004 2233 141 53 suum,
2098 2233 78 53 &
2129 2233 188 53 invenit.
2255 2233 94 53 haec

1399 2277 115 46 est
1464 2277 147 46 scala
1562 2277 115 46 cum
1628 2277 164 46 tribus
1743 2277 213 46 gradibus,
1907 2277 131 46 quam
1989 2277 147 46 vidit
2087 2277 147 46 Jacob
2185 2277 180 46 erectam
2300 2277 49 46 a

1403 2320 150 43 terra
1503 2320 150 43 usque
1603 2320 100 43 in
1653 2320 183 43 caelum,
1786 2320 83 43 &
1819 2320 183 43 Dominum
1953 2320 183 43 innixum
2086 2320 183 43 scalae.
2219 2320 117 43 est
2269 2320 83 43 an-

1405 2365 120 46 tem
1473 2365 188 46 innixus
1610 2365 188 46 propter
1747 2365 154 46 tria.
1850 2365 171 46 Primum
1970 2365 137 46 est,
2056 2365 103 46 ut
2107 2365 154 46 gigas
2193 2365 154 46 geminae

1399 2406 242 44 substantiae
1592 2406 258 44 paenitentem,
1802 2406 81 44 &
1834 2406 161 44 scalam
1947 2406 145 44 scil.
2044 2406 258 44 paenitentiam
2237 2406 113 44 forti

1405 2459 111 40 ter
1469 2459 222 40 sustineat.
1643 2459 191 40 Secundum
1786 2459 127 40 est,
1866 2459 95 40 ut
1913 2459 206 40 ascendens
2072 2459 111 40 cum
2136 2459 143 40 forte
2231 2459 143 40 labo-

1403 2492 183 46 rarerit,
1540 2492 76 46 &
1571 2492 199 46 fatigatus
1724 2492 168 46 fuerit,
1846 2492 92 46 in
1892 2492 138 46 ipsum
1983 2492 214 46 respiciat,
2151 2492 138 46 iuxta
2228 2492 122 46 Psalm.

1412 2539 156 49 Jacta
1516 2539 226 49 cogitatum
1690 2539 139 49 tuum
1777 2539 104 49 in
1829 2539 191 49 Domino,
1968 2539 87 49 &
2002 2539 139 49 ipse
2089 2539 104 49 te
2141 2539 226 49 enutriet.
2298 2539 52 49 &

1398 2591 165 36 Matth.
1513 2591 116 36 11.
1579 2591 165 36 Venite
1695 2591 99 36 ad
1744 2591 99 36 me
1794 2591 149 36 omnes
1893 2591 116 36 qui
1959 2591 215 36 laboratis
2124 2591 83 36 &
2157 2591 182 36 onerati
2272 2591 66 36 e-

1400 2622 149 53 stis,
1500 2622 83 53 &
1533 2622 116 53 ego
1599 2622 198 53 reficiam
1748 2622 132 53 vos.
1830 2622 132 53 unde
1913 2622 149 53 Augu.
2012 2622 182 53 Projice
2145 2622 99 53 te
2194 2622 99 53 in
2227 2622 116 53 Deum:

1401 2668 111 47 non
1465 2668 127 47 enim
1544 2668 111 47 ita
1608 2668 191 47 crudelis
1751 2668 127 47 est,
1830 2668 95 47 ut
1878 2668 95 47 se
1926 2668 191 47 eripiat,
2069 2668 79 47 &
2101 2668 95 47 te
2148 2668 159 47 cadere
2244 2668 95 47 per-

1392 2724 182 31 mittat.
1525 2724 182 31 Tertium
1658 2724 133 31 est,
1740 2724 99 31 ut
1790 2724 149 31 usque
1890 2724 99 31 ad
1939 2724 182 31 cacumen
2072 2724 166 31 scalae
2171 2724 166 31 ascenden

1398 2755 101 55 ti
1449 2755 151 55 manum
1549 2755 218 55 porrigat,
1717 2755 84 55 &
1751 2755 151 55 ipsum
1852 2755 235 55 suscipiat,
2037 2755 84 55 &
2070 2755 118 55 cum
2137 2755 202 55 tripudio
2272 2755 67 55 in

1391 2796 138 63 suam
1477 2796 190 63 gloriam
1615 2796 259 63 introducat.

1405 2885 155 70 PRima
1508 2885 173 70 igitur
1629 2885 155 70 dieta
1733 2885 121 70 est
1802 2885 242 70 contritio,
1992 2885 155 70 circa
2095 2885 138 70 quam
2182 2885 190 70 quatuor

1434 2930 128 41 sunt
1514 2930 192 41 notanda,
1658 2930 128 41 quid
1738 2930 112 41 sit
1802 2930 224 41 contritio,
1979 2930 128 41 quae
2059 2930 192 41 inducunt
2187 2930 144 41 contri-

1390 2983 165 36 tionem:
1510 2983 150 36 qualis
1615 2983 135 36 debet
1705 2983 120 36 esse
1780 2983 210 36 contritio,
1945 2983 75 36 &
1975 2983 120 36 quis
2050 2983 105 36 sit
2110 2983 180 36 effectus
2245 2983 120 36 con-

1397 3017 224 57 tritionis,
1573 3017 128 57 Quid
1654 3017 112 57 sit
1718 3017 224 57 contritio,
1894 3017 144 57 dolor
1990 3017 112 57 pro
2054 3017 192 57 peccatis
2199 3017 144 57 verus
2279 3017 48 57 &
