2470 4108
420 405 194 44 contrarium,
575 405 91 44 per
627 405 65 44 l
653 405 91 44 ff.
705 405 78 44 de
744 405 207 44 aleatoribus.
912 405 78 44 I.
951 405 104 44 fin.
1015 405 78 44 in
1054 405 104 44 fin.
1119 405 65 44 &
1145 405 78 44 in
1184 405 78 44 l.
1223 405 142 44 Graeca.
1313 405 39 44 a

411 446 166 45 learum
528 446 166 45 ludus.
644 446 133 45 quae
727 446 149 45 usque
827 446 100 45 ad
876 446 116 45 so.
943 446 149 45 annos
1042 446 266 45 repetitionem
1242 446 116 45 admit

410 481 132 56 tit.
492 481 148 56 Rayn.
591 481 132 56 vero
673 481 148 56 dist.
772 481 148 56 utrum
870 481 181 56 aliquis
1002 481 165 56 ludens
1117 481 263 56 voluntarius,
1315 481 49 56 &

418 533 94 54 ex
465 533 219 54 cupiditate
638 533 204 54 amiserit,
794 533 141 54 talis
888 533 110 54 non
951 533 157 54 potest
1060 533 204 54 repetere:
1217 533 78 54 &
1248 533 94 54 si
1280 533 78 54 lu-

417 568 183 58 cretur,
550 568 166 58 saltem
667 568 100 58 in
717 568 183 58 judicio
850 568 166 58 animae
966 568 183 58 tenetur
1099 568 250 58 restituere.
1282 568 67 58 Ve

411 621 194 47 coactus
553 621 194 47 invitus
694 621 88 47 &
729 621 247 47 attractus,
923 621 124 47 vel
994 621 194 47 propter
1135 621 177 47 nimiam
1241 621 124 47 impor

420 653 199 57 tunitatem
573 653 199 57 inductus:
726 653 76 57 &
756 653 92 57 si
802 653 138 57 talis
894 653 184 57 amittit,
1032 653 153 57 potest
1139 653 199 57 repetere,
1292 653 76 57 &
1307 653 61 57 si

423 707 217 47 lucretur,
590 707 117 47 non
657 707 183 47 tenetur
790 707 250 47 restituere,
990 707 167 47 potest
1106 707 150 47 tamen
1206 707 117 47 hoc
1273 707 83 47 &
1289 707 67 47 de

418 744 115 56 bet
483 744 231 56 pauperibus
665 744 198 56 erogare,
813 744 82 56 &
846 744 132 56 idem
929 744 148 56 dixit
1028 744 99 56 de
1077 744 148 56 illo,
1176 744 115 56 qui
1242 744 115 56 cum
1292 744 82 56 in-

418 787 158 54 firmus
529 787 158 54 esset,
640 787 142 54 causa
734 787 253 54 recreationis
940 787 174 54 modicum
1067 787 158 54 lusit,
1177 787 142 54 tamen
1256 787 111 54 alium

416 833 194 50 inritum
557 833 123 50 non
628 833 264 50 compulerit:
839 833 88 50 &
874 833 211 50 secundum
1033 833 141 50 hanc
1103 833 264 50 distinctionem

417 877 149 53 dixit
517 877 133 53 jura
600 877 83 53 &
633 877 215 53 opiniones
799 877 249 53 supradictas
997 877 149 53 posse
1097 877 99 53 ad
1130 877 232 53 consonantias

425 918 141 53 reduci.
528 918 64 53 &
554 918 103 53 arg.
618 918 77 53 ad
657 918 103 53 hanc
721 918 116 53 dist.
798 918 64 53 1
824 918 77 53 3.
862 918 77 53 q.
901 918 77 53 5.
940 918 90 53 non
991 918 116 53 sane.
1068 918 103 53 sup.
1133 918 77 53 de
1171 918 116 53 fino.
1236 918 141 53 dilectus.

428 962 70 62 f.
463 962 70 62 si
498 962 116 62 quadru
580 962 105 62 poen.
649 962 81 62 se.
696 962 93 62 dic.
754 962 93 62 l.1.
812 962 70 62 ยง.
847 962 81 62 cum
894 962 140 62 artetes.
999 962 70 62 C.
1034 962 81 62 ad.
1080 962 70 62 l.
1115 962 93 62 lul.
1173 962 70 62 de
1208 962 70 62 vi
1243 962 93 62 vub.
1301 962 93 62 quo-

431 1015 94 49 uam
484 1015 94 49 ff.
538 1015 81 49 ad
578 1015 81 49 I.
619 1015 134 49 Aquil.
713 1015 81 49 si
753 1015 81 49 ex
793 1015 148 49 plagis.
901 1015 81 49 ยง.
941 1015 215 49 tabernarius.
1116 1015 94 49 Nec
1169 1015 121 49 obst.
1250 1015 81 49 si
1277 1015 94 49 dicat

420 1047 169 55 lusor,
538 1047 135 55 quod
623 1047 118 55 non
691 1047 152 55 fecit
792 1047 203 55 injuriam
944 1047 203 55 proximo.
1096 1047 118 55 qui
1147 1047 220 55 voluntarius

430 1093 158 59 lusit.
541 1093 111 59 nam
604 1093 79 59 &
636 1093 174 59 invitus
763 1093 79 59 &
795 1093 158 59 volens
906 1093 174 59 amisit.
1032 1093 79 59 &
1064 1093 127 59 iste
1143 1093 143 59 ludus
1222 1093 143 59 prohibi

419 1140 102 55 tus
478 1140 102 55 est
536 1140 102 55 per
595 1140 88 55 l.
639 1140 73 55 &
668 1140 146 55 contra
771 1140 117 55 Deum
844 1140 117 55 est,
917 1140 117 55 ergo
990 1140 176 55 illicite
1122 1140 220 55 acquisivit:
1298 1140 73 55 &
1312 1140 59 55 id

423 1181 91 53 eo
468 1181 91 53 ex
513 1181 121 53 tali
589 1181 151 53 titulo
695 1181 242 53 praescribere
891 1181 106 53 non
951 1181 181 53 poterit.
1087 1181 121 53 arg.
1163 1181 136 53 supra
1253 1181 91 53 de
1283 1181 91 53 prae

419 1237 165 51 script.
539 1237 90 51 c.
584 1237 120 51 fin.
659 1237 180 51 injustus
793 1237 120 51 enim
868 1237 165 51 titulus
988 1237 75 51 &
1018 1237 195 51 illicitus
1167 1237 105 51 pro
1227 1237 105 51 non
1272 1237 90 51 titu

427 1266 82 57 lo
468 1266 96 57 est
523 1266 164 57 habendus
646 1266 96 57 ff.
701 1266 82 57 de
742 1266 137 57 petit.
837 1266 150 57 haered.
946 1266 96 57 nec
1001 1266 137 57 ullam.
1097 1266 82 57 C.
1138 1266 82 57 de
1179 1266 123 57 agri.
1261 1266 68 57 &
1274 1266 96 57 censi

423 1323 254 54 quemadmodum
626 1323 135 54 lib.
711 1323 118 54 ii.
778 1323 203 54 secundum
930 1323 152 54 Rayn.
1032 1323 118 54 Sed
1099 1323 85 54 &
1133 1323 135 54 sunt
1201 1323 169 54 personae

427 1364 158 55 quibus
538 1364 110 55 est
601 1364 237 55 indistincte
790 1364 268 55 restituendum,
1011 1364 189 55 quicquid
1153 1364 95 55 ab
1200 1364 110 55 eis
1264 1364 95 55 in
1295 1364 79 55 lu-

430 1400 97 59 do
478 1400 194 59 lucratum
624 1400 129 59 sire
705 1400 194 59 extortum
850 1400 129 59 est,
931 1400 129 59 puta
1012 1400 194 59 furiosi,
1158 1400 194 59 prodigi,
1287 1400 81 59 mi-

423 1444 154 55 nores
526 1444 103 55 25
577 1444 137 55 ann.
662 1444 86 55 &
697 1444 171 55 maxime
816 1444 205 55 pupilli.
970 1444 137 55 Item
1056 1444 154 55 mente
1159 1444 171 55 capti,
1261 1444 103 55 muti

418 1491 170 47 caeci,
537 1491 85 47 &
571 1491 153 47 morbo
672 1491 204 47 perpetuo
825 1491 254 47 laborantes,
1029 1491 170 47 quibus
1147 1491 187 47 tutores
1283 1491 85 47 &
1300 1491 68 47 cu

424 1527 181 58 ratores
555 1527 148 58 dandi
654 1527 148 58 sunt:
753 1527 82 58 &
786 1527 115 58 sic
851 1527 115 58 per
917 1527 99 58 se
967 1527 148 58 etiam
1065 1527 181 58 propria
1197 1527 115 58 non
1246 1527 132 58 libere

433 1575 218 51 administrant.
612 1575 90 51 ff.
664 1575 77 51 de
702 1575 141 51 postul.
804 1575 102 51 l.1.
868 1575 77 51 in
907 1575 102 51 fin.
971 1575 64 51 &
996 1575 77 51 l.
1035 1575 77 51 2.
1073 1575 141 51 Instit.
1175 1575 77 51 de
1214 1575 154 51 curator.
1316 1575 64 51 re-

424 1619 144 63 pons.
520 1619 96 63 1.
568 1619 80 63 &
601 1619 193 63 sequens.
745 1619 128 63 Item
825 1619 96 63 de
873 1619 193 63 monachis
1018 1619 80 63 &
1050 1619 289 63 claustralibus.
1275 1619 96 63 arg.

429 1673 85 42 1.
471 1673 99 42 qu.
528 1673 85 42 1.
571 1673 128 42 nolo.
656 1673 71 42 &
684 1673 85 42 c.
726 1673 99 42 non
783 1673 170 42 dicatis.
911 1673 128 42 supra
996 1673 85 42 de
1038 1673 113 42 stau
1109 1673 156 42 monach.
1222 1673 99 42 cum
1279 1673 85 42 ad
1307 1673 57 42 mo

424 1703 223 51 nasterium.
599 1703 127 51 Idem
679 1703 96 51 in
727 1703 143 51 uxore
822 1703 175 51 ludente
950 1703 112 51 res
1014 1703 175 51 mariti,
1141 1703 80 51 &
1173 1703 96 51 in
1205 1703 159 51 filiofam

424 1747 182 49 ludente
557 1747 116 49 res
623 1747 216 49 paternas:
789 1747 83 49 &
823 1747 100 49 in
872 1747 299 49 administratore
1121 1747 149 49 rerum
1204 1747 166 49 ecclesic

428 1790 176 50 ludente
556 1790 112 50 res
620 1790 224 50 ecclesiae,
797 1790 128 50 quae
877 1790 192 50 pauperum
1021 1790 144 50 sunt:
1117 1790 96 50 in
1166 1790 160 50 quibus
1262 1790 112 50 casi-

428 1831 104 60 bus
487 1831 163 60 tutori,
606 1831 104 60 vel
665 1831 193 60 curatori,
814 1831 163 60 abbati,
932 1831 163 60 marito,
1051 1831 148 60 patri,
1155 1831 74 60 &
1184 1831 193 60 ecclesiae
1318 1831 59 60 &-

433 1891 111 48 rit
497 1891 222 48 restitutio
671 1891 206 48 facienda,
830 1891 175 48 secund.
957 1891 143 48 Rayn.
1052 1891 143 48 super
1148 1891 111 48 quo
1211 1891 127 48 ride
1275 1891 95 48 quoc

430 1932 100 47 not
487 1932 129 47 infra
573 1932 115 47 eod.
645 1932 100 47 sub
702 1932 72 47 ยง
731 1932 115 47 quid
802 1932 86 47 de
845 1932 215 47 facientibus
1017 1932 229 47 eleemosynam.
1203 1932 72 47 &
1232 1932 115 47 sup.
1289 1932 72 47 eo-

430 1966 94 60 ยง.
477 1966 125 60 quid
555 1966 94 60 de
602 1966 219 60 praelatis.
774 1966 125 60 Dic,
852 1966 125 60 quod
930 1966 156 60 semper
1039 1966 172 60 standum
1164 1966 109 60 est
1227 1966 109 60 ei,
1289 1966 125 60 quod

429 2020 114 47 not.
500 2020 128 47 supra
586 2020 114 47 eod.
657 2020 86 47 ยง.
700 2020 100 47 sed
757 2020 200 47 quaecunque
914 2020 100 47 sit
971 2020 185 47 intentio.
1113 2020 114 47 quia
1185 2020 86 47 ex
1227 2020 100 47 quo
1270 2020 100 47 ludus

431 2051 232 56 illicitus,
613 2051 83 56 &
646 2051 232 56 reprobatus
828 2051 132 56 est,
911 2051 132 56 bono
994 2051 149 56 animo
1093 2051 149 56 fieri
1192 2051 116 56 non
1242 2051 132 56 potest

437 2108 96 46 arg.
497 2108 84 46 ff.
545 2108 72 46 de
581 2108 108 46 furt.
653 2108 72 46 in
689 2108 108 46 furti
761 2108 132 46 accusa.
857 2108 72 46 in
893 2108 96 46 fin.
952 2108 108 46 infra
1024 2108 72 46 de
1060 2108 96 46 reg.
1120 2108 96 46 iur.
1180 2108 132 46 estote.
1276 2108 72 46 si
1300 2108 72 46 erge

430 2151 147 44 dicat
528 2151 131 44 quis
609 2151 131 44 quod
691 2151 114 44 hoc
756 2151 163 44 faciat
870 2151 131 44 bona
952 2151 245 44 intentione,
1148 2151 114 44 vel
1213 2151 147 44 causa
1294 2151 82 44 re-

430 2196 240 44 creationis:
622 2196 112 44 aut
686 2196 144 44 ludat
782 2196 128 44 sine
862 2196 192 44 denariis
1005 2196 96 44 ex
1053 2196 112 44 quo
1117 2196 144 44 ludit
1213 2196 96 44 ad
1261 2196 144 44 aleas

439 2236 112 52 vel
503 2236 208 52 taxillos,
663 2236 192 52 accipiat
807 2236 128 52 unum
887 2236 144 52 ludum
982 2236 96 52 de
1030 2236 240 52 approbatis,
1222 2236 96 52 si
1270 2236 144 52 velit

429 2270 171 52 facere
548 2270 256 52 sponsionem,
753 2270 205 52 alioquin
906 2270 102 52 ad
958 2270 154 52 minus
1060 2270 102 52 in
1111 2270 188 52 judicio
1231 2270 136 52 conten

440 2316 154 47 tioso,
548 2316 216 47 nullatenus
717 2316 154 47 credam
825 2316 108 47 ei,
887 2316 123 47 quin
964 2316 93 47 ex
1010 2316 216 47 cupiditate
1180 2316 108 47 hoc
1241 2316 170 47 faciat:

440 2365 119 52 quia
515 2365 149 52 semper
619 2365 104 52 pro
679 2365 149 52 majori
783 2365 134 52 parte
873 2365 104 52 sic
932 2365 134 52 fieri
1022 2365 209 52 consuevit:
1186 2365 134 52 argu.
1276 2365 104 52 ff.
1320 2365 60 52 de

439 2404 103 55 legi
503 2404 90 55 nam
555 2404 77 55 ad
593 2404 77 55 ea
632 2404 116 55 supra
709 2404 77 55 de
747 2404 116 55 deci.
825 2404 77 55 c.
863 2404 77 55 1.
902 2404 64 55 &
927 2404 77 55 de
966 2404 128 55 censi.
1056 2404 77 55 ea
1094 2404 90 55 te.
1146 2404 64 55 &
1171 2404 77 55 c.
1210 2404 77 55 ex
1249 2404 128 55 parte.
1326 2404 51 55 Si

448 2444 141 54 autem
542 2444 110 54 vis
605 2444 157 54 scire,
715 2444 125 54 quae
793 2444 78 54 &
824 2444 125 54 quot
903 2444 172 54 peccata
1028 2444 141 54 circa
1122 2444 141 54 ludum
1216 2444 188 54 illicit:

438 2485 284 54 committantur,
672 2485 83 54 &
705 2485 134 54 quis
789 2485 150 54 ludus
889 2485 184 54 dicatur
1022 2485 200 54 licitus,
1173 2485 117 54 dic
1239 2485 100 54 ut
1273 2485 100 54 plen

442 2533 104 57 not.
507 2533 117 57 supra
585 2533 78 57 de
624 2533 130 57 exces.
716 2533 156 57 praelat.
833 2533 78 57 ยง.
872 2533 156 57 qualiter
989 2533 169 57 excedant.
1119 2533 91 57 sub
1172 2533 78 57 ยง.
1211 2533 143 57 clerici
1302 2533 78 57 vero

450 2580 138 63 ttiam
542 2580 92 63 ad
587 2580 153 63 ludum.
695 2580 107 63 per
741 2580 122 63 totum.

468 2660 125 55 Uid
539 2660 107 55 de
593 2660 338 55 negotiatoribus.
878 2660 125 55 Hic
949 2660 231 55 notandum,
1127 2660 142 55 quod
1216 2660 196 55 quaedan

461 2710 77 60 .
491 2710 123 60 sunt
568 2710 169 60 negotia
691 2710 92 60 in
737 2710 107 60 se,
798 2710 77 60 &
829 2710 92 60 ex
875 2710 154 60 natura
983 2710 107 60 sui
1044 2710 200 60 illicita,
1198 2710 138 60 sicut
1275 2710 107 60 usura

442 2748 190 55 simonia,
585 2748 254 55 meretricium,
791 2748 79 55 &
823 2748 190 55 similia,
966 2748 127 55 quae
1045 2748 127 55 sine
1124 2748 174 55 mortali
1235 2748 143 55 peccatc

445 2802 203 41 committi
598 2802 119 41 non
665 2802 203 41 possunt,
818 2802 85 41 &
852 2802 136 41 haec
936 2802 119 41 non
1004 2802 153 41 solum
1106 2802 220 41 clericis,
1275 2802 119 41 sed
1326 2802 51 41 &

452 2842 176 48 laicis,
580 2842 80 48 &
612 2842 176 48 cunctis
740 2842 208 48 hominibus
900 2842 128 48 sunt
980 2842 176 48 penitus
1108 2842 240 48 interdicta,
1300 2842 80 48 &
1316 2842 64 48 o-

441 2884 123 46 mnes
517 2884 230 46 obligantur,
701 2884 92 46 ex
747 2884 107 46 quo
809 2884 123 46 doli
885 2884 123 46 sunt
962 2884 184 46 capaces.
1100 2884 107 46 14.
1161 2884 107 46 qu.
1222 2884 92 46 4.
1268 2884 107 46 nec
1314 2884 77 46 hoc

446 2940 140 46 quoque.
548 2940 77 46 1.
587 2940 77 46 q.
625 2940 64 46 1
650 2940 204 46 reperiuntur.
816 2940 89 46 88.
867 2940 115 46 dist.
944 2940 179 46 fornicari.
1084 2940 115 46 supra
1160 2940 77 46 de
1199 2940 140 46 delict.
1288 2940 89 46 puere

445 2981 82 49 c.
486 2981 82 49 1.
528 2981 123 49 supr.
610 2981 82 49 de
651 2981 164 49 iurejur.
774 2981 69 49 &
802 2981 82 49 si
843 2981 164 49 Christus
966 2981 82 49 ยง.
1007 2981 164 49 quaedam.
1130 2981 110 49 Alia
1199 2981 110 49 sunt
1254 2981 123 49 negotia

458 3017 135 52 quae
542 3017 101 52 ex
593 3017 169 52 natura
711 3017 118 52 sui
778 3017 118 52 non
846 3017 135 52 sunt
930 3017 236 52 inhonesta,
1115 3017 118 52 sed
1183 3017 101 52 ex
1216 3017 169 52 adjuncta

444 3069 167 46 causa,
561 3069 134 46 puta
645 3069 100 46 ex
695 3069 201 46 persona,
846 3069 100 46 ex
896 3069 151 46 loco,
997 3069 100 46 ex
1047 3069 201 46 tempore,
1198 3069 100 46 ex
1231 3069 151 46 injusto

458 3105 223 50 exercitio,
633 3105 80 50 &
665 3105 239 50 fraudulenta
857 3105 239 50 intentione,
1048 3105 96 50 ut
1096 3105 207 50 venditio,
1239 3105 144 50 locatio

449 3150 80 45 &
481 3150 176 45 similes
609 3150 240 45 contractus,
801 3150 80 45 &
833 3150 144 45 etiam
929 3150 144 45 quasi
1025 3150 240 45 contractus,
1217 3150 96 45 ut
1249 3150 128 45 tutela

443 3195 140 53 cura
531 3195 245 53 negotiorum
724 3195 228 53 gestorum,
899 3195 88 53 &
934 3195 210 53 similes,
1091 3195 105 53 in
1144 3195 123 53 quo
1214 3195 175 53 membro
1319 3195 70 53 ad

446 3234 139 48 omnia
538 3234 216 48 mechanica,
708 3234 139 48 sicut
801 3234 124 48 sunt
878 3234 139 48 artes
971 3234 216 48 textoriae,
1141 3234 201 48 sutoriae,
1296 3234 77 48 &
1311 3234 62 48 si

436 3283 155 41 miles
539 3283 242 41 includunt.
729 3283 138 41 Haec
815 3283 104 41 ex
867 3283 190 41 persona
1005 3283 224 41 inhonesta
1178 3283 138 41 sunt
1247 3283 138 41 cleri-

411 3333 104 49 4.
463 3333 138 49 eis.
549 3333 242 49 Apostolus:
740 3333 138 49 Nemo
826 3333 208 49 militans
982 3333 156 49 Deo,a
1086 3333 208 49 implicat
1242 3333 104 49 se
1276 3333 104 49 nego

450 3365 135 67 tiis
535 3365 270 67 secularibus.
754 3365 152 67 Psal.
855 3365 186 67 Quoniam
991 3365 118 67 non
1058 3365 186 67 cognovi
1176 3365 203 67 negotiatio

453 3412 120 43 nes.
528 3412 135 43 sicut
618 3412 135 43 habet
708 3412 105 43 una
768 3412 165 43 litera,
888 3412 120 43 alia
963 3412 135 43 habet
1053 3412 240 43 literaturam,
1233 3412 150 43 untroibo

445 3451 97 48 in
493 3451 209 48 potentias
654 3451 177 48 Domini:
783 3451 193 48 secundum
928 3451 113 48 hoc
992 3451 225 48 intellige.
1170 3451 129 48 sup.
1250 3451 97 48 ne
1282 3451 97 48 cler

456 3494 86 51 vel
505 3494 86 51 mon
554 3494 74 51 c.
592 3494 74 51 1.
629 3494 124 51 laicis
715 3494 111 51 autem
789 3494 124 51 licita
876 3494 111 51 sunt.
950 3494 86 51 &6.
999 3494 111 51 dist.
1073 3494 161 51 pervenit.
1197 3494 86 51 88.
1246 3494 111 51 dist.
1308 3494 74 51 for.

446 3542 173 52 nicari.
572 3542 126 52 sunt
651 3542 142 52 tamen
745 3542 157 52 casus,
856 3542 94 52 in
903 3542 157 52 quibus
1013 3542 126 52 haec
1092 3542 205 52 secularia
1234 3542 157 52 negotia,

447 3588 141 39 etiam
541 3588 188 39 clericis
682 3588 125 39 sunt
760 3588 203 39 concessa.
917 3588 156 39 Primus
1026 3588 110 39 est
1089 3588 94 39 in
1136 3588 172 39 clerico
1245 3588 141 39 habente

453 3622 263 54 jurisdictionem
673 3622 278 54 ecclesiasticam,
907 3622 117 54 sive
980 3622 220 54 temporalem.
1156 3622 102 54 11.
1214 3622 102 54 qu.
1273 3622 88 54 1.
1317 3622 88 54 c.
1346 3622 44 54 1

450 3662 73 51 &
480 3662 73 51 2
509 3662 73 51 &
538 3662 87 51 c.
581 3662 247 51 experientiae.
785 3662 102 51 89.
843 3662 131 51 dist.
930 3662 203 51 judicatum.
1090 3662 189 51 Secundus,
1235 3662 102 51 ubi
1293 3662 131 51 judex

450 3709 201 46 secularis
604 3709 201 46 negligens
759 3709 108 46 est
820 3709 139 46 circa
913 3709 201 46 justitiam
1068 3709 185 46 reddenda
1207 3709 139 46 inter
1299 3709 124 46 sub-

441 3741 176 60 ditos.
565 3741 158 60 talem
670 3741 141 60 enim
758 3741 176 60 potest
881 3741 299 60 excommunicare
1110 3741 281 60 ecclesiasticus

1403 389 164 59 Judex,
1517 389 197 59 quousque
1665 389 213 59 iustitiam
1829 389 164 59 facit,
1944 389 115 59 vel
2009 389 197 59 defectum
2157 389 164 59 ipsius
2255 389 82 59 sup

1402 445 128 50 plere.
1492 445 89 50 24.
1543 445 77 50 q.
1581 445 77 50 5.
1619 445 255 50 administratores.
1836 445 115 50 supr.
1913 445 77 50 de
1951 445 102 50 for.
2015 445 115 50 comp.
2091 445 128 50 licet.
2181 445 64 50 &
2206 445 64 50 c
2232 445 77 50 ex
2257 445 77 50 tens

1399 484 109 42 re.
1462 484 171 42 excepta
1586 484 202 42 sanguinis
1741 484 202 42 vindicta,
1896 484 124 42 quae
1974 484 109 42 est
2036 484 171 42 clerico
2160 484 171 42 penitus
2268 484 78 42 in-

1403 524 191 47 terdicta.
1551 524 133 47 supr.
1639 524 88 47 ne
1683 524 133 47 cler.
1772 524 103 47 vel
1830 524 103 47 non
1889 524 221 47 sententiam.
2066 524 177 47 Tertius,
2199 524 147 47 quando
2287 524 59 47 a-

1400 571 163 56 gatur
1509 571 109 56 de
1563 571 181 56 tutela
1690 571 290 56 miserabilium
1925 571 272 56 personarum,
2143 571 145 56 quam
2215 571 127 56 etiam

1411 614 166 45 monachus
1536 614 152 45 tenetur
1646 614 194 45 suscipere.
1799 614 97 45 &6.
1854 614 125 45 dist.
1937 614 180 45 pervenit.
2075 614 97 45 87.
2131 614 125 45 dist.
2214 614 97 45 per
2255 614 97 45 toti.

1397 665 96 52 18.
1452 665 123 52 dist.
1534 665 82 52 c.
1575 665 82 52 1.
1616 665 68 52 &
1643 665 82 52 c.
1684 665 177 52 episcopus
1821 665 246 52 gubernationem.
2025 665 68 52 &
2053 665 123 52 licet
2135 665 137 52 laicus
2230 665 150 52 cogatur

1408 708 189 39 recipere
1550 708 173 39 tutelam
1676 708 173 39 illius,
1801 708 110 39 cui
1864 708 94 39 ab
1912 708 204 39 intestato
2069 708 204 39 succedere
2226 708 157 39 debet.

1417 744 148 58 instit.
1524 744 80 58 de
1564 744 134 58 legit.
1658 744 148 58 patron.
1765 744 94 58 tu.
1819 744 80 58 in
1859 744 161 58 clerico.
1980 744 121 58 secus
2060 744 107 58 est,
2127 744 94 58 qui
2181 744 161 58 succedit
2288 744 54 58 ab

1404 788 207 45 intestato,
1567 788 104 45 nec
1626 788 178 45 recipere
1759 788 178 45 cogitur.
1892 788 104 45 86.
1952 788 163 45 distin.
2070 788 192 45 pervenit.
2218 788 104 45 Sed
2262 788 89 45 nun-

1418 833 144 57 juid
1508 833 144 57 quod
1597 833 161 57 supra
1705 833 144 57 dixi
1795 833 215 57 monachum
1956 833 215 57 cogendum
2118 833 215 57 recipere
2261 833 90 57 tu-

1412 885 158 38 telam
1518 885 282 38 miserabilium
1747 885 264 38 personarum,
1958 885 194 38 indist.
2099 885 158 38 verum
2205 885 141 38 esse
2275 885 88 38 non

1404 920 200 43 videtur,
1554 920 133 43 quia
1638 920 117 43 nec
1705 920 234 43 episcopus,
1888 920 117 43 nec
1955 920 200 43 monachus
2105 920 167 43 debent
2205 920 150 43 tutelam

1420 964 144 55 terere,
1525 964 79 55 in
1564 964 118 55 auth.
1643 964 79 55 de
1682 964 131 55 sanct.
1774 964 131 55 episc.
1866 964 118 55 supr.
1945 964 92 55 Deo
1998 964 184 55 antabiles.
2142 964 105 55 col.
2208 964 79 55 9.
2247 964 92 55 Sed
2286 964 66 55 ill

1416 1012 122 46 egi
1485 1012 227 46 derogatum
1660 1012 122 46 est
1730 1012 122 46 per
1800 1012 192 46 canones
1940 1012 157 46 supra
2045 1012 192 46 dictos:
2185 1012 122 46 hoc
2238 1012 122 46 tamen

1414 1054 196 53 adiecto,
1561 1054 131 53 quod
1642 1054 98 53 in
1691 1054 179 53 monacho
1822 1054 114 53 est
1887 1054 179 53 abbatis
2017 1054 228 53 authoritas
2181 1054 179 53 requiren-

1409 1093 106 54 da.
1469 1093 136 54 argu.
1560 1093 106 54 16.
1620 1093 91 54 q.
1666 1093 76 54 1
1696 1093 181 54 monachi.
1832 1093 106 54 Vel
1893 1093 121 54 dic,
1968 1093 121 54 quod
2044 1093 287 54 testamentariam,
2285 1093 106 54 vel

1405 1137 189 56 dativam
1542 1137 189 56 tutelam
1680 1137 155 56 nullo
1783 1137 138 56 modo
1869 1137 189 56 possunt
2007 1137 224 56 recipere,
2179 1137 86 56 &
2213 1137 120 56 sic
2265 1137 86 56 po-

1411 1189 105 54 test
1476 1189 170 54 intelligi
1607 1189 65 54 &
1634 1189 118 54 dist.
1712 1189 79 54 c.
1751 1189 105 54 fin.
1817 1189 79 54 16
1856 1189 79 54 q.
1896 1189 65 54 1
1922 1189 210 54 generaliter.
2092 1189 92 54 21.
2144 1189 79 54 q.
2184 1189 65 54 3
2210 1189 170 54 Cprianus.
2328 1189 39 54 &

1413 1226 133 53 quod
1496 1226 166 53 dictum
1613 1226 116 53 est
1679 1226 100 53 de
1729 1226 216 53 monachis,
1895 1226 133 53 idem
1978 1226 216 53 intelligi
2144 1226 149 53 debet
2244 1226 100 53 de
2277 1226 83 53 ca-

1412 1268 168 57 nonicis
1534 1268 229 57 regularibus
1717 1268 76 57 &
1748 1268 137 57 aliis
1839 1268 229 57 religiosis:
2022 1268 137 57 argu.
2114 1268 137 57 supra
2205 1268 92 57 de
2236 1268 122 57 postul

1417 1310 78 60 ex
1456 1310 117 60 parte
1534 1310 91 60 eo.
1586 1310 117 60 infra
1664 1310 91 60 tit
1716 1310 78 60 1.
1755 1310 91 60 cum
1807 1310 156 60 illorum.
1925 1310 78 60 ยง.
1964 1310 78 60 1.
2003 1310 78 60 2.
2042 1310 65 60 &
2068 1310 78 60 3.
2107 1310 143 60 Quartus
2211 1310 104 60 est,
2263 1310 91 60 quan-

1409 1352 88 55 do
1453 1352 176 55 clericus
1586 1352 176 55 indiget,
1718 1352 103 55 nec
1777 1352 132 55 habet
1865 1352 132 55 alias
1953 1352 118 55 unde
2026 1352 147 55 vivat.
2129 1352 132 55 argu.
2217 1352 103 55 86.
2261 1352 103 55 dist.

1412 1406 174 49 pervenit.
1545 1406 107 49 ibi,
1612 1406 174 49 avaritiae
1746 1406 120 49 causa
1826 1406 200 49 suscipiunt.
1986 1406 94 49 91.
2039 1406 120 49 dist.
2120 1406 174 49 clericus.
2240 1406 120 49 caetera

1412 1453 123 52 quae
1489 1453 139 52 circa
1581 1453 123 52 hanc
1658 1453 185 52 materiam
1797 1453 216 52 deficiunt,
1966 1453 185 52 require,
2105 1453 139 52 supra
2197 1453 92 52 ne
2228 1453 123 52 cleric

1414 1492 112 55 vel
1478 1492 143 55 mona.
1573 1492 112 55 per
1637 1492 159 55 totum.
1749 1492 112 55 ubi
1812 1492 223 55 plenissime
1988 1492 223 55 expeditur.
2163 1492 96 55 Ex
2211 1492 112 55 hoc
2258 1492 96 55 loco

1413 1530 132 49 vero
1496 1530 132 49 hoec
1579 1530 215 49 inhonesta
1744 1530 215 49 dicuntur,
1909 1530 165 49 quando
2025 1530 99 49 in
2074 1530 215 49 lupanari,
2239 1530 116 49 vel
2289 1530 66 49 a-

1413 1573 106 46 lio
1474 1573 121 46 vili
1549 1573 137 46 loco,
1641 1573 121 46 haec
1716 1573 228 46 exercentur.
1899 1573 106 46 nam
1959 1573 76 46 &
1990 1573 91 46 in
2035 1573 167 46 talibus
2157 1573 182 46 latebris
2278 1573 76 46 so-

1411 1613 125 62 lent
1489 1613 187 62 committi
1630 1613 218 62 adulteria,
1801 1613 78 62 &
1833 1613 172 62 nutriri
1957 1613 218 62 haereticae
2129 1613 234 62 pravitates.
2301 1613 62 62 ad

1422 1660 91 52 haec
1479 1660 80 52 ff.
1524 1660 68 52 de
1558 1660 102 52 iust.
1627 1660 57 52 &
1649 1660 91 52 iur.
1706 1660 68 52 I.
1740 1660 91 52 pen.
1797 1660 80 52 ff.
1843 1660 68 52 de
1877 1660 80 52 arb
1922 1660 68 52 si
1957 1660 80 52 cum
2002 1660 102 52 dies.
2070 1660 68 52 ยง.
2105 1660 68 52 si
2139 1660 137 52 arbiter.
2241 1660 80 52 86.
2275 1660 80 52 dist.

1412 1708 75 54 in
1449 1708 149 54 omnibus.
1561 1708 87 54 22.
1611 1708 100 54 q.1.
1673 1708 75 54 si
1710 1708 100 54 quis
1772 1708 124 54 sacro.
1859 1708 87 54 35.
1909 1708 75 54 q.
1946 1708 75 54 6.
1984 1708 75 54 ab
2021 1708 112 54 isto.
2096 1708 87 54 nec
2146 1708 112 54 obst.
2220 1708 100 54 quod
2270 1708 87 54 dicit

1416 1748 117 46 Amb
1483 1748 134 46 sci.
1567 1748 134 46 quod
1650 1748 217 46 lupanaria
1817 1748 117 46 non
1884 1748 201 46 infamant
2035 1748 251 46 castitatem,
2235 1748 117 46 sed
2285 1748 67 46 ca

1423 1791 144 44 stitas
1523 1791 130 44 etiam
1610 1791 115 44 loci
1682 1791 144 44 abolet
1782 1791 187 44 infamiam.
1926 1791 101 44 32.
1984 1791 101 44 qu.
2041 1791 86 44 5.
2085 1791 245 44 tolerabilius.
2272 1791 86 44 quia

1413 1835 149 45 illud
1513 1835 149 45 verum
1613 1835 100 45 de
1663 1835 183 45 infamia
1795 1835 166 45 juris,
1912 1835 149 45 porro
2011 1835 166 45 semper
2128 1835 183 45 remanet
2244 1835 116 45 infa-

1414 1890 112 50 mia
1478 1890 159 50 facti,
1589 1890 112 50 seu
1653 1890 207 50 suspicio,
1812 1890 127 50 quae
1892 1890 159 50 saltem
2004 1890 175 50 propter
2131 1890 175 50 aliorum
2242 1890 112 50 scan-

1419 1923 126 45 dalum
1503 1923 98 45 est
1559 1923 168 45 titanda.
1685 1923 112 45 sup.
1755 1923 84 45 de
1797 1923 98 45 no.
1853 1923 126 45 ober.
1938 1923 126 45 nunc.
2022 1923 98 45 cum
2078 1923 84 45 ex
2120 1923 182 45 injuncto.
2260 1923 84 45 ยง.
2288 1923 70 45 pen

1411 1962 118 56 Sed
1478 1962 84 56 &
1512 1962 185 56 ratione
1647 1962 135 56 loci
1731 1962 219 56 inhonesta
1899 1962 118 56 est
1966 1962 236 56 negotiatio
2151 1962 101 56 in
2185 1962 185 56 ecclesia:

1416 2019 149 46 unde
1509 2019 204 46 Dominus
1658 2019 204 46 ementes
1807 2019 93 46 &
1844 2019 242 46 vendentes
2030 2019 186 46 ejecit
2160 2019 111 46 de
2197 2019 167 46 templo.

1412 2064 123 49 quod
1488 2064 138 49 Orig.
1580 2064 215 49 diligenter
1749 2064 184 49 exponit,
1887 2064 138 49 sicut
1979 2064 169 49 legitur
2102 2064 107 49 16.
2164 2064 107 49 qu.
2225 2064 92 49 7.
2271 2064 77 49 &
2286 2064 77 49 hac

1414 2108 195 39 aiximus,
1560 2108 98 39 in
1609 2108 114 39 qua
1674 2108 147 39 etiam
1772 2108 114 39 non
1837 2108 130 39 sunt
1918 2108 179 39 placita
2049 2108 212 39 secularia
2195 2108 163 39 exercen-

1423 2140 102 56 sa.
1481 2140 131 56 supr.
1568 2140 87 56 de
1611 2140 145 56 immun.
1713 2140 131 56 eccl.
1800 2140 87 56 c.
1843 2140 87 56 1.
1887 2140 73 56 &
1916 2140 116 56 quae
1988 2140 131 56 circa
2075 2140 102 56 hoc
2133 2140 160 56 membrum
2235 2140 131 56 defici-

1407 2188 134 46 unt,
1491 2188 168 46 ibidem
1608 2188 101 46 in
1659 2188 151 46 summa
1759 2188 201 46 invenies
1910 2188 184 46 plenius
2044 2188 184 46 notata.
2179 2188 101 46 Ex
2212 2188 151 46 tempore

1417 2227 147 47 etiam
1515 2227 196 47 dicuntur
1662 2227 229 47 inhonesta,
1842 2227 229 47 praesertim
2022 2227 180 47 judicia
2153 2227 98 47 si
2186 2227 180 47 exercean-

1420 2283 102 50 tur
1479 2283 87 50 in
1522 2283 189 50 tenebris,
1667 2283 116 50 quia
1740 2283 102 50 qui
1798 2283 116 50 male
1870 2283 131 50 agit,
1958 2283 116 50 odit
2030 2283 145 50 lucem.
2132 2283 131 50 supr.
2219 2283 87 50 de
2248 2283 116 50 offic.

1419 2316 139 47 leleg.
1517 2316 195 47 consuluit.
1670 2316 112 47 quod
1740 2316 112 47 dic,
1809 2316 84 47 ut
1851 2316 125 47 plene
1935 2316 112 47 not.
2005 2316 125 47 supr.
2088 2316 84 47 de
2130 2316 112 47 iud.
2200 2316 70 47 ยง
2214 2316 153 47 qualiter.

1416 2361 80 44 &
1448 2361 177 44 quando.
1577 2361 129 44 Item
1657 2361 96 44 ex
1705 2361 177 44 tempore
1834 2361 209 44 feriarum:
1994 2361 129 44 quod
2075 2361 129 44 dic,
2155 2361 96 44 ut
2203 2361 145 44 plene
2284 2361 80 44 no-

1406 2412 134 46 supr.
1495 2412 89 46 de
1540 2412 119 46 ser.
1614 2412 74 46 ยง
1644 2412 119 46 quid
1718 2412 119 46 non.
1793 2412 89 46 Ex
1837 2412 164 46 iniusto
1956 2412 134 46 autem
2046 2412 208 46 exercitio,
2209 2412 104 46 seu
2254 2412 104 46 frau-

1411 2453 188 54 dulenta
1548 2453 256 54 intentione,
1752 2453 222 54 inhonesta
1923 2453 222 54 dicuntur,
2094 2453 171 54 quando
2213 2453 154 54 fraus
2299 2453 68 54 in

1414 2492 144 53 ipsis
1510 2492 255 53 committitur,
1717 2492 112 53 vel
1781 2492 144 53 ultra
1877 2492 175 53 iustum,
2004 2492 80 53 &
2036 2492 207 53 illicitum
2196 2492 144 53 modum
2291 2492 112 53 ex-

1425 2545 200 52 torquetur,
1582 2545 114 52 quod
1654 2545 100 52 dic
1711 2545 86 52 ut
1754 2545 114 52 not.
1825 2545 114 52 sup.
1897 2545 86 52 de
1940 2545 172 52 contrah.
2069 2545 114 52 emp.
2140 2545 86 52 ยง.
2183 2545 172 52 qualiter
2297 2545 72 52 re-

1415 2574 175 58 seindatur
1549 2574 67 58 &
1576 2574 67 58 ยง
1603 2574 134 58 quibus
1697 2574 175 58 mensuris.
1831 2574 67 58 &
1858 2574 107 58 sup.
1925 2574 94 58 eo.
1979 2574 81 58 ยง.
2019 2574 94 58 cui
2073 2574 202 58 confitendum
2234 2574 107 58 sit.
2301 2574 107 58 sub-

1426 2620 83 55 .
1460 2620 116 55 cui
1526 2620 216 55 mercator.
1692 2620 133 55 Item
1775 2620 166 55 quando
1891 2620 133 55 plus
1974 2620 199 55 venditur
2107 2620 266 55 transeuntibus,

1426 2664 127 56 quam
1505 2664 190 56 vicinis,
1648 2664 127 56 quod
1727 2664 190 56 episcopi
1869 2664 158 56 debent
1980 2664 221 56 corrigere.
2154 2664 142 56 supr.
2248 2664 95 56 de
2280 2664 95 56 con-

1424 2719 135 49 trah.
1514 2719 105 49 emp
1574 2719 90 49 c.
1620 2719 90 49 1.
1665 2719 150 49 Quando
1770 2719 120 49 quis
1845 2719 196 49 mentitur,
1996 2719 150 49 jurat,
2101 2719 75 49 &
2131 2719 181 49 dejerat,
2267 2719 90 49 ut
2297 2719 75 49 me-

1420 2752 144 43 lius,
1516 2752 177 43 citius,
1645 2752 80 43 &
1677 2752 161 43 carius
1789 2752 177 43 vendat.
1918 2752 112 43 est
1982 2752 128 43 enim
2062 2752 128 43 omne
2142 2752 209 43 mendacium
2287 2752 80 43 in-

1416 2796 207 63 terdictum,
1579 2796 89 63 ut
1623 2796 89 63 no
1667 2796 103 63 sup
1726 2796 103 63 eod
1785 2796 118 63 quae
1859 2796 295 63 interrogationes.
2110 2796 103 63 sub
2169 2796 74 63 ยง
2199 2796 162 63 dixisti
2302 2796 74 63 un-

1422 2840 130 61 quam
1503 2840 227 61 mendacium.
1681 2840 130 61 Quid
1762 2840 130 61 ergo
1843 2840 162 61 faciet
1957 2840 194 61 sacerdos
2102 2840 97 61 de
2151 2840 259 61 pellipariis,

1428 2884 215 46 sutoribus,
1597 2884 246 46 mercatoribus
1797 2884 77 46 &
1828 2884 200 46 similibus
1981 2884 108 46 qui
2043 2884 108 46 vix
2104 2884 169 46 vendunt
2228 2884 108 46 sex
2274 2884 92 46 num-

1419 2926 149 58 matas
1519 2926 215 58 aliquarum
1684 2926 165 58 rerum,
1800 2926 132 58 quin
1883 2926 182 58 septies
2015 2926 248 58 mentiantur,
2214 2926 116 58 vel
2263 2926 116 58 deje-

1414 2972 152 47 rent:
1516 2972 85 47 &
1550 2972 169 47 multis
1668 2972 152 47 aliis
1770 2972 152 47 modis
1871 2972 119 47 ibi
1939 2972 203 47 peccant.
2091 2972 119 47 Non
2159 2972 135 47 dico
2244 2972 102 47 de
2277 2972 102 47 con-

1416 3013 244 45 suetudine:
1607 3013 122 45 sed
1677 3013 104 45 de
1729 3013 244 45 longissima
1920 3013 261 45 corruptela.
2129 3013 104 45 Ad
2182 3013 122 45 hoc
2234 3013 139 45 dicen-

1420 3060 139 46 dum,
1507 3060 139 46 quod
1594 3060 191 46 quoties
1733 3060 157 46 talis
1837 3060 226 46 mendacium
2011 3060 209 46 scienter
2167 3060 174 46 dixit,
2272 3060 104 46 mor-

1421 3101 194 45 taliter
1563 3101 230 45 peccavit:
1740 3101 88 45 &
1775 3101 194 45 quoties
1916 3101 124 45 per
1987 3101 230 45 mendacium
2164 3101 141 45 suum
2235 3101 141 45 proxi-

1427 3146 112 48 mum
1491 3146 192 48 decepit,
1635 3146 112 48 vel
1699 3146 176 48 carius,
1827 3146 128 48 quam
1908 3146 192 48 deberet,
2052 3146 208 48 vendidit,
2212 3146 96 48 ad
2244 3146 128 48 resti-

1427 3189 197 46 tutionem
1575 3189 197 46 tenetur.
1723 3189 115 46 Sin
1788 3189 148 46 autem
1887 3189 230 46 ignoranter
2068 3189 197 46 mentitus
2216 3189 132 46 est.
2282 3189 82 46 vel

1428 3236 88 47 ex
1472 3236 205 47 improviso,
1633 3236 117 47 quia
1706 3236 146 47 lingua
1808 3236 161 47 labilis
1925 3236 117 47 est,
1999 3236 102 47 vel
2057 3236 132 47 etiam
2145 3236 190 47 scienter,
2291 3236 102 47 sed

1419 3277 201 46 intendit,
1573 3277 77 46 &
1604 3277 124 46 scit
1681 3277 139 46 illud
1774 3277 124 46 sibi
1851 3277 201 46 prodesse,
2005 3277 93 46 ut
2052 3277 108 46 sic
2113 3277 154 46 serret
2206 3277 170 46 indemnem:

1423 3323 85 47 &
1457 3323 186 47 proximo
1592 3323 118 47 non
1660 3323 203 47 obesset,
1812 3323 135 47 quia
1897 3323 152 47 satis
1998 3323 152 47 valet
2099 3323 118 47 res
2167 3323 186 47 pretium
2285 3323 85 47 quo

1424 3365 156 45 datur,
1534 3365 78 45 &
1565 3365 109 45 sic
1627 3365 109 45 non
1690 3365 109 45 est
1752 3365 187 45 decentio
1892 3365 94 45 in
1939 3365 172 45 valore,
2064 3365 109 45 nec
2126 3365 94 45 in
2173 3365 109 45 re:
2236 3365 125 45 quia
2298 3365 78 45 non

1427 3412 166 39 rendit
1544 3412 133 39 unam
1627 3412 116 39 rem
1693 3412 116 39 pro
1760 3412 150 39 alia,
1860 3412 116 39 nec
1926 3412 166 39 aliquo
2043 3412 133 39 alio
2126 3412 150 39 modo:
2225 3412 133 39 tunc
2292 3412 83 39 po-

1426 3453 116 44 test
1498 3453 116 44 dici
1570 3453 174 44 veniale.
1701 3453 72 44 &
1730 3453 101 44 sic
1788 3453 145 44 potest
1889 3453 188 44 intelligi
2034 3453 87 44 22
2077 3453 87 44 q.
2121 3453 72 44 2
2150 3453 159 44 primum.
2251 3453 116 44 secun-

1413 3500 132 45 dum
1489 3500 170 45 Rayn.
1602 3500 264 45 veruntamen
1810 3500 113 45 ex
1866 3500 132 45 quo
1942 3500 208 45 assidue
2093 3500 94 45 &
2131 3500 113 45 de
2168 3500 208 45 consuetu-

1417 3547 134 55 dine
1501 3547 218 55 mentitur,
1669 3547 201 55 quicquid
1820 3547 151 55 dicat
1920 3547 151 55 Rayn.
2021 3547 84 55 &
2054 3547 101 55 ex
2105 3547 218 55 aequitate
2272 3547 84 55 &
2289 3547 84 55 be
