2512 4172
403 429 81 45 de
444 429 136 45 accus.
539 429 81 45 ยง.
580 429 108 45 quis
647 429 95 45 sit
702 429 176 45 effectus,
837 429 95 45 sub
891 429 81 45 ยง.
932 429 95 45 sed
986 429 163 45 nunquid.
1108 429 81 45 ut
1149 429 81 45 in
1189 429 122 45 sumna
1271 429 108 45 seq.

416 475 330 40 Quadragesimum,
690 475 147 40 quia
782 475 238 40 impugnant
965 475 220 40 exemptos
1130 475 220 40 iniuste,
1277 475 73 40 ne

415 504 156 56 servant
528 504 128 56 eorum
614 504 213 56 privilegia.
784 504 99 56 16.
841 504 85 56 q.
883 504 85 56 1.
926 504 142 56 frater
1025 504 156 56 noster.
1139 504 128 56 supra
1224 504 85 56 de
1253 504 99 56 privi

425 552 129 66 leg.
506 552 194 66 dilecti.
651 552 81 66 &
683 552 161 66 capit.
796 552 178 66 quanto.
925 552 274 66 Quadragesimum
1151 552 178 66 primum,
1264 552 97 66 quia

420 596 166 54 ligant
536 596 83 54 &
570 596 216 54 absolvunt
735 596 133 54 sine
818 596 166 54 causae
934 596 249 54 cognitione,
1133 596 133 54 unde
1200 596 149 54 diversa

423 644 139 54 poenas
521 644 111 54 pati
590 644 153 54 debent:
702 644 97 54 24.
757 644 84 54 q.
799 644 84 54 3.
841 644 84 54 de
883 644 181 54 illicita.
1022 644 125 54 infra
1105 644 84 54 de
1147 644 167 54 sentent.
1259 644 97 54 excom

411 692 171 48 sacro.
531 692 154 48 sicut
633 692 137 48 enim
719 692 188 48 quosdam
855 692 171 48 oratia
975 692 188 48 favoris
1112 692 222 48 sublimant
1283 692 120 48 sic

417 715 208 72 plerunque
577 715 144 72 alios
672 715 224 72 invidiaque
848 715 224 72 humiliant.
1024 715 112 72 15.
1088 715 96 72 q.
1135 715 80 72 7
1167 715 128 72 c.1.
1231 715 128 72 Quadra

413 781 198 48 gesimum
557 781 234 48 secundum,
737 781 144 48 quia
827 781 108 48 in
881 781 234 48 conviviis
1060 781 126 48 non
1132 781 198 48 faciunt
1258 781 90 48 leg

422 826 153 41 sacras
529 826 214 41 lectiones.
696 826 107 41 44.
757 826 168 41 distin.
879 826 107 41 pro
940 826 229 41 reverentia.
1123 826 107 41 nam
1184 826 107 41 dum
1230 826 122 41 corpu-

423 864 182 46 diversis
560 864 182 46 ferculis
696 864 213 46 reficitur,
864 864 122 46 nisi
939 864 182 46 lectione
1076 864 228 46 retrahatur,
1243 864 122 46 lingua

416 903 96 54 in
464 903 320 54 detractationibus
736 903 224 54 relaxatur:
913 903 96 54 ut
961 903 144 54 dicit
1057 903 144 54 Greg.
1153 903 96 54 in
1185 903 176 54 Moralibus

420 948 115 53 lib.
491 948 86 53 1.
535 948 72 53 &
563 948 86 53 ad
606 948 129 53 idem,
692 948 72 53 4
721 948 72 53 4
750 948 187 53 distinct.
894 948 187 53 convivia.
1037 948 72 53 &
1066 948 144 53 capit.
1166 948 172 53 praeced.
1281 948 72 53 Qua

420 997 232 39 dragesimum
603 997 199 39 tertium,
752 997 132 39 quia
834 997 99 39 in
884 997 215 39 ecclesia,
1049 997 116 39 vel
1116 997 116 39 dum
1182 997 99 39 in
1215 997 149 39 publico

417 1035 230 54 prodeunt,
594 1035 248 54 indumentis
789 1035 177 54 lineis
913 1035 124 54 non
983 1035 212 54 utuntur,
1143 1035 88 54 &
1178 1035 177 54 pallia
1284 1035 71 54 ha

416 1072 131 59 bent
497 1072 245 59 diffibulata
694 1072 164 59 contra
808 1072 213 59 concilium
972 1072 213 59 generale.
1135 1072 147 59 supra
1233 1072 98 59 de
1266 1072 98 59 vita

422 1124 74 51 &
452 1124 193 51 honestate
601 1124 134 51 cler.
690 1124 164 51 clerici
809 1124 178 51 officia,
943 1124 89 51 ad
987 1124 119 51 fin.
1062 1124 253 51 Quadragesimum
1270 1124 119 51 quar

412 1158 136 48 tum,
497 1158 136 48 quia
582 1158 153 48 magis
685 1158 171 48 curant
804 1158 239 48 conviviis,
992 1158 136 48 quam
1077 1158 102 48 de
1128 1158 188 48 divinis
1248 1158 119 48 offi-

425 1204 147 50 ciis.
522 1204 130 50 Inde
604 1204 195 50 procedit
750 1204 195 50 peccatum
897 1204 212 50 luxuriae:
1060 1204 130 50 inde
1141 1204 179 50 fabulae
1255 1204 98 50 ocio

415 1251 114 55 sae:
486 1251 114 55 inde
558 1251 129 55 multa
643 1251 114 55 alia
715 1251 214 55 proveniunt.
886 1251 100 55 44.
944 1251 186 55 distinct.
1086 1251 86 55 ยง.
1129 1251 86 55 1.
1172 1251 71 55 &
1201 1251 143 55 capit.
1287 1251 71 55 seq

413 1303 121 52 per
482 1303 173 52 totum.
603 1303 139 52 inde
690 1303 104 52 in
742 1303 190 52 surgunt
880 1303 104 52 ad
932 1303 225 52 concentum
1105 1303 156 52 avium
1209 1303 190 52 matuti-

424 1335 137 50 num,
510 1335 189 50 syncopa
647 1335 206 50 continua
801 1335 326 50 transcurrentes:
1075 1335 103 50 ut
1127 1335 120 50 vix
1178 1335 189 50 celebrent

417 1377 149 58 quater
522 1377 90 58 in
566 1377 134 58 anno.
656 1377 134 58 supra
746 1377 90 58 de
790 1377 239 58 celebratione
985 1377 194 58 missarum,
1134 1377 194 58 dolentes.
1268 1377 90 58 Inde

417 1420 193 55 faciunt
558 1420 193 55 cantare
699 1420 141 55 sibi
787 1420 176 55 missam
910 1420 158 55 iuxta
1015 1420 176 55 lectum
1138 1420 106 55 in
1191 1420 158 55 domo:
1279 1420 88 55 ubi

418 1464 238 58 spurcitiae
605 1464 170 58 multae
724 1464 153 58 sunt:
826 1464 136 58 unde
910 1464 187 58 dirinam
1046 1464 238 58 patientiam
1233 1464 102 58 ad
1267 1464 85 58 tra

430 1516 187 47 cundiam
566 1516 237 47 provocant,
752 1516 85 47 &
786 1516 204 47 sanctius
939 1516 153 47 esset
1041 1516 170 47 missam
1159 1516 119 47 non
1210 1516 153 47 audire.

415 1563 149 48 quam
508 1563 112 48 in
564 1563 205 48 domibus
713 1563 167 48 ipsam
825 1563 205 48 audire,
973 1563 112 48 in
1029 1563 186 48 quibus
1159 1563 149 48 sine
1234 1563 130 48 magna

420 1605 164 43 causa
529 1605 254 43 nullatenus
729 1605 145 43 sunt
820 1605 291 43 celebrandae,
1056 1605 218 43 secundum
1201 1605 164 43 Sanctum

421 1638 166 63 Foelicem,
549 1638 77 63 de
587 1638 217 63 consecration.
766 1638 191 63 distinctoi.
919 1638 77 63 1.
957 1638 102 63 cap.
1021 1638 77 63 1.
1059 1638 64 63 &
1084 1638 102 63 cap.
1148 1638 115 63 sicut
1225 1638 89 63 non
1276 1638 102 63 ali-

421 1690 316 49 Quadragesimum
682 1690 223 49 quintum,
849 1690 149 49 quia
942 1690 223 49 charitas
1110 1690 93 49 &
1128 1690 242 49 instrumenta

417 1727 218 51 ecclesiae
585 1727 117 51 non
652 1727 251 51 custodiunt,
853 1727 134 51 imo,
936 1727 84 51 &
970 1727 117 51 res
1037 1727 234 51 dilapidant
1221 1727 134 51 male
1288 1727 67 51 ad

417 1770 211 56 ministrando
586 1770 140 56 contra
684 1770 112 56 cap.
754 1770 84 56 16
796 1770 155 56 quaest.
909 1770 84 56 1.
951 1770 84 56 in
993 1770 197 56 canonibus.
1147 1770 98 56 28.
1204 1770 169 56 distinct
1316 1770 42 56 d

425 1819 210 47 Siracusanae.
595 1819 79 47 12
634 1819 170 47 quaestio.
765 1819 79 47 2.
805 1819 65 47 &
831 1819 79 47 si
870 1819 105 47 illi
936 1819 65 47 &
962 1819 131 47 capit.
1054 1819 196 47 Vulteranae,
1211 1819 105 47 unde
1276 1819 79 47 si
1316 1819 79 47 se

414 1862 105 53 non
474 1862 211 53 corrigant,
640 1862 150 53 debent
745 1862 166 53 deponi.
865 1862 105 53 12.
926 1862 166 53 quaest.
1046 1862 90 53 2.
1091 1862 241 53 Apostolicos.
1272 1862 90 53 Qua-

416 1916 96 44 d:
464 1916 191 44 agesimum
607 1916 175 44 sextum,
735 1916 127 44 quia
814 1916 112 44 res
878 1916 175 44 alienas
1006 1916 207 44 usurpant.
1165 1916 96 44 16
1197 1916 159 44 quaestio

419 1956 93 40 ne
465 1956 155 40 sexta,
573 1956 186 40 placuit.
713 1956 108 40 nec
775 1956 139 40 ipsas
868 1956 170 40 reddere
992 1956 155 40 volunt
1100 1956 77 40 a
1116 1956 232 40 praedecessori

423 1994 123 48 bus
494 1994 246 48 occupatas,
687 1994 211 48 corundem
845 1994 316 48 praedecessorum
1109 1994 264 48 sanctitatem
1302 1994 53 48 &

421 2043 259 48 conscientiam
631 2043 291 48 praetendentes:
873 2043 113 48 cum
938 2043 145 48 tamen
1035 2043 145 48 nihil
1132 2043 210 48 intersit,
1277 2043 81 48 que

420 2079 100 50 ad
470 2079 217 50 periculum
638 2079 167 50 animae
754 2079 201 50 invadere
905 2079 201 50 alienum,
1055 2079 117 50 aut
1122 2079 201 50 scienter
1256 2079 100 50 deti

430 2123 129 60 nere,
516 2123 129 60 sicut
602 2123 129 60 dicit
688 2123 186 60 Concilium
831 2123 186 60 generale.
975 2123 129 60 supra
1061 2123 86 60 de
1104 2123 158 60 restit.
1219 2123 129 60 spol.
1290 2123 72 60 sae

427 2163 252 60 pecontingit.
632 2163 79 60 &
663 2163 126 60 ideo
742 2163 126 60 quod
820 2163 173 60 alienum
946 2163 126 60 est,
1025 2163 142 60 reddi
1119 2163 157 60 debet,
1229 2163 142 60 supra
1308 2163 47 60 d

426 2217 132 42 test.
514 2217 161 42 filius.
631 2217 117 42 quia
705 2217 132 42 nihil
792 2217 146 42 perire
895 2217 176 42 credimus
1027 2217 234 42 utilitatibus
1203 2217 146 42 ecclesia

423 2252 155 46 sticis,
535 2252 84 46 si
577 2252 112 46 quae
648 2252 112 46 sunt
718 2252 155 46 aliena,
830 2252 197 46 reddantur.
985 2252 98 46 54.
1041 2252 169 46 distinct
1167 2252 197 46 generalis,
1308 2252 56 46 in

415 2297 144 53 fin.
505 2297 306 53 Quadragesimum
757 2297 234 53 septimum,
936 2297 144 53 quia
1026 2297 126 53 non
1098 2297 252 53 cognoscunt
1278 2297 72 53 se

425 2340 152 58 ipsos,
531 2340 136 58 cujus
622 2340 182 58 seminis,
758 2340 136 58 cuius
849 2340 152 58 vitae,
956 2340 167 58 cuiusve
1077 2340 167 58 generis
1198 2340 136 58 sint:
1289 2340 106 58 sed

422 2388 97 40 in
470 2388 211 40 cathedris
633 2388 146 40 suis,
730 2388 81 40 &
763 2388 195 40 cornibus
909 2388 243 40 gloriantes,
1104 2388 260 40 presbyteros,
1298 2388 49 40 o

423 2429 193 58 clericos
568 2429 177 58 fratres
696 2429 129 58 suos
777 2429 241 58 despiciunt,
970 2429 80 58 &
1002 2429 241 58 contemnunt:
1195 2429 113 58 sed
1259 2429 97 58 si
1292 2429 64 58 se

417 2470 279 52 attenderent,
643 2470 122 52 non
713 2470 244 52 paterentur
905 2470 244 52 sacerdotes
1097 2470 192 52 minores
1219 2470 140 52 sedere

424 2516 150 55 juxta
524 2516 216 55 scabellum
690 2516 150 55 pedum
790 2516 183 55 suorum,
923 2516 100 55 id
973 2516 133 55 est,
1056 2516 183 55 cameram
1189 2516 150 55 suam,
1272 2516 83 55 irn

416 2564 128 56 qua
489 2564 238 56 episcopus
672 2564 165 56 debet
782 2564 256 56 cognoscere
983 2564 110 56 se
1038 2564 238 56 collegam:
1203 2564 146 56 quamvi

412 2604 96 54 in
460 2604 192 54 ecclesia
604 2604 80 54 &
636 2604 144 54 extra
732 2604 176 54 cameram
860 2604 192 54 superior
1004 2604 160 54 sedere
1116 2604 176 54 debeat.
1244 2604 112 54 95.
1292 2604 64 54 di

421 2643 220 55 stinction.
594 2643 204 55 episcopus
751 2643 94 55 in
798 2643 204 55 ecclesia.
955 2643 110 55 nam
1018 2643 188 55 secundum
1159 2643 173 55 Gregor.
1269 2643 78 55 cun

424 2692 155 47 culpa
527 2692 121 47 non
596 2692 190 47 subest,
734 2692 207 47 secundum
890 2692 207 47 rationem
1045 2692 259 47 humilitatis
1235 2692 121 47 omnes

424 2741 165 39 aequales
548 2741 138 39 sumus.
644 2741 96 39 12.
699 2741 151 39 distin.
809 2741 83 39 de
851 2741 289 39 Constantinopolit.
1098 2741 83 39 in
1140 2741 96 39 fin
1195 2741 124 39 alias
1263 2741 83 39 inci

413 2781 142 54 pit,
502 2781 283 54 Apostolicae,
732 2781 142 54 ideo
821 2781 213 54 episcopo
980 2781 195 54 superbo
1122 2781 213 54 dicendum
1263 2781 89 54 est

422 2820 161 47 gnothi
534 2820 193 47 seauton,
679 2820 96 47 id
727 2820 128 47 est,
807 2820 193 47 cognosce
952 2820 96 47 te
1000 2820 161 47 ipsum.
1112 2820 112 47 nam
1176 2820 144 47 sicut
1257 2820 96 47 dici

421 2853 153 62 Greg.
523 2853 187 62 Dominus
659 2853 204 62 ostendit
812 2853 170 62 Petro,
932 2853 102 62 ut
983 2853 102 62 se
1034 2853 272 62 cognosceret,
1238 2853 102 62 ante

416 2912 129 44 quam
497 2912 145 44 ipsum
594 2912 210 44 universae
755 2912 210 44 ecclesiae
917 2912 259 44 praeponeret:
1127 2912 81 44 &
1159 2912 145 44 ideo,
1240 2912 113 44 ipsum

427 2956 178 47 permisit
561 2956 163 47 cadere,
679 2956 89 47 ut
724 2956 89 47 in
768 2956 89 47 se
812 2956 222 47 addisceret,
990 2956 178 47 qualiter
1124 2956 133 47 esset
1213 2956 133 47 aliis
1287 2956 59 47 mi

414 3000 186 51 serendum.
557 3000 100 51 50.
614 3000 215 51 distinctio.
786 3000 258 51 considerandum,
1000 3000 72 51 &
1029 3000 86 51 c.
1072 3000 172 51 fidelior
1201 3000 143 51 factus
1286 3000 72 51 est

401 3044 177 47 Petrus
525 3044 141 47 quid
613 3044 141 47 enim
702 3044 336 47 intolerabilius,
984 3044 212 47 secundum
1143 3044 177 47 Hiero.
1249 3044 106 47 quam

406 3081 138 50 quod
492 3081 155 50 natus
595 3081 103 50 in
647 3081 189 50 tugurio
784 3081 241 50 rusticano,
974 3081 120 50 qui
1042 3081 120 50 Vix
1111 3081 172 50 habere
1214 3081 138 50 potera

417 3140 154 39 panem
520 3140 103 39 de
571 3140 171 39 milio,
691 3140 137 39 unde
776 3140 222 39 saturaret
947 3140 188 39 ventrem
1084 3140 240 39 rugientem,
1255 3140 103 39 nunc

420 3168 211 51 fastidiat
582 3168 146 51 mella
680 3168 81 51 &
713 3168 195 51 similam,
859 3168 98 51 id
908 3168 130 51 est,
989 3168 146 51 panem
1087 3168 98 51 de
1136 3168 146 51 flore
1217 3168 130 51 farina

410 3220 250 46 mundissimo
607 3220 89 46 &
643 3220 286 46 subtilissimo
875 3220 197 46 factum,
1018 3220 89 46 &
1054 3220 143 46 quod
1143 3220 179 46 venter
1251 3220 89 46 ple

418 3260 98 46 nus
474 3260 84 46 de
516 3260 168 46 jejuniis
642 3260 182 46 disputet.
782 3260 84 46 12
824 3260 84 46 q.
866 3260 84 46 2.
908 3260 140 46 gloria
1006 3260 182 46 episcopi,
1132 3260 112 46 versus

456 3331 138 64 Perte
548 3331 199 64 cognoscas
701 3331 138 64 alios
793 3331 138 64 magis
885 3331 138 64 utile
977 3331 107 64 nil
1023 3331 92 64 est.

505 3388 114 55 Sic
570 3388 146 55 magis
667 3388 179 55 urbanus
798 3388 163 55 nullus
912 3388 98 55 in
960 3388 130 55 orbe
1042 3388 163 55 manet.

412 3468 295 53 Quadragesimum
655 3468 209 53 octavum,
811 3468 139 53 quia
898 3468 191 53 faciunt
1037 3468 261 53 indiscretas
1246 3468 87 53 &
1263 3468 87 53 su-

414 3520 178 51 perssuas
547 3520 237 51 remissiones:
740 3520 118 51 quod
814 3520 118 51 dic,
888 3520 89 51 ut
932 3520 118 51 not.
1006 3520 133 51 infra
1095 3520 118 51 eod.
1169 3520 104 51 sub
1229 3520 118 51 rub.
1288 3520 59 51 di

409 3563 164 47 remissio
532 3563 82 47 ยง.
573 3563 109 47 quis
642 3563 150 47 possit.
751 3563 68 47 &
778 3563 82 47 ยง.
819 3563 82 47 ad
860 3563 109 47 quid
928 3563 150 47 valent.
1038 3563 123 47 vers.
1119 3563 137 47 fateor
1215 3563 137 47 tamen,
1297 3563 41 47 &

397 3607 132 50 seq.
479 3607 132 50 Sunt
561 3607 82 50 &
594 3607 148 50 multa
692 3607 148 50 alia,
791 3607 99 50 in
840 3607 164 50 quibus
955 3607 197 50 excedunt
1103 3607 214 50 praelati,
1251 3607 99 50 quae

404 3646 96 44 in
452 3646 191 44 diversis
595 3646 143 44 locis
691 3646 143 44 hujus
786 3646 175 44 Summae,
914 3646 80 44 &
946 3646 239 44 specialiter
1137 3646 143 44 supra
1232 3646 96 44 de
1280 3646 96 44 ex

405 3691 136 40 cess.
495 3691 166 40 praela.
616 3691 91 40 ยง.
662 3691 181 40 qualiter
797 3691 196 40 excedant,
948 3691 166 40 poteris
1069 3691 196 40 reperire:
1205 3691 136 40 neminen

396 3730 156 53 tamen
500 3730 260 53 episcoporum
708 3730 312 53 reprehendimus,
968 3730 121 53 cum
1038 3730 139 53 sint
1124 3730 191 53 patres:
1263 3730 121 53 sed

397 3756 101 63 ut
448 3756 84 63 a
481 3756 202 63 delictis
633 3756 253 63 abstineant,
835 3756 236 63 admonemus,
1021 3756 84 63 &
1054 3756 253 63 conscientia
1240 3756 101 63 con

1394 428 161 46 veniant
1511 428 234 46 unumquenque.
1701 428 88 46 6.
1745 428 88 46 q.
1789 428 88 46 1.
1833 428 132 46 oves.
1921 428 88 46 8.
1965 428 73 46 q
1994 428 73 46 1
2023 428 102 46 qui
2081 428 117 46 vos.
2155 428 117 46 cap.
2228 428 73 46 &
2242 428 88 46 qua-

1403 465 125 58 liter.
1491 465 63 58 &
1516 465 100 58 cap.
1579 465 100 58 seq.
1642 465 75 58 ad
1667 465 75 58 fin.

1401 540 129 79 Qui
1474 540 184 79 Abbas.
1603 540 92 79 *
1640 540 184 79 Dicunt
1769 540 184 79 quidam
1898 540 313 79 distinguendum
2155 540 166 79 esse,
2266 540 110 79 u-
2303 540 55 79 2

1462 596 113 47 rum
1526 596 97 47 si
1575 596 194 47 exemptus
1720 596 129 47 sit,
1801 596 81 47 &
1833 596 194 47 remotus,
1978 596 161 47 potest
2091 596 210 47 confiteri
2252 596 113 47 cui

1403 636 119 47 vult
1477 636 89 47 de
1522 636 193 47 occultis,
1670 636 104 47 sed
1730 636 89 47 si
1774 636 104 47 est
1833 636 223 47 propinquus,
2011 636 119 47 soli
2086 636 148 47 Papae,
2189 636 104 47 vel
2234 636 89 47 ejul

1395 679 331 57 poenitentiario,
1674 679 87 57 &
1708 679 122 57 hoc
1778 679 174 57 quando
1900 679 122 57 non
1970 679 157 57 habet
2074 679 157 57 super
2179 679 105 57 se
2214 679 122 57 alium

1390 732 223 47 majorem:
1558 732 130 47 nam
1632 732 112 47 si
1688 732 205 47 haberet
1837 732 186 47 patrem
1967 732 223 47 Abbatem,
2135 732 149 47 sive
2209 732 112 47 exem

1407 772 113 53 ptus
1478 772 142 53 esset,
1577 772 113 53 sive
1648 772 113 53 non,
1719 772 85 53 ei
1761 772 184 53 confiteri
1903 772 170 53 deberet,
2030 772 113 53 arg.
2101 772 128 53 supra
2186 772 85 53 de
2215 772 113 53 consue

1407 813 98 46 tum
1463 813 182 46 dilectus.
1603 813 126 46 infra
1687 813 84 46 de
1729 813 126 46 verb.
1813 813 154 46 signif.
1925 813 168 46 abbatem.
2051 813 70 46 &
2079 813 168 46 breviter
2205 813 112 46 idem
2261 813 70 46 di-

1399 852 133 46 cunt
1483 852 100 46 de
1533 852 167 46 abbate
1649 852 200 46 exempto,
1799 852 133 46 quod
1883 852 167 46 dictum
2000 852 117 46 est
2066 852 100 46 de
2100 852 233 46 archiepisco-

1401 900 100 55 po
1451 900 184 55 habente
1585 900 251 55 patriarcham
1786 900 117 55 vel
1852 900 217 55 primatem,
2020 900 84 55 &
2053 900 100 55 de
2103 900 217 55 episcopo,
2253 900 84 55 su-

1398 944 95 59 pra
1453 944 109 59 eod.
1521 944 82 59 in
1562 944 123 59 suis.
1644 944 95 59 sub
1698 944 82 59 ยง.
1739 944 123 59 sinon
1821 944 123 59 habet
1903 944 123 59 alium
1985 944 150 59 abbatem
2094 944 123 59 super
2175 944 95 59 se,
2230 944 95 59 nec
2271 944 68 59 est

1406 985 209 48 exemptus,
1567 985 177 48 proprio
1696 985 193 48 episcopo
1841 985 145 48 debet
1937 985 225 48 confiteri:
2115 985 129 48 quia
2195 985 129 48 ille
2259 985 81 48 est

1402 1029 123 57 judex
1484 1029 123 57 suus.
1566 1029 95 57 61.
1620 1029 123 57 dist.
1702 1029 150 57 obitum.
1811 1029 95 57 12.
1865 1029 123 57 dist.
1947 1029 123 57 capit
2029 1029 109 57 fin.
2097 1029 109 57 nisi
2165 1029 123 57 forte
2233 1029 95 57 secun

1406 1074 127 59 dum
1479 1074 200 59 regulam
1624 1074 127 59 per
1697 1074 164 59 sedem
1806 1074 273 59 Apostolicam
2025 1074 255 59 approbatam
2225 1074 146 59 pos-

1399 1119 111 44 set
1462 1119 127 44 sibi
1542 1119 174 44 eligere
1668 1119 253 44 confessorem,
1874 1119 158 44 aliter
1985 1119 158 44 autem.
2096 1119 111 44 hoc
2159 1119 158 44 facere
2254 1119 79 44 not

1402 1164 139 46 posset
1499 1164 111 46 sine
1569 1164 181 46 licentia.
1708 1164 125 46 infra
1791 1164 111 46 eod.
1861 1164 139 46 omnis.
1958 1164 97 46 dic
2013 1164 83 46 ut
2055 1164 111 46 not.
2125 1164 125 46 supra
2208 1164 111 46 eod.
2264 1164 69 46 sul

1408 1203 87 57 ยง.
1451 1203 101 57 cui
1509 1203 217 57 patriarcha.
1683 1203 130 57 vers.
1770 1203 174 57 breviter
1900 1203 159 57 teneas.
2016 1203 72 57 &
2045 1203 116 57 seq.
2118 1203 116 57 Quae
2190 1203 130 57 autem
2263 1203 72 57 sim

1407 1251 160 48 vitia,
1519 1251 160 48 quibus
1631 1251 176 48 abbates
1758 1251 192 48 promagna
1902 1251 144 48 parte
1998 1251 128 48 sunt
2078 1251 208 48 irretiti,
2221 1251 112 48 brevi

1393 1293 117 45 ter
1460 1293 302 45 perstringamus.
1712 1293 101 45 In
1762 1293 168 45 primis
1880 1293 201 45 peccant,
2031 1293 134 45 quia
2115 1293 117 45 hac
2182 1293 117 45 spe
2249 1293 84 45 &
2266 1293 67 45 in

1396 1339 201 46 tentione
1547 1339 251 46 specialiter
1748 1339 167 46 ducti,
1865 1339 184 46 habitum
1998 1339 217 46 regularem
2166 1339 201 46 assumunt

1402 1385 76 43 ut
1440 1385 139 43 abbates
1541 1385 114 43 fiant
1617 1385 151 43 contrac.
1730 1385 88 43 16.
1781 1385 76 43 q.
1819 1385 76 43 7.
1857 1385 88 43 per
1907 1385 139 43 laicos.
2008 1385 101 43 sup.
2071 1385 76 43 de
2109 1385 126 43 elect.
2197 1385 151 43 officii.
2298 1385 38 43 &

1397 1435 185 49 capitul.
1536 1435 108 49 cum
1597 1435 93 49 ad
1644 1435 185 49 nostram.
1783 1435 93 49 in
1829 1435 108 49 quo
1891 1435 139 49 etiam
1984 1435 139 49 multi
2076 1435 201 49 religiosi
2215 1435 124 49 delin-

1395 1476 170 52 quunt,
1514 1476 272 52 paupertatem,
1735 1476 85 52 &
1769 1476 204 52 laborem,
1923 1476 85 52 &
1957 1476 187 52 esuriem
2093 1476 238 52 fugientes,
2263 1476 68 52 ut

1409 1497 165 65 divites
1529 1497 150 65 fiant,
1634 1497 150 65 quiete
1740 1497 165 65 degant,
1860 1497 195 65 splendide
2010 1497 241 65 reficiantur,
2206 1497 75 65 &
2236 1497 90 65 de
2266 1497 60 65 ta

1395 1556 155 67 libus
1498 1556 155 67 dicit
1601 1556 172 67 Grego.
1721 1556 137 67 quod
1807 1556 120 67 non
1876 1556 223 67 intendunt
2048 1556 189 67 seculum
2185 1556 189 67 fugere,

1390 1599 111 63 sed
1454 1599 175 63 mutare.
1581 1599 111 63 53.
1644 1599 206 63 distinct.
1803 1599 95 63 c.
1850 1599 159 63 unico.
1961 1599 190 63 Secundo,
2104 1599 127 63 quia
2167 1599 175 63 quandoque

1403 1643 209 47 abbatiam
1559 1643 174 47 emunt:
1681 1643 87 47 &
1716 1643 157 47 tales
1821 1643 261 47 renuncient,
2030 1643 192 47 salvari
2169 1643 122 47 non
2239 1643 139 47 pos-

1395 1686 127 51 sunt:
1480 1686 85 51 ut
1522 1686 113 51 not.
1593 1686 127 51 supra
1678 1686 85 51 de
1720 1686 141 51 simon.
1819 1686 85 51 ยง.
1861 1686 99 51 qua
1918 1686 141 51 poena.
2017 1686 99 51 sub
2074 1686 85 51 ยง.
2116 1686 99 51 per
2172 1686 170 51 judicem,
2286 1686 42 51 &

1393 1732 98 60 ยง.
1442 1732 131 60 fin.
1523 1732 179 60 Tertio,
1654 1732 131 60 quia
1735 1732 163 60 nullum
1850 1732 212 60 recipiunt
2013 1732 131 60 sine
2094 1732 228 60 quantitate
2257 1732 82 60 pe-

1408 1781 187 38 cuniae,
1544 1781 119 38 vel
1612 1781 204 38 alterius
1765 1781 238 38 temporalis
1952 1781 204 38 commodi,
2088 1781 255 38 interveniente

1402 1819 172 59 tacite
1522 1819 120 59 vel
1591 1819 206 59 expresse
1746 1819 86 59 :
1780 1819 155 59 super
1884 1819 120 59 quo
1952 1819 224 59 plerunque
2125 1819 189 59 obtentu
2245 1819 86 59 abo

1397 1859 159 47 lendae
1508 1859 271 47 consuetudinis
1731 1859 95 47 se
1779 1859 191 47 satagunt
1922 1859 207 47 excusare.
2081 1859 143 47 supra
2177 1859 95 47 de
2209 1859 127 47 simon.

1400 1908 172 55 veniens.
1528 1908 100 55 qui
1586 1908 86 55 si
1628 1908 214 55 accusentur,
1800 1908 186 55 deponendi
1943 1908 129 55 sunt.
2029 1908 129 55 supr.
2114 1908 86 55 de
2157 1908 100 55 si.
2200 1908 143 55 dilectus

1396 1948 148 55 filius.
1503 1948 81 55 4.
1544 1948 67 55 &
1571 1948 108 55 cap.
1638 1948 121 55 licet
1719 1948 121 55 Heli.
1800 1948 67 55 &
1827 1948 108 55 cap.
1894 1948 94 55 per
1948 1948 121 55 tuas.
2029 1948 121 55 alias
2110 1948 81 55 ad
2150 1948 175 55 arbitrium
2272 1948 67 55 ju-

1408 1995 130 47 dicis
1494 1995 202 47 puniuntur.
1653 1995 130 47 supra
1740 1995 87 47 de
1783 1995 116 47 sim.
1855 1995 87 47 in
1898 1995 159 47 tantum.
2014 1995 72 47 &
2043 1995 87 47 de
2086 1995 144 47 accus.
2173 1995 173 47 inquisitio

1401 2051 118 41 nis.
1475 2051 118 41 quod
1549 2051 104 41 dic
1609 2051 89 41 ut
1653 2051 118 41 not.
1727 2051 133 41 supra
1816 2051 89 41 de
1860 2051 104 41 sim
1920 2051 74 41 ยง
1949 2051 104 41 qua
2008 2051 133 41 poena
2097 2051 207 41 feriantur.
2245 2051 104 41 Quar-

1397 2084 109 47 to,
1460 2084 125 47 quia
1538 2084 218 47 ecclesias,
1709 2084 94 47 in
1756 2084 156 47 quibus
1865 2084 156 47 habent
1974 2084 109 47 ius
2037 2084 234 47 patronatus,
2224 2084 125 47 sibi
2286 2084 47 47 o

1396 2124 155 61 mnino
1499 2124 275 61 appropriant,
1722 2124 120 61 nec
1791 2124 172 61 ponunt
1911 2124 120 61 ibi
1980 2124 206 61 vicarios
2134 2124 223 61 perpetuos
2289 2124 52 61 &

1403 2172 182 55 positos
1536 2172 116 55 ita
1602 2172 199 55 gravant,
1751 2172 133 55 quod
1834 2172 116 55 non
1901 2172 182 55 possunt
2033 2172 298 55 hospitalitatem
2265 2172 83 55 te-

1398 2212 150 47 nere:
1498 2212 117 47 nec
1565 2212 200 47 episcopo
1715 2212 100 47 in
1765 2212 284 47 episcopalibus
1999 2212 250 47 respondere.
2199 2212 150 47 supra
2282 2212 67 47 de

1403 2256 172 45 praebend.
1535 2256 79 45 de
1575 2256 146 45 monach.
1681 2256 66 45 &
1707 2256 106 45 cap.
1773 2256 185 45 avaritiae.
1919 2256 66 45 &
1945 2256 79 45 de
1985 2256 119 45 supl.
2064 2256 79 45 ne
2104 2256 132 45 prael.
2196 2256 146 45 capitul
2289 2256 53 45 2:

1393 2296 134 51 quae
1477 2296 150 51 omnia
1577 2296 134 51 sunt
1661 2296 100 51 ab
1711 2296 234 51 episcopis,
1895 2296 167 51 quibus
2012 2296 201 51 subsunt,
2162 2296 150 51 nulla
2262 2296 117 51 ob-

1400 2341 154 47 stante
1508 2341 262 47 consuetudine,
1724 2341 232 47 corrigenda.
1909 2341 139 47 supra
2001 2341 93 47 de
2048 2341 185 47 praeben.
2171 2341 170 47 extirpan.

1391 2388 120 47 dae.
1466 2388 75 47 &
1496 2388 90 47 in
1541 2388 120 47 cap.
1616 2388 135 47 supra
1705 2388 165 47 dictis.
1825 2388 165 47 Quinto,
1945 2388 120 47 quia
2020 2388 90 47 ad
2065 2388 195 47 ecclesias
2214 2388 90 47 ad
2244 2388 105 47 ipsos

1398 2442 282 43 pertinentes,
1627 2442 141 43 sine
1715 2442 194 43 pecunia
1856 2442 194 43 neminem
1997 2442 317 43 repraesentant:
2261 2442 88 43 &
2279 2442 70 43 ut

1402 2475 175 48 vitium
1524 2475 140 48 suum
1611 2475 210 48 utcunque
1768 2475 227 48 pallient,
1943 2475 227 48 plerunque
2118 2475 210 48 ecclesia
2258 2475 87 48 va-

1398 2518 164 52 cante
1507 2518 164 52 super
1616 2518 127 52 eam
1689 2518 182 52 mutuum
1816 2518 254 52 recipiunt,
2016 2518 164 52 usque
2125 2518 109 52 ad
2179 2518 200 52 aliquam

1398 2564 179 52 certam
1524 2564 179 52 summam
1649 2564 233 52 pecuniae,
1828 2564 90 52 &
1864 2564 161 52 demum
1972 2564 161 52 ipsam
2079 2564 125 52 sic
2151 2564 233 52 obligatam

1390 2608 231 50 conferunt,
1572 2608 215 50 dicentes,
1738 2608 132 50 quod
1820 2608 215 50 quaelibet
1985 2608 116 50 res
2052 2608 182 50 transit
2184 2608 116 50 cum
2233 2608 116 50 onere

1400 2653 106 46 suo:
1466 2653 79 46 ut
1505 2653 119 46 supra
1585 2653 79 46 de
1624 2653 106 46 pig.
1690 2653 79 46 ex
1730 2653 158 46 literis.
1849 2653 66 46 &
1875 2653 79 46 de
1915 2653 119 46 deci.
1994 2653 172 46 pastoral.
2126 2653 92 46 sed
2179 2653 145 46 seipsos
2271 2653 66 46 fe-

1393 2696 183 51 ducunt,
1527 2696 117 51 cum
1593 2696 150 51 etiam
1693 2696 216 51 episcopis
1859 2696 133 51 haec
1943 2696 117 51 non
2009 2696 200 51 liceant:
2159 2696 117 51 imo
2209 2696 133 51 vacan-

1385 2741 96 46 te
1433 2741 192 46 ecclesia
1577 2741 144 46 etiam
1673 2741 176 46 fructus
1801 2741 176 46 interim
1930 2741 192 46 percepti
2074 2741 128 46 sunt
2154 2741 160 46 futuro
2250 2741 96 46 sue-

1391 2785 162 56 cessori
1509 2785 192 56 fideliter
1656 2785 221 56 reservandi,
1833 2785 103 56 vel
1892 2785 147 56 aliter
1995 2785 88 56 in
2040 2785 206 56 utilitatem
2187 2785 162 56 ecclesiae

1389 2836 232 53 convertendi.
1577 2836 131 53 supr.
1664 2836 87 53 de
1708 2836 145 53 offic.
1809 2836 145 53 ordin.
1911 2836 102 53 cum
1969 2836 116 53 vos.
2041 2836 73 53 &
2070 2836 160 53 aliquid
2186 2836 116 53 inde
2244 2836 87 53 sub-

1390 2869 178 54 trahit,
1519 2869 178 54 etiamsi
1648 2869 210 54 episcopus
1810 2869 129 54 sit,
1891 2869 178 54 tanquam
2020 2869 145 54 furti
2117 2869 81 54 &
2133 2869 210 54 latrociniam

1388 2923 122 39 reus
1464 2923 153 39 honore
1571 2923 107 39 suo
1632 2923 168 39 privari
1754 2923 153 39 debet,
1861 2923 76 39 q
1891 2923 92 39 2.
1937 2923 76 39 c
1968 2923 122 39 fin.
2044 2923 137 39 tales
2136 2923 122 39 enim
2197 2923 137 39 exactio

1393 2964 124 39 nes,
1471 2964 78 39 &
1502 2964 109 39 cor
1564 2964 171 39 similes
1688 2964 124 39 sunt
1766 2964 171 39 penitus
1890 2964 217 39 exhibitae,
2061 2964 78 39 &
2092 2964 93 39 si
2138 2964 124 39 quis
2216 2964 109 39 eas
2262 2964 78 39 re-

1396 3011 193 55 ceperit,
1540 3011 177 55 tenetur
1669 3011 96 55 in
1717 3011 161 55 duplum
1829 3011 225 55 restituere
2006 3011 161 55 ipsas,
2118 3011 96 55 in
2150 3011 193 55 utilitatem

1386 3052 186 51 gravatae
1525 3052 202 51 ecclesiae
1680 3052 248 51 convertendas
1882 3052 124 51 sup.
1959 3052 93 51 de
2006 3052 109 51 sim
2068 3052 217 51 audivimus.
2238 3052 124 51 quoc

1397 3094 225 59 intelligas.
1577 3094 90 59 si
1622 3094 180 59 proprium
1756 3094 165 59 habeat.
1876 3094 120 59 supr
1951 3094 90 59 de
1996 3094 180 59 praebend
2130 3094 90 59 de
2175 3094 165 59 mulcta.
2280 3094 60 59 ยง.

1390 3135 70 51 &
1418 3135 85 51 si
1460 3135 127 51 ulira
1545 3135 113 51 sex.
1615 3135 70 51 &
1644 3135 85 51 de
1686 3135 113 51 app.
1756 3135 282 51 reprehensibilis.
1996 3135 70 51 ยง
2024 3135 85 51 si
2066 3135 141 51 autem.
2165 3135 127 51 alias
2249 3135 99 51 hoc
2292 3135 56 51 in

1394 3179 163 49 poenam
1508 3179 147 49 aliam
1606 3179 245 49 commutetur,
1802 3179 114 49 arg
1867 3179 147 49 supr.
1965 3179 98 49 de
2014 3179 196 49 maledic.
2144 3179 196 49 ffatuimus.

1381 3224 125 51 post
1459 3224 172 51 medium.
1584 3224 156 51 Sexto,
1694 3224 125 51 quia
1772 3224 125 51 dant
1850 3224 250 51 possessiones
2053 3224 187 51 aliquas.
2193 3224 109 51 vel
2240 3224 94 51 cer-

1382 3267 133 47 tam
1458 3267 247 47 pecuniam,
1648 3267 133 47 vel
1724 3267 171 47 domum
1838 3267 247 47 commodant
2029 3267 190 47 alicui
2162 3267 152 47 tali
2238 3267 95 47 pa-

1388 3308 142 55 cto,
1477 3308 142 55 quod
1566 3308 195 55 decimas
1708 3308 213 55 certarum
1867 3308 284 55 possessionum
2098 3308 124 55 eis
2169 3308 213 55 solvant,

1380 3356 120 46 vel
1448 3356 137 46 apud
1534 3356 120 46 eos
1602 3356 239 46 sepulturam
1790 3356 205 46 eligant:
1944 3356 137 46 quae
2029 3356 154 46 pacta
2132 3356 103 46 in
2166 3356 171 46 praejudi

1385 3403 136 48 cium
1470 3403 221 48 ecclesiae
1640 3403 272 48 parochialis,
1861 3403 170 48 facta,
1980 3403 170 48 minime
2099 3403 136 48 sunt
2167 3403 170 48 servanda

1382 3437 142 62 supra
1477 3437 95 62 de
1525 3437 142 62 pact.
1619 3437 206 62 plerique.
1778 3437 174 62 etiamsi
1904 3437 221 62 juramentum
2078 3437 253 62 interveniat,
2284 3437 95 62 ut

1389 3488 154 41 notatur
1501 3488 126 41 supra
1585 3488 84 41 de
1627 3488 154 41 sepult.
1739 3488 84 41 ยง.
1781 3488 84 41 an
1823 3488 168 41 licitum.
1948 3488 182 41 versicul.
2088 3488 112 41 quid
2158 3488 84 41 si
2200 3488 112 41 quis
2256 3488 84 41 esi-

1386 3532 107 58 gat
1447 3532 213 58 sepulturam
1614 3532 91 58 in
1660 3532 152 58 aliquo
1767 3532 213 58 monasterio
1934 3532 76 58 &
1965 3532 183 58 versicul
2102 3532 183 58 sequent.
2224 3532 122 58 Septi-

1386 3576 117 43 mo,
1453 3576 134 43 quia
1537 3576 218 43 negligunt
1705 3576 168 43 punire
1822 3576 201 43 monachos
1973 3576 235 43 sugitivos.
2158 3576 117 43 16.
2225 3576 117 43 qu.
2275 3576 67 43 2.

1384 3619 194 56 abbates.
1530 3619 81 56 &
1562 3619 113 56 eos
1627 3619 194 56 revocare
1773 3619 227 56 inquirere,
1951 3619 81 56 &
1983 3619 211 56 recipere,
2146 3619 146 56 salva
2227 3619 113 56 ordi-

1385 3660 102 63 nis
1444 3660 218 63 disciplina,
1618 3660 131 63 supra
1706 3660 87 63 de
1750 3660 146 63 regul.
1851 3660 146 63 capit.
1953 3660 146 63 final.
2055 3660 160 63 Octavo,
2172 3660 117 63 quia
2230 3660 102 63 reci-

1375 3699 152 56 piunt
1476 3699 202 56 monachos
1628 3699 202 56 alienos,
1780 3699 135 56 sine
1864 3699 185 56 literis
1999 3699 320 56 commendaticiis.
2252 3699 84 56 18.

1373 3748 160 63 quaest.
1490 3748 73 63 2
1519 3748 174 63 abbates.
1650 3748 87 63 in
1693 3748 116 63 fin.
1766 3748 73 63 &
1795 3748 131 63 capit
1882 3748 116 63 quam
1955 3748 116 63 sit.
2028 3748 131 63 Nono,
2115 3748 116 63 quia
2173 3748 160 63 indiscre-

1382 3790 92 69 te
1428 3790 185 69 monachos
1566 3790 123 69 suos
1643 3790 185 69 ejiciunt
1782 3790 139 69 supra
1874 3790 92 69 de
1921 3790 200 69 rescript.
2075 3790 108 69 cum
2136 3790 185 69 dilecta.
2259 3790 62 69 ir
