2471 4105
375 348 156 65 vobis
478 348 156 65 panem
582 348 190 65 arctum,
721 348 86 65 &
755 348 156 65 aquam
859 348 190 65 brevem,
997 348 104 65 q.
1049 348 104 65 d.
1101 348 104 65 ad
1136 348 190 65 sustenta-

386 405 153 46 tionem
493 405 184 46 naturae,
631 405 77 46 &
661 405 199 46 sequitur.
814 405 92 46 Et
860 405 138 46 erunt
952 405 138 46 oculi
1044 405 107 46 tui
1105 405 184 46 videntes
1227 405 92 46 prae

383 441 216 50 ceptorem
545 441 162 50 tuum:
653 441 90 50 &
689 441 162 50 aures
797 441 144 50 tuae
887 441 198 50 audient
1031 441 180 50 verbum
1157 441 144 50 post
1229 441 90 50 ter

381 492 122 50 gum
450 492 227 50 monentis,
625 492 210 50 subaudi,
783 492 87 50 &
818 492 227 50 dicentis.
993 492 280 50 Poenitentiam
1203 492 122 50 agite

386 528 89 47 &c
431 528 118 47 haec
504 528 103 47 est
564 528 118 47 tia,
637 528 177 47 ambulate
770 528 89 47 in
815 528 103 47 ea,
874 528 133 47 neque
962 528 89 47 ad
1007 528 192 47 dexteram,
1154 528 133 47 scil.
1228 528 89 47 pro-

390 572 211 59 speritatis:
559 572 126 59 neque
643 572 84 59 ad
685 572 197 59 sinistram,
839 572 126 59 scil.
924 572 239 59 adversitatis,
1120 572 84 59 q.
1162 572 84 59 d.
1205 572 98 59 non
1247 572 84 59 con-

379 616 159 49 ndatis
490 616 95 49 de
538 616 270 49 prosperitate,
761 616 111 49 nec
824 616 191 49 timeatis
967 616 270 49 adversitatem,
1190 616 111 49 seu
1238 616 79 49 poe

377 665 202 41 nitentiae
532 665 248 41 asperitatem:
733 665 109 41 sed
795 665 93 41 si
842 665 155 41 vultis
950 665 93 41 ut
997 665 233 41 misereatur,
1167 665 155 41 perfecta

385 706 260 55 poenitentiam
596 706 211 55 faciatis,
758 706 130 55 haec
840 706 114 55 duo
905 706 260 55 impedimenta,
1116 706 146 55 scil.
1213 706 130 55 spes
1278 706 49 55 &

386 748 152 55 timor
487 748 219 55 praecipue
656 748 219 55 retrahunt
825 748 219 55 usurarios
994 748 84 55 &
1027 748 186 55 avaros,
1162 748 118 55 qui
1213 748 118 55 nihil

378 790 185 46 vellent
513 790 252 46 restituere:
714 790 118 46 sed
781 790 168 46 semper
899 790 235 46 acquirere:
1083 790 134 46 unde
1150 790 185 46 comparan-

385 843 109 48 tur
448 843 187 48 inferno.
588 843 140 48 Prop.
681 843 109 48 27.
743 843 187 48 Infernus
883 843 78 48 &
914 843 187 48 perditio
1054 843 109 48 non
1116 843 249 48 replebuntur:

370 884 82 52 &
402 884 148 52 oculi
501 884 181 52 hominum
633 884 279 52 insatiabiles.
863 884 164 52 Stulti
978 884 132 52 ergo
1060 884 148 52 sunt,
1159 884 115 52 qui
1208 884 115 52 despe

378 923 120 49 rant
453 923 90 49 de
498 923 241 49 misericordia
694 923 120 49 Dei:
769 923 75 49 &
799 923 105 49 sic
859 923 90 49 in
904 923 180 49 peccatis
1039 923 120 49 dies
1115 923 120 49 suos
1190 923 165 49 finiunt

375 973 100 48 de
425 973 183 48 eiusdem
559 973 200 48 iustitia
709 973 117 48 non
776 973 217 48 timentes,
942 973 100 48 de
992 973 117 48 qua
1059 973 150 48 dicit
1159 973 167 48 Grego.
1259 973 67 48 ac

372 1019 180 46 magnam
498 1019 234 46 iustitiam
678 1019 234 46 judicandi
858 1019 234 46 pertinet,
1037 1019 108 46 ut
1091 1019 198 46 nunquam
1217 1019 108 46 care

382 1062 119 53 ant
450 1062 239 53 supplicio,
638 1062 119 53 qui
706 1062 102 53 in
757 1062 119 53 hac
825 1062 136 53 vita
911 1062 188 53 nunquam
1047 1062 222 53 voluerunt
1201 1062 136 53 pecca-

390 1108 82 39 to
418 1108 136 39 carere

435 1180 216 63 Esperatio,
605 1180 139 63 scil.
697 1180 170 63 duplex.
821 1180 139 63 Prima
914 1180 108 63 est
976 1180 216 63 desperatio
1146 1180 155 63 veniam
1254 1180 108 63 ob-

445 1236 204 40 tinendi,
598 1236 85 40 &
632 1236 136 40 hanc
717 1236 204 40 inducunt
870 1236 153 40 tria.
972 1236 170 40 Primum
1091 1236 119 40 est
1142 1236 187 40 considera

389 1274 106 56 tio
450 1274 167 56 peccati
571 1274 243 56 quantitatis,
769 1274 137 56 sicut
860 1274 137 56 Cain,
951 1274 152 56 Genes.
1057 1274 91 56 4.
1103 1274 137 56 Maior
1194 1274 106 56 est
1240 1274 91 56 ini-

374 1316 177 47 quitas
498 1316 141 47 mea,
586 1316 141 47 quam
675 1316 106 47 ut
728 1316 177 47 veniam
852 1316 194 47 merear,
993 1316 177 47 contra
1117 1316 141 47 hanc
1188 1316 141 47 confi-

386 1358 253 60 derationem
585 1358 235 60 opponitur
766 1358 181 60 passio
892 1358 181 60 Domini
1019 1358 181 60 nostri
1145 1358 145 60 Jesu
1218 1358 108 60 Chri

377 1410 131 49 sti,
458 1410 131 49 quae
540 1410 180 49 fortior
671 1410 114 49 est
736 1410 98 49 ad
785 1410 278 49 dissolvendum,
1013 1410 131 49 quam
1095 1410 196 49 peccatum
1242 1410 131 49 ali-

381 1452 139 42 quod
467 1452 104 42 ad
519 1452 225 42 ligandum.
693 1452 139 42 Job.
779 1452 104 42 6.
831 1452 173 42 Utinam
953 1452 295 42 appenderentur
1178 1452 156 42 peccata

375 1501 135 46 mea,
460 1501 84 46 &
493 1501 219 46 calamitas
662 1501 135 46 quam
746 1501 169 46 patior
865 1501 101 46 in
915 1501 203 46 statera:
1067 1501 152 46 quasi
1168 1501 152 46 arena
1253 1501 84 46 ma-

385 1539 112 40 ris
449 1539 112 40 hoc
513 1539 177 40 gravior
642 1539 225 40 appareret.
818 1539 193 40 Secundum
963 1539 128 40 est,
1043 1539 257 40 consideratio
1236 1539 96 40 fre-

395 1588 276 46 quentationis,
622 1588 179 46 cogitat
753 1588 130 46 enim
834 1588 211 46 peccator:
996 1588 98 46 Ad
1045 1588 130 46 quid
1127 1588 244 46 confitebor,

386 1627 145 40 cras
476 1627 217 40 caderem.
639 1627 127 40 Sed
711 1627 181 40 contra
838 1627 145 40 hanc
928 1627 235 40 opponitur
1109 1627 163 40 illud
1199 1627 145 40 verbum

391 1662 179 47 Domini,
521 1662 114 47 Non
586 1662 130 47 dico
667 1662 130 47 tibi
749 1662 195 47 septies,
895 1662 114 47 sed
960 1662 81 47 &
992 1662 260 47 septuagesies
1188 1662 146 47 septies

385 1708 85 46 i
419 1708 186 46 quando:
555 1708 153 46 unqe:
656 1708 186 46 ponitur
792 1708 136 46 enim
876 1708 186 46 finitum
1012 1708 119 46 pro
1080 1708 220 46 infinito,
1232 1708 102 46 unde

384 1752 133 43 Aug.
468 1752 167 43 Qualis
584 1752 117 43 hic
651 1752 183 43 medicus
785 1752 167 43 esset,
901 1752 117 43 qui
968 1752 150 43 malum
1068 1752 200 43 iteratum
1202 1752 133 43 nesci-

390 1797 120 46 ret
458 1797 188 46 curare:
595 1797 223 46 medicorum
767 1797 137 46 enim
852 1797 120 46 est
921 1797 188 46 centies
1058 1797 206 46 infirmum
1195 1797 137 46 centi-

388 1851 99 45 es
438 1851 182 45 curare.
571 1851 132 45 Idem
653 1851 149 45 omnis
753 1851 281 45 quantumcunque
984 1851 83 45 &
1017 1851 281 45 quotiescunque
1233 1851 99 45 pec-

401 1885 137 53 cator
492 1885 183 53 cuiusque
630 1885 183 53 ordinis,
767 1885 168 53 etiamsi
889 1885 153 53 fuerit
996 1885 198 53 sacerdos.
1149 1885 107 53 Qui
1210 1885 92 53 me
1240 1885 92 53 con-

391 1928 174 56 fessus
512 1928 174 56 fuerit
634 1928 156 56 coram
738 1928 226 56 hominibus
911 1928 243 56 confitebor
1102 1928 87 56 &
1137 1928 122 56 ego
1206 1928 139 56 eum.
1276 1928 52 56 I

389 1972 124 46 dem
460 1972 212 46 sancimus
619 1972 177 46 primos
743 1972 177 46 patres
867 1972 212 46 nostros,
1026 1972 88 46 &
1061 1972 106 46 in
1114 1972 141 46 omni
1185 1972 159 46 tempore

395 2013 211 46 ecclesiam
557 2013 114 46 Dei
622 2013 163 46 semper
736 2013 146 46 usque
834 2013 98 46 in
883 2013 276 46 septuagesies:
1110 2013 130 46 quod
1192 2013 114 46 est
1240 2013 98 46 sem-

400 2059 101 55 per
457 2059 158 55 peccata
572 2059 201 55 remittere:
731 2059 86 55 de
774 2059 101 55 poe
831 2059 130 55 dist.
918 2059 86 55 4.
990 2059 115 55 item
1062 2059 115 55 quod
1134 2059 216 55 frequenter.
1292 2059 43 55 &

410 2103 67 52 t
436 2103 108 52 seq.
504 2103 121 52 adhuc
584 2103 161 52 instant.
706 2103 108 52 Ideo
773 2103 94 52 cui
827 2103 108 52 plus
894 2103 135 52 datur,
988 2103 108 52 plus
1055 2103 161 52 diligit,
1177 2103 81 52 de
1217 2103 108 52 poe.
1271 2103 67 52 di-

402 2156 87 42 3.
446 2156 160 42 septies
562 2156 73 42 &
591 2156 131 42 iunge
678 2156 116 42 quod
751 2156 102 42 no.
809 2156 131 42 supra
925 2156 160 42 qualis,
1041 2156 102 42 sub
1128 2156 189 42 frequens.
1258 2156 73 42 Ter

397 2188 129 47 tium
477 2188 112 47 est
542 2188 257 47 consideratio
750 2188 289 47 diuturnitatis:
992 2188 161 47 quando
1104 2188 145 47 scil.
1184 2188 145 47 peccato

395 2231 195 44 cogitat,
541 2231 163 44 tantum
655 2231 244 44 inveteratus
851 2231 114 44 sum
916 2231 98 44 in
965 2231 114 44 hoc
1030 2231 195 44 peccato,
1176 2231 81 44 &
1209 2231 114 44 tam
1258 2231 81 44 diu

396 2276 185 47 tenui,
525 2276 148 47 quod
617 2276 203 47 nunquam
765 2276 166 47 magis
876 2276 314 47 misericordiam
1116 2276 222 47 obtinerem.

400 2316 81 46 &
432 2316 130 46 ideo
514 2316 114 46 non
579 2316 244 46 confitebor,
774 2316 163 46 contra
888 2316 130 46 hanc
969 2316 179 46 opponit
1099 2316 98 46 se
1148 2316 114 46 Ps.
1197 2316 146 46 dicens:

395 2360 259 50 Misericordia
606 2360 162 50 domini
719 2360 97 50 ab
768 2360 195 50 aeterno,
914 2360 81 50 &
946 2360 146 50 usque
1043 2360 97 50 in
1092 2360 195 50 aeternum
1222 2360 113 50 super

395 2405 197 46 timentes
542 2405 131 46 eum.
624 2405 148 46 Ezec.
722 2405 213 46 Quacunque
886 2405 131 46 hora
968 2405 213 46 comversus
1132 2405 164 46 fuerit
1231 2405 98 46 pec-

397 2452 143 46 cator,
497 2452 72 46 &
526 2452 86 46 c.
569 2452 86 46 de
612 2452 115 46 pen.
683 2452 129 46 dist.
769 2452 86 46 3.
812 2452 129 46 adhuc
899 2452 172 46 instant.
1028 2452 115 46 Leo:
1099 2452 215 46 Poenitentia
1257 2452 86 46 quae

392 2499 156 52 dilata
502 2499 125 52 est,
580 2499 78 52 &
611 2499 125 52 quae
689 2499 218 52 studiosius
860 2499 156 52 petita
970 2499 172 52 fuerit,
1094 2499 109 52 non
1157 2499 187 52 negetur:
1282 2499 62 52 ut

388 2533 104 46 eo
440 2533 138 46 modo
526 2533 104 46 ad
578 2533 276 46 indulgentiae
802 2533 225 46 medicinam
975 2533 156 46 anima
1079 2533 225 46 vulnerata
1234 2533 104 46 per-

388 2580 189 46 veniat.
525 2580 155 46 Idem:
629 2580 292 46 Misericordiae
869 2580 172 46 domini
990 2580 120 46 nec
1059 2580 206 46 mensuras
1196 2580 138 46 possu-

389 2623 130 56 mus
464 2623 204 56 ponere,
612 2623 130 56 nec
687 2623 204 56 tempora
835 2623 242 56 diffinire
1021 2623 149 56 apud
1114 2623 149 56 quem
1188 2623 149 56 nullas

399 2668 160 48 patitur
516 2668 146 48 venire
618 2668 131 48 moras
706 2668 204 48 conversio,
866 2668 87 48 26
910 2668 160 48 quaest.
1026 2668 87 48 6.
1070 2668 87 48 is
1114 2668 102 48 qui
1172 2668 87 48 in
1201 2668 146 48 tempore,

393 2708 91 48 &
429 2708 146 48 Aug.
520 2708 219 48 exponens
685 2708 164 48 illud
794 2708 182 48 verbum
922 2708 164 48 Psal.
1031 2708 128 48 Non
1104 2708 237 48 absorbeat
1268 2708 73 48 me

388 2763 241 46 profundum,
577 2763 155 46 neque
680 2763 172 46 urgeat
801 2763 155 46 super
904 2763 103 46 me
956 2763 172 46 puteus
1076 2763 103 46 os
1128 2763 155 46 suum,
1214 2763 120 46 sicut

395 2801 129 55 ait,
476 2801 162 55 Puteus
589 2801 113 55 est
653 2801 242 55 profunditas
847 2801 178 55 humanae
977 2801 259 55 iniquitatis,
1187 2801 97 55 in
1235 2801 113 55 qua
1284 2801 48 55 s

389 2843 221 41 cecideris,
563 2843 111 41 non
626 2843 174 41 claudet
753 2843 142 41 super
848 2843 95 41 te
895 2843 95 41 os
943 2843 142 41 suum,
1038 2843 95 41 si
1085 2843 111 41 non
1148 2843 174 41 claudis
1259 2843 79 41 tu-

385 2884 122 46 um.
454 2884 227 46 Confitere
629 2884 157 46 ergo:
734 2884 87 46 &
769 2884 140 46 dic,
857 2884 105 46 De
909 2884 227 46 profundis
1084 2884 192 46 clamavi
1224 2884 105 46 ad
1259 2884 70 46 te

380 2925 205 47 Domine,
529 2925 186 47 Domine
659 2925 186 47 exaudi
790 2925 167 47 vocem
901 2925 167 47 meam,
1013 2925 93 47 &
1050 2925 130 47 sic
1124 2925 205 47 evades,
1255 2925 74 47 di

393 2975 117 52 poen
466 2975 189 52 distinct.
612 2975 73 52 1
641 2975 102 52 non
699 2975 204 52 absorbeat,
860 2975 73 52 &
889 2975 131 52 iunge
976 2975 87 52 ea
1020 2975 117 52 quae
1093 2975 102 52 no.
1151 2975 131 52 supra
1239 2975 102 52 eod

394 3017 160 47 quoniam
511 3017 219 47 confitendum
686 3017 117 47 est,
759 3017 73 47 &
788 3017 175 47 sequent.
949 3017 146 47 quibus
1051 3017 73 47 &
1080 3017 117 47 quot
1153 3017 175 47 diaetis,
1270 3017 58 47 su

423 3060 107 55 quae
490 3060 173 55 inducunt,
623 3060 147 55 versic.
730 3060 80 55 8.
770 3060 67 55 &
796 3060 160 55 sequent.
916 3060 67 55 &
943 3060 93 55 sub
1023 3060 67 55 &
1049 3060 107 55 quis
1116 3060 93 55 sit
1169 3060 173 55 effectus,
1289 3060 40 55 &

385 3105 183 58 sequent.

421 3188 181 46 Ecunda
547 3188 253 46 desperatio
746 3188 145 46 est,
837 3188 145 46 post
927 3188 181 46 veniam
1054 3188 127 46 jam
1126 3188 217 46 obtentam
1271 3188 72 46 in

393 3212 88 72 S
429 3212 140 72 bono
516 3212 298 72 perseverandi:
762 3212 193 72 cogitat
902 3212 158 72 nempe
1007 3212 193 72 iniquus
1148 3212 140 72 Quid
1218 3212 105 72 vale

387 3280 118 41 ret
455 3280 135 41 mihi
539 3280 169 41 venire
658 3280 102 41 ad
709 3280 288 41 confessionem:
946 3280 118 41 nam
1013 3280 135 41 etsi
1098 3280 169 41 possem
1200 3280 135 41 veniam

383 3324 213 46 consequi,
546 3324 115 46 non
612 3324 147 46 tamen
710 3324 164 46 possem
825 3324 98 46 in
874 3324 131 46 bona
956 3324 131 46 vita
1037 3324 262 46 perseverare:
1234 3324 98 46 quia

383 3365 142 40 nimis
478 3365 110 40 est
541 3365 142 40 arcta
635 3365 126 40 haec
714 3365 126 40 via:
793 3365 79 40 &
824 3365 126 40 meae
903 3365 220 40 contrariae
1076 3365 220 40 voluntati.
1234 3365 94 40 Vel-

385 3404 121 48 lem
454 3404 138 48 enim
540 3404 224 48 comedere,
712 3404 138 48 ipsa
798 3404 224 48 jejunare.
970 3404 172 48 Vellem
1091 3404 207 48 dormire,
1229 3404 103 48 ipsa

382 3453 207 57 vigilare
537 3453 173 57 Vellem
658 3453 207 57 gaudere,
814 3453 138 57 ipsa
900 3453 190 57 lugere.
1038 3453 173 57 Vellem
1159 3453 138 57 post
1228 3453 104 57 con-

387 3492 247 58 cupiscentias
587 3492 124 58 meas
665 3492 124 58 ire,
742 3492 124 58 ipsa
819 3492 216 58 abstinere.
989 3492 155 58 Vellem
1097 3492 201 58 divitias,
1236 3492 93 58 ipsa

383 3540 263 47 paupertates.
596 3540 164 47 Vellem
711 3540 213 47 delicias,
875 3540 131 47 ipsa
957 3540 263 47 asperitates.
1171 3540 164 47 Vellem
1269 3540 66 47 in

369 3580 158 39 mundo
475 3580 228 39 honorari,
650 3580 140 39 ipsa
738 3580 123 39 pro
808 3580 193 39 Christo
949 3580 228 39 opprobria
1124 3580 158 39 nati.
1230 3580 105 39 Et
1265 3580 70 39 in

367 3620 180 46 summa,
493 3620 180 46 vellem
620 3620 180 46 vivere
746 3620 180 46 mundo,
872 3620 144 46 ipsa
962 3620 180 46 Domino
1089 3620 144 46 Jesu
1161 3620 162 46 Christo

374 3663 114 44 Sed
439 3663 81 44 &
471 3663 130 44 quis
553 3663 163 44 posset
667 3663 212 44 resistere
829 3663 195 44 diabolo:
976 3663 114 44 cui
1041 3663 130 44 sunt
1122 3663 146 44 mille
1204 3663 130 44 nocen-

368 3709 91 54 di
413 3709 137 54 modi.
505 3709 91 54 16
551 3709 183 54 questio.
688 3709 91 54 2.
734 3709 152 54 visis.
840 3709 122 54 Huic
916 3709 244 54 desperationi
1115 3709 122 54 sunt
1191 3709 122 54 tria
1252 3709 76 54 re

1354 348 171 55 media
1468 348 266 55 opponenda.
1677 348 190 55 Primum
1810 348 228 55 remedium
1981 348 152 55 est,
2076 348 190 55 mortis
2190 348 114 55 com-

1362 404 249 39 memoratio:
1558 404 142 39 quae
1647 404 160 39 omnia
1753 404 195 39 mundana
1895 404 213 39 ostendit
2055 404 142 39 vana
2144 404 89 39 &
2162 404 142 39 trans-

1371 442 162 41 itoria.
1489 442 147 41 Eccle.
1592 442 103 41 12.
1650 442 88 41 Si
1695 442 132 41 annis
1783 442 147 41 multis
1886 442 162 41 vixerit
2003 442 132 41 homo,
2091 442 73 41 &
2121 442 103 41 his
2165 442 132 41 omnibus

1359 480 158 51 laetus
1470 480 174 51 fuerit,
1596 480 205 51 meminisse
1754 480 142 51 debet
1848 480 205 51 tenebrosi
2006 480 205 51 temporis,
2164 480 79 51 &
2180 480 126 51 dierum

1368 534 217 45 multorum:
1535 534 117 45 qui
1602 534 117 45 cum
1669 534 217 45 venerint,
1836 534 217 45 vanitatis
2003 534 217 45 arguentur
2154 534 150 45 praete-

1372 576 150 42 rita.
1472 576 133 42 Quid
1556 576 133 42 enim
1639 576 183 42 valeret
1772 576 167 42 vivere
1889 576 167 42 mundo,
2006 576 83 42 &
2039 576 133 42 dies
2123 576 167 42 multos
2223 576 83 42 vi-

1359 621 118 38 tae
1427 621 135 38 suae
1511 621 118 38 hic
1578 621 185 38 vacando
1713 621 219 38 amittere,
1882 621 118 38 cum
1949 621 135 38 mors
2033 621 202 38 ostendat
2185 621 152 38 vanam

1358 661 338 45 concupiscentiam
1643 661 196 45 carnis,
1785 661 124 45 quo
1856 661 160 45 datur
1963 661 142 45 esca
2051 661 213 45 vermibus
2211 661 89 45 &
2229 661 89 45 con

1365 707 269 48 cupiscentiam
1584 707 219 48 oculorum,
1752 707 118 48 cum
1820 707 152 48 secum
1921 707 152 48 nihil
2022 707 202 48 deserat,
2156 707 152 48 praeter

1375 747 233 47 vilissimum
1558 747 216 47 sudarium:
1724 747 83 47 &
1758 747 216 47 superbiam
1924 747 166 47 vitae,
2040 747 116 47 cum
2107 747 133 47 nunc
2173 747 133 47 sepul-

1375 788 95 47 us
1423 788 95 47 in
1470 788 189 47 elemento
1612 788 174 47 infimo,
1738 788 142 47 scil.
1833 788 158 47 terra,
1943 788 174 47 teratur
2069 788 174 47 pedibus
2196 788 110 47 qui
2243 788 63 47 o-

1371 836 119 46 lim
1439 836 119 46 per
1507 836 221 46 superbiam
1676 836 153 46 alios
1778 836 254 46 consueverat
1982 836 187 46 pedibus
2100 836 204 46 concuicare

1367 882 91 41 in
1412 882 107 41 his
1473 882 137 41 autem
1565 882 198 41 consistit
1717 882 183 41 quicquid
1855 882 91 41 in
1900 882 137 41 mundo
1992 882 107 41 est
2053 882 107 41 Jo.
2114 882 91 41 2.
2160 882 152 41 capit.
2251 882 61 41 2:

1370 923 142 48 Omne
1459 923 142 48 quod
1547 923 106 48 in
1601 923 159 48 mundo
1707 923 142 48 est,
1795 923 319 48 concupiscentia
2061 923 177 48 carnis
2185 923 142 48 est,
2256 923 53 48 &

1373 966 296 46 concupiscentia
1619 966 214 46 oculorum,
1784 966 82 46 &
1817 966 197 46 superbia
1965 966 164 46 vitae.
2080 966 164 46 Psalm.
2195 966 99 46 Ne
2228 966 82 46 ti-

1376 1011 190 56 mueris,
1514 1011 121 56 cum
1583 1011 156 56 dives
1687 1011 173 56 factus
1808 1011 173 56 fuerit
1929 1011 156 56 homo,
2033 1011 87 56 &
2068 1011 121 56 cum
2120 1011 190 56 multipli-

1378 1053 127 49 cata
1457 1053 158 49 fuerit
1568 1053 158 49 gloria
1679 1053 142 49 domus
1774 1053 142 49 ejus,
1869 1053 174 49 quoniam
1995 1053 111 49 cum
2059 1053 237 49 introierit,
2233 1053 79 49 non

1369 1099 150 48 sumet
1469 1099 167 48 omnia,
1586 1099 117 48 &c.
1653 1099 150 48 Bern.
1753 1099 100 48 Si
1803 1099 167 48 dicis,
1919 1099 150 48 Durus
2019 1099 117 48 est
2086 1099 133 48 mihi
2169 1099 117 48 hic
2219 1099 100 48 ser-

1364 1148 135 39 mo,
1441 1148 135 39 non
1518 1148 193 39 possum
1653 1148 193 39 mundum
1787 1148 289 39 contemnere,
2018 1148 135 39 nec
2095 1148 193 39 carnem
2211 1148 96 39 me-

1373 1196 104 46 am
1425 1196 139 46 odio
1512 1196 174 46 habere
1633 1196 122 46 dic
1702 1196 139 46 mihi
1789 1196 191 46 quaeso,
1928 1196 122 46 ubi
1998 1196 139 46 sunt
2084 1196 208 46 amatores
2223 1196 87 46 hu-

1383 1233 110 42 us
1438 1233 183 42 mundi,
1566 1233 128 42 qui
1639 1233 146 42 ante
1730 1233 165 42 pauca
1840 1233 201 42 tempora
1986 1233 219 42 nobiscum
2132 1233 183 42 fuerunt:

1370 1272 202 49 Considera
1526 1272 124 49 quid
1603 1272 140 49 sunt,
1697 1272 78 49 &
1728 1272 124 49 quid
1805 1272 186 49 fuerint,
1945 1272 140 49 nihil
2038 1272 93 49 ex
2085 1272 109 49 eis
2147 1272 202 49 remansit,

1378 1316 132 54 nisi
1461 1316 198 54 cineres,
1610 1316 83 54 &
1643 1316 182 54 vermes,
1775 1316 182 54 homines
1907 1316 149 54 tamen
2007 1316 182 54 fuerunt
2139 1316 149 54 sicut
2221 1316 83 54 tu,

1371 1359 255 45 comederunt,
1575 1359 221 45 biberunt,
1745 1359 221 45 riserunt,
1916 1359 204 45 duxerunt
2069 1359 102 45 in
2120 1359 153 45 bonis
2205 1359 102 45 dies

1374 1404 150 41 suos,
1475 1404 84 41 &
1508 1404 100 41 in
1558 1404 167 41 puncto
1675 1404 100 41 ad
1725 1404 184 41 inferos
1859 1404 284 41 descenderunt,
2093 1404 134 41 quid
2176 1404 100 41 n.
2210 1404 100 41 pro-

1369 1448 126 43 fuit
1448 1448 157 43 brevis
1558 1448 204 43 laetitia,
1715 1448 157 43 inanis
1825 1448 173 43 gloria,
1951 1448 141 43 mundi
2045 1448 204 43 potentia,
2186 1448 126 43 carnis

1374 1492 208 55 voluptas,
1534 1492 160 55 falsae
1646 1492 208 55 divitiae,
1806 1492 144 55 magna
1902 1492 192 55 familia,
2046 1492 144 55 magna
2142 1492 208 55 concupis-

1373 1547 163 47 centia:
1491 1547 103 47 ubi
1551 1547 148 47 risus,
1654 1547 103 47 vel
1713 1547 148 47 locus,
1817 1547 103 47 ubi
1876 1547 207 47 jactantia,
2038 1547 103 47 ubi
2097 1547 222 47 arrogantia,
2260 1547 59 47 de

1373 1581 131 46 tanta
1461 1581 189 46 laetitia,
1606 1581 145 46 quanta
1708 1581 204 46 tristitia,
1868 1581 116 46 post
1941 1581 145 46 tantam
2043 1581 218 46 voluptatem,
2217 1581 131 46 quan-

1372 1624 91 43 ta
1417 1624 182 43 miseria,
1553 1624 136 43 nihil
1644 1624 106 43 eis
1705 1624 182 43 accidit,
1841 1624 121 43 quin
1917 1624 121 43 tibi
1992 1624 182 43 accidere
2128 1624 166 43 posset,
2234 1624 91 43 quia

1369 1667 137 48 homo
1454 1667 120 48 es,
1523 1667 137 48 homo
1608 1667 102 48 de
1659 1667 154 48 humo,
1762 1667 154 48 limus
1864 1667 102 48 de
1915 1667 154 48 limo,
2018 1667 188 48 Eccles.
2154 1667 102 48 7.
2205 1667 102 48 In
2240 1667 85 48 om-

1375 1714 149 41 nibus
1475 1714 199 41 operibus
1624 1714 149 41 tuis,
1723 1714 199 41 memorare
1872 1714 215 41 novissima
2038 1714 132 41 tua,
2120 1714 83 41 &
2153 1714 99 41 in
2187 1714 132 41 aeter-

1372 1756 122 55 num
1441 1756 122 55 non
1511 1756 210 55 peccabis
1669 1756 210 55 Sapiens.
1826 1756 157 55 Summa
1931 1756 262 55 philosophia
2141 1756 140 55 est,
2211 1756 105 55 assi

1371 1797 127 54 dua
1444 1797 182 54 mortis
1571 1797 254 54 meditatio.
1771 1797 218 54 Secundum
1934 1797 218 54 remedium
2098 1797 145 54 est,
2171 1797 145 54 hostis

1370 1845 254 46 debilitatio.
1576 1845 127 46 Esa.
1656 1845 222 46 Incurvare,
1830 1845 95 46 ut
1878 1845 238 46 transeamus,
2068 1845 95 46 q.
2116 1845 95 46 d.
2147 1845 175 46 diabolus,

1363 1886 114 44 non
1428 1886 163 44 possum
1542 1886 114 44 per
1607 1886 98 44 te
1656 1886 212 44 transire,
1819 1886 114 44 nec
1885 1886 130 44 tibi
1966 1886 179 44 nocere:
2097 1886 130 44 nisi
2162 1886 163 44 primitus

1371 1933 215 46 voluntate
1537 1933 182 46 propria
1669 1933 248 46 incurveris.
1868 1933 116 46 Jo.
1934 1933 149 46 parum
2033 1933 198 46 timendus
2182 1933 116 46 est
2231 1933 83 46 ho-

1373 1972 138 60 stis,
1465 1972 108 60 qui
1526 1972 108 60 non
1588 1972 154 60 potest
1696 1972 185 60 vincere,
1834 1972 123 60 nisi
1911 1972 200 60 volentem,
2065 1972 108 60 hoc
2111 1972 215 60 significatum

1366 2014 133 68 fuit
1449 2014 166 68 Matth.
1565 2014 99 68 8.
1615 2014 116 68 ubi
1681 2014 149 68 dixit
1781 2014 149 68 legio
1880 2014 199 68 daemonum
2030 2014 182 68 Domino:
2162 2014 99 68 Si
2195 2014 133 68 ejicis

1369 2062 118 45 nos
1437 2062 152 45 hinc,
1538 2062 152 45 mitte
1639 2062 118 45 nos
1706 2062 101 45 in
1756 2062 168 45 gregem
1874 2062 219 45 porcorum,
2043 2062 84 45 &
2076 2062 118 45 ibi
2144 2062 152 45 dicit
2228 2062 84 45 glo

1366 2108 136 46 nisi
1451 2108 136 46 quis
1536 2108 136 46 more
1621 2108 153 46 porci
1723 2108 204 46 vixerit,
1877 2108 204 46 diabolus
2030 2108 102 46 in
2081 2108 102 46 eo
2115 2108 204 46 potestatem

1367 2152 109 43 non
1430 2152 187 43 accipit:
1570 2152 124 43 ergo
1647 2152 202 43 resistite
1803 2152 187 43 diabolo,
1943 2152 78 43 &
1974 2152 156 43 fugiet
2083 2152 78 43 a
2114 2152 156 43 vobis,
2207 2152 109 43 depo-

1367 2196 98 41 ne
1416 2196 163 41 igitur
1530 2196 212 41 peccatum,
1693 2196 114 41 quo
1758 2196 163 41 factus
1872 2196 114 41 est
1937 2196 163 41 servus
2051 2196 196 41 diaboli,
2198 2196 81 41 &
2214 2196 98 41 sta-

1378 2235 107 48 im
1432 2235 195 48 vigorem
1574 2235 195 48 senties
1716 2235 284 48 laetabundum.
1946 2235 195 48 Tertium
2088 2235 124 48 est
2159 2235 195 48 hominis

1376 2279 230 48 fortitudo,
1556 2279 131 48 quae
1638 2279 213 48 fortitudo
1802 2279 98 48 ex
1851 2279 180 48 quatuor
1982 2279 213 48 provenit.
2146 2279 164 48 Primo,
2244 2279 66 48 ex

1372 2329 234 49 depositone
1556 2329 200 49 peccati,
1706 2329 83 49 &
1740 2329 234 49 vinculorum
1923 2329 267 49 liberatione,
2140 2329 83 49 &
2157 2329 167 49 laetitia

1379 2363 219 59 spirituali
1551 2363 125 59 Sal.
1630 2363 156 59 Animus
1739 2363 172 59 gaudens
1864 2363 172 59 aetatem
1989 2363 188 59 floridam
2130 2363 156 59 facit,
2224 2363 94 59 spi-

1374 2415 140 44 ritus
1467 2415 124 44 vero
1544 2415 171 44 tristis
1668 2415 186 44 desiccat
1808 2415 140 44 ossa.
1901 2415 124 44 Idem
1978 2415 155 44 Secura
2087 2415 124 44 mens
2164 2415 140 44 quasi
2242 2415 78 44 ju-

1380 2460 99 50 ge
1429 2460 230 50 convivium,
1610 2460 148 50 omnes
1708 2460 131 50 dies
1790 2460 230 50 peccatoris
1971 2460 148 50 mali,
2070 2460 115 50 sic
2135 2460 148 50 etiam
2217 2460 99 50 eris

1368 2504 165 57 armatus
1488 2504 75 57 &
1518 2504 165 57 fortis,
1637 2504 75 57 &
1667 2504 75 57 a
1697 2504 165 57 carcere
1817 2504 210 57 liberatus.
1982 2504 165 57 Eccles.
2101 2504 90 57 4.
2146 2504 150 57 Melior
2236 2504 75 57 est

1372 2548 138 46 puer
1458 2548 172 46 pauper
1579 2548 86 46 &
1613 2548 190 46 sapiens
1751 2548 103 46 id
1803 2548 121 46 est
1872 2548 241 46 poenitens,
2061 2548 121 46 qui
2130 2548 155 46 novus
2217 2548 103 46 homo

1376 2585 155 64 factus
1485 2585 124 64 est,
1563 2585 186 64 secundum
1702 2585 124 64 Hier
1780 2585 109 64 50.
1842 2585 124 64 dist
1919 2585 171 64 ferrum.
2043 2585 124 64 Rege
2121 2585 124 64 sene
2198 2585 78 64 &
2214 2585 93 64 stul

1374 2636 103 46 to,
1433 2636 88 46 id
1477 2636 103 46 est
1536 2636 249 46 impaenitente,
1741 2636 103 46 qui
1800 2636 161 46 regitur
1917 2636 73 46 a
1946 2636 161 46 peccato
2064 2636 220 46 inveterato,
2240 2636 103 46 qui

1372 2684 163 38 nescit
1486 2684 131 38 sibi
1567 2684 212 38 providere
1731 2684 98 38 in
1780 2684 212 38 posterum,
1943 2684 114 38 cum
2008 2684 82 38 &
2041 2684 98 38 de
2090 2684 179 38 carcere
2204 2684 114 38 cate-

1380 2723 153 47 nisque
1487 2723 122 47 quis
1563 2723 214 47 egrediatur
1732 2723 92 47 ad
1778 2723 153 47 regnum
1885 2723 92 47 id
1931 2723 107 47 est
1992 2723 92 47 de
2038 2723 199 47 servitute
2175 2723 138 47 diaboli

1372 2773 198 38 eripitur
1520 2773 99 38 in
1569 2773 231 38 libertatem
1751 2773 132 38 Dei,
1833 2773 132 38 quod
1915 2773 132 38 sit,
1998 2773 165 38 quando
2113 2773 181 38 Pharaon
2229 2773 82 38 cum

1372 2804 184 48 omnibus
1506 2804 218 48 Aegyptiis
1674 2804 251 48 submergitur
1875 2804 100 48 in
1925 2804 134 48 mari
2009 2804 151 48 rubro
2109 2804 134 48 Exo.
2193 2804 117 48 14.
2243 2804 67 48 1c

1378 2851 118 48 est
1446 2851 101 48 in
1496 2851 152 48 amara
1597 2851 135 48 aqua
1682 2851 253 48 lachrymarum
1884 2851 118 48 per
1952 2851 219 48 passionis
2120 2851 186 48 Christi
2239 2851 67 48 me

1366 2897 173 42 moriam
1487 2897 225 42 rubricam.
1660 2897 208 42 Secundo,
1816 2897 104 42 ex
1868 2897 260 42 assumptione
2076 2897 243 42 armaturae,
2250 2897 69 42 de

1385 2940 114 50 qua
1450 2940 211 50 Apostolus
1612 2940 97 50 ad
1661 2940 130 50 Eph.
1742 2940 97 50 6.
1791 2940 179 50 Induite
1921 2940 114 50 vos
1986 2940 211 50 armaturam
2148 2940 130 50 Dei,
2230 2940 81 50 a
2262 2940 97 50 ut

1373 2991 185 44 possitis
1511 2991 139 44 stare
1604 2991 185 44 adversus
1743 2991 185 44 insidias
1881 2991 185 44 diaboli,
2020 2991 123 44 quia
2097 2991 108 44 non
2159 2991 108 44 est
2205 2991 108 44 vobis

1378 3035 247 48 colluctatio
1575 3035 198 48 adversus
1724 3035 148 48 carne
1823 3035 82 48 &
1856 3035 214 48 sanguine,
2020 3035 115 48 sed
2086 3035 198 48 adversus
2218 3035 99 48 prin

1371 3071 155 44 cipes
1474 3071 86 44 &
1509 3071 259 44 potestates,
1716 3071 207 44 adversus
1871 3071 155 44 mundi
1974 3071 207 44 rectores
2112 3071 207 44 tenebrarum

1374 3113 147 45 harum,
1477 3113 147 45 contra
1580 3113 220 45 spiritualia
1756 3113 191 45 nequitiae
1902 3113 88 45 in
1946 3113 220 45 coelestibus
2122 3113 88 45 &c
2166 3113 132 45 state
2240 3113 73 45 er-

1376 3156 93 46 po
1422 3156 201 46 succincti
1577 3156 155 46 lumbos
1685 3156 170 46 vestros
1809 3156 93 46 in
1855 3156 201 46 veritate,
2010 3156 77 46 &
2041 3156 155 46 induti
2149 3156 155 46 lorica
2242 3156 77 46 ju-

1364 3205 181 45 stitiae,
1500 3205 76 45 &
1530 3205 181 45 calciati
1666 3205 136 45 pedes
1757 3205 91 45 in
1802 3205 257 45 praeparatione
2014 3205 196 45 Evangelii
2165 3205 151 45 pacis,
2256 3205 60 45 in

1363 3252 193 51 omnibus.
1508 3252 193 51 sumentes
1653 3252 161 51 scutum
1766 3252 161 51 fidei,
1879 3252 97 51 in
1927 3252 113 51 quo
1992 3252 193 51 possitis
2137 3252 145 51 omnia
2217 3252 97 51 tela

1362 3292 242 46 nequissima
1552 3292 155 46 ignea
1655 3292 259 46 extinguere,
1862 3292 86 46 &
1897 3292 173 46 galeam
2018 3292 190 46 salutis
2138 3292 173 46 assumere

1373 3332 81 47 &
1405 3332 179 47 gladium
1535 3332 211 47 spiritus,
1698 3332 130 47 quod
1779 3332 114 47 est
1844 3332 162 47 verbum
1958 3332 130 47 Dei.
2039 3332 162 47 Tertio
2153 3332 97 47 ex
2185 3332 130 47 socie-

1369 3379 152 56 tate
1464 3379 247 56 exercitus
1654 3379 190 56 omnium
1787 3379 247 56 iustorum,
1976 3379 152 56 quia
2071 3379 133 56 cum
2128 3379 190 56 peccator

1374 3420 166 46 quandiu
1494 3420 90 46 in
1539 3420 166 46 peccato
1660 3420 211 46 persistit,
1825 3420 135 46 solus
1916 3420 120 46 sit,
1991 3420 75 46 &
2021 3420 120 46 ideo
2096 3420 105 46 vae
2156 3420 135 46 soli,
2232 3420 90 46 quia

1377 3459 126 55 non
1449 3459 163 55 habet
1558 3459 289 55 sublevantem,
1792 3459 108 55 ut
1846 3459 126 55 ait
1919 3459 217 55 Salomon,
2081 3459 90 55 &
2117 3459 217 55 probatur
2262 3459 54 55 8

1372 3500 140 52 dist.
1466 3500 93 52 in
1512 3500 187 52 omnibus,
1652 3500 93 52 ex
1699 3500 109 52 quo
1761 3500 124 52 vere
1839 3500 249 52 confiteatur,
2041 3500 109 52 tam
2103 3500 124 52 cito
2166 3500 156 52 associa-

1375 3549 116 54 tur
1442 3549 215 54 exercitui
1607 3549 166 54 omnium
1723 3549 215 54 justorum,
1889 3549 116 54 qui
1955 3549 133 54 sunt
2038 3549 99 54 in
2088 3549 199 54 ecclesia
2221 3549 99 54 Dei,
