2495 4158
134 436 146 63 lunt
225 436 256 63 pauperibus
426 436 220 63 erogare.
591 436 146 63 unde
683 436 220 63 episcopi
847 436 110 63 in
902 436 183 63 vacuum
1012 436 73 63 no

147 485 100 46 men
204 485 171 46 portant,
332 485 100 46 86.
389 485 214 46 distinction
560 485 157 46 fratrem
674 485 171 46 nostrum.
803 485 71 46 &
831 485 143 46 capit.
931 485 100 46 non
988 485 128 46 satis

144 525 368 46 Septimumdecimum,
457 525 147 46 quia
549 525 276 46 negligenter
770 525 239 46 defendunt
936 525 147 46 viduas

147 572 84 45 &
181 572 218 45 orphanos,
348 572 84 45 &
382 572 218 45 pauperes,
549 572 84 45 &
583 572 151 45 alias
683 572 201 45 personas
834 572 251 45 miserabiles
1018 572 67 45 ac

156 614 226 45 defensionem
337 614 166 45 eccles.
458 614 226 45 spectantes,
639 614 91 45 87
684 614 196 45 distinct.
835 614 106 45 per
895 614 151 45 totum.
986 614 91 45 Octa

149 660 277 47 vumdecimum,
370 660 148 47 quia
462 660 184 47 nimiam
591 660 166 47 curam
702 660 184 47 habent
831 660 111 47 de
886 660 166 47 rebus
978 660 111 47 tem-

150 701 233 54 poralibus,
334 701 117 54 cum
400 701 150 54 tamen
500 701 200 54 scriptum
650 701 133 54 sit,
733 701 133 54 quod
817 701 200 54 episcopi
950 701 133 54 nullam

147 749 108 42 rei
208 749 216 42 familiaris
378 749 139 42 curam
470 749 92 42 ad
516 749 92 42 se
562 749 200 42 revocent:
716 749 108 42 sed
778 749 185 42 lectioni
917 749 77 42 &
947 749 169 42 oratio-

139 791 111 43 ni,
202 791 79 43 &
234 791 142 43 verbo
329 791 285 43 praedicationis
566 791 221 43 tantummodo
740 791 174 43 vacent,
867 791 111 43 86.
914 791 174 43 distinct.

150 836 194 47 perlatum
295 836 129 47 est,
376 836 81 47 &
408 836 162 47 duobus
521 836 194 47 capitul.
667 836 259 47 sequentibus.
861 836 226 47 Nonumdecimum

142 875 130 47 est,
223 875 130 47 quia
304 875 113 47 uni
369 875 195 47 personae
515 875 146 47 plura
612 875 211 47 beneficia
774 875 243 47 conferuntur
952 875 130 47 contra

136 924 236 39 Apostolum,
321 924 84 39 &
355 924 152 39 Greg.
456 924 101 39 &.
507 924 202 39 distinct
658 924 202 39 singula.
810 924 236 39 Vigesimum,
978 924 101 39 quis

140 962 188 48 nolunt
272 962 188 48 habere
403 962 263 48 oeconomos,
609 962 131 48 sub
684 962 188 48 quorum
815 962 263 48 testimonio
1003 962 75 48 re

141 1009 205 42 ecclesiae
299 1009 236 42 gubernentur
488 1009 157 42 contra
598 1009 142 42 iura,
692 1009 94 42 &.
739 1009 252 42 distinction.
928 1009 142 42 volumus

144 1052 73 47 &
174 1052 116 47 cap.
246 1052 87 47 in
290 1052 203 47 quibusdam.
449 1052 102 47 16.
507 1052 87 47 q.
551 1052 87 47 6.
594 1052 160 47 quontam
711 1052 87 47 9.
754 1052 87 47 q.
798 1052 87 47 3.
841 1052 102 47 cum
899 1052 160 47 scimus.
1015 1052 73 47 &
1030 1052 58 47 si

140 1090 161 63 habent
253 1090 225 63 oeconomos,
430 1090 161 63 nolunt
543 1090 161 63 habere
655 1090 129 63 nisi
736 1090 177 63 laicos,
865 1090 161 63 contra
961 1090 113 63 Greg.

137 1136 88 49 &.
181 1136 191 49 distinct.
328 1136 205 49 indicatum.
489 1136 103 49 16.
548 1136 103 49 qu.
607 1136 88 49 6.
651 1136 117 49 nova
724 1136 176 49 actione,
856 1136 103 49 vel
915 1136 191 49 consangui

136 1180 133 47 neos,
225 1180 148 47 contra
328 1180 163 47 concil.
447 1180 207 47 Toletanum,
609 1180 103 47 89.
668 1180 236 47 distinction.
860 1180 192 47 decenter.
1008 1180 103 47 ubi

135 1228 234 47 episcopus
315 1228 162 47 usque
423 1228 108 47 ad
477 1228 162 47 annum
585 1228 288 47 suspenditur,
819 1228 90 47 &
855 1228 234 47 oeconomus
1017 1228 72 47 in

127 1270 187 46 duplum
258 1270 225 46 punitur.
427 1270 243 46 Vigesimum
614 1270 187 46 primum
745 1270 150 46 est,
839 1270 150 46 quia
932 1270 150 46 unus
1007 1270 75 46 in

139 1310 143 44 videt
235 1310 143 44 alii,
330 1310 80 44 &
362 1310 175 44 laborat
490 1310 96 44 ut
537 1310 159 44 cadat,
649 1310 80 44 &
681 1310 143 44 etiam
776 1310 96 44 ad
824 1310 175 44 invicem
936 1310 143 44 discre-

131 1351 119 54 pant
206 1351 89 54 in
250 1351 179 54 divinis,
384 1351 104 54 po.
444 1351 179 54 distinct
578 1351 89 54 c.
623 1351 194 54 penultim.
772 1351 75 54 &
802 1351 119 54 fin.
876 1351 194 54 Vigesimum
1010 1351 60 54 se

132 1397 163 46 cundum
246 1397 131 46 est,
328 1397 131 46 quia
409 1397 245 46 appropriant
605 1397 131 46 sibi
687 1397 147 46 omnia
785 1397 131 46 bona
850 1397 229 46 ecclesiasti-

137 1441 112 49 ca,
201 1441 143 49 solus
296 1441 127 49 enim
376 1441 207 49 episcopus
535 1441 191 49 incumbit
679 1441 159 49 bonis,
790 1441 143 49 solus
886 1441 127 49 sibi
950 1441 127 49 vendi-

142 1483 111 48 cat
206 1483 206 48 universa,
364 1483 143 48 solus
460 1483 175 48 occidit
587 1483 222 48 universos,
761 1483 111 48 hoc
825 1483 127 48 est,
888 1483 191 48 principium

136 1525 159 54 litis,
248 1525 80 54 &
280 1525 271 54 detractionis,
503 1525 80 54 &
535 1525 144 54 origo
630 1525 207 54 criminis:
790 1525 80 54 &
822 1525 128 54 ideo
902 1525 80 54 a
918 1525 159 54 clericis

123 1574 243 52 accusatur,
313 1574 87 52 &
348 1574 208 52 damnatur
504 1574 87 52 a
539 1574 173 52 domino
660 1574 139 52 Jesu
747 1574 208 52 Christo:
903 1574 139 52 quia
972 1574 104 52 cla-

134 1619 130 48 mor
209 1619 167 48 eorum
320 1619 185 48 intrat
449 1619 111 48 in
505 1619 167 48 aures
616 1619 185 48 Domini
746 1619 222 48 Sabaoth,
894 1619 185 48 secundum

127 1657 141 57 Joan.
222 1657 110 57 93.
284 1657 236 57 distinctio.
473 1657 189 57 diaconi.
614 1657 204 57 Vigesimum
771 1657 189 57 tertium,
913 1657 126 57 quia
976 1657 94 57 con-

130 1705 181 42 temnunt
261 1705 263 42 presbyteros,
475 1705 82 42 &
508 1705 115 42 ubi
573 1705 132 42 ipsi
656 1705 115 42 non
721 1705 148 42 sunt,
820 1705 115 42 non
886 1705 230 42 permittunt

135 1742 104 52 eis
195 1742 178 52 officium
328 1742 163 52 facere,
447 1742 104 52 vel
506 1742 223 52 praedicare,
684 1742 89 52 ac
729 1742 89 52 si
773 1742 148 52 essent
877 1742 178 52 gibbosi,
996 1742 74 52 ve-

131 1787 190 47 idiotae,
274 1787 111 47 vel
337 1787 111 47 eis
401 1787 238 47 inviderent,
591 1787 111 47 cum
655 1787 143 47 tamen
750 1787 190 47 episcopi
893 1787 95 47 ad
940 1787 111 47 ho:
988 1787 79 47 fa-

130 1830 110 45 cti
193 1830 142 45 sint,
288 1830 95 45 ut
335 1830 221 45 schisimata
509 1830 252 45 tollerentur,
713 1830 79 45 &
745 1830 95 45 de
792 1830 252 45 consuetudine
981 1830 95 45 tan-

124 1872 123 51 tum
195 1872 210 51 praesunt
352 1872 280 51 presbyteris,
580 1872 210 51 deberent
737 1872 140 51 enim
825 1872 228 51 ecclesiam
982 1872 88 51 Dei

126 1924 158 49 regere
237 1924 95 49 in
284 1924 190 49 communi,
426 1924 111 49 95.
490 1924 237 49 distinctio.
679 1924 142 49 olim.
774 1924 111 49 cum
837 1924 126 49 enim
900 1924 174 49 presbyter

133 1960 198 59 Christum
282 1960 232 59 consecret,
464 1960 132 59 quod
547 1960 149 59 majus
646 1960 132 59 est,
729 1960 149 59 quare
828 1960 215 59 praesente
977 1960 99 59 epi-

129 2004 138 47 scopo
221 2004 107 47 non
282 2004 169 47 poterit
405 2004 230 47 praedicare,
589 2004 138 47 eadem
681 2004 169 47 distin.
804 2004 123 47 ecce
881 2004 107 47 ego
927 2004 138 47 gaudeal

138 2048 132 51 ergo
221 2048 231 51 episcopus,
403 2048 99 51 si
452 2048 149 51 bonos
552 2048 165 51 habeat
667 2048 264 51 presbyteros,
882 2048 116 51 qui
948 2048 116 51 nec
998 2048 66 51 ha

121 2087 143 60 beant
216 2087 143 60 ipsum
312 2087 95 60 ut
359 2087 222 60 principem,
534 2087 127 60 nisi
613 2087 95 60 ut
661 2087 127 60 ipse
740 2087 159 60 habeat
852 2087 127 60 eos,
931 2087 95 60 ut
963 2087 111 60 sena-

135 2140 151 39 tores.
241 2140 121 39 ead.
316 2140 136 39 dist.
407 2140 121 39 esto
483 2140 212 39 subjectus.
649 2140 197 39 Vigesimum
801 2140 182 39 quartum,
937 2140 121 39 quia
997 2140 76 39 or-

134 2180 160 46 dinant
246 2180 112 46 per
310 2180 208 46 pecuniam,
469 2180 80 46 &
501 2180 144 46 tales
597 2180 208 46 incurrunt
757 2180 176 46 iepram,
884 2180 96 46 1.
932 2180 96 46 q.
980 2180 80 46 1
996 2180 80 46 cum

125 2234 181 44 ordinetur
264 2234 195 44 episcopus,
418 2234 70 44 &
446 2234 139 44 capit.
543 2234 112 44 eos,
613 2234 70 44 &
641 2234 84 44 c.
683 2234 112 44 cito
752 2234 153 44 turpem.
864 2234 98 44 nec
920 2234 84 44 de
947 2234 112 44 radice

126 2267 161 48 infecta
243 2267 131 48 bonus
331 2267 161 48 fructus
448 2267 131 48 exire
535 2267 161 48 potest,
652 2267 117 48 ead.
725 2267 88 48 q.
769 2267 161 48 fertur.
886 2267 73 48 &
915 2267 117 48 nisi
973 2267 88 48 tali

125 2303 215 52 renunciet,
294 2303 169 52 salvari
416 2303 107 52 non
478 2303 184 52 poterit,
616 2303 184 52 secundum
754 2303 138 52 Greg.
846 2303 92 52 1.
892 2303 107 52 q.1
954 2303 92 52 si
984 2303 77 52 qui

114 2356 181 47 neque.
240 2356 235 47 Vigesimum
421 2356 217 47 quintum,
583 2356 144 47 quia
674 2356 90 47 &
710 2356 181 47 multis
836 2356 163 47 aliis
945 2356 163 47 modis

125 2398 234 55 committunt
309 2398 217 55 simoniam,
477 2398 151 55 super
577 2398 117 55 quo
644 2398 151 55 ride,
744 2398 134 55 quod
828 2398 134 55 not.
911 2398 151 55 supr.
995 2398 67 55 de

117 2442 166 55 sinon.
266 2442 199 55 qualiter
415 2442 265 55 committatur.
631 2442 215 55 Vigesimum
796 2442 182 55 sextum,
929 2442 132 55 quia
995 2442 66 55 u-

117 2492 174 47 tuntur
238 2492 208 47 consilio
394 2492 243 47 clericorum
585 2492 278 47 extraneorum,
811 2492 87 47 &
846 2492 139 47 suos
932 2492 122 47 qui
985 2492 69 47 me

116 2528 124 51 lius
194 2528 186 51 scirent,
334 2528 78 51 &
365 2528 171 51 vellent
489 2528 78 51 &
520 2528 171 51 possunt
645 2528 109 51 eis
707 2528 202 51 consulere
862 2528 233 51 contemnunt.

125 2567 138 60 supra
217 2567 92 60 de
263 2567 123 60 his,
339 2567 123 60 quae
416 2567 138 60 fiunt
508 2567 77 60 a
539 2567 169 60 praelat
661 2567 153 60 novit.
769 2567 199 60 Vigesimum
907 2567 153 60 septimum

124 2615 132 56 quia
206 2615 148 56 laici
304 2615 164 56 sciunt
420 2615 148 56 eorum
518 2615 280 56 conscientiam,
749 2615 82 56 &
781 2615 230 56 presbyteri
946 2615 115 56 igno-

126 2667 144 48 rant:
222 2667 112 48 nec
286 2667 160 48 habent
397 2667 144 48 secum
493 2667 176 48 idoneos
621 2667 271 48 cubicularios,
844 2667 96 48 2.
892 2667 112 48 qu.
956 2667 96 48 7.
988 2667 80 48 cum

124 2700 209 46 pastoris,
284 2700 80 46 &
317 2700 96 46 c.
365 2700 209 46 pervenit.
525 2700 209 46 Vigesimum
686 2700 193 46 octavum,
830 2700 128 46 quia
911 2700 80 46 &
943 2700 96 46 si
975 2700 80 46 di-

112 2743 99 60 in
161 2743 215 60 clericatu
326 2743 198 60 fuerint,
475 2743 132 60 sunt
557 2743 149 60 tamen
656 2743 198 60 idiotae,
805 2743 83 60 &
838 2743 231 60 permittunt
1003 2743 50 60 s

123 2788 86 47 in
166 2788 186 47 episcopos
308 2788 200 47 promoveri,
465 2788 100 47 23.
522 2788 128 47 dist.
608 2788 114 47 quia
680 2788 186 47 episcopi,
822 2788 100 47 38.
879 2788 128 47 dist.
951 2788 114 47 omnis.

112 2833 128 49 ideo
192 2833 176 49 talibus
320 2833 144 49 dicit
417 2833 192 49 Dominus,
561 2833 96 49 Tu
609 2833 208 49 scientiam
769 2833 208 49 repulisti
930 2833 80 49 a
962 2833 112 49 te,
1010 2833 48 49 &

118 2875 94 56 ego
171 2875 81 56 te
212 2875 175 56 repellam,
346 2875 81 56 1.
387 2875 81 56 q.
427 2875 81 56 7.
467 2875 256 56 convenientibis.
682 2875 81 56 1.
723 2875 94 56 qu.
777 2875 81 56 1.
817 2875 202 56 vilissimus,
978 2875 108 56 quod

114 2917 213 54 intelligas
281 2917 91 54 de
327 2917 168 54 defectu
449 2917 152 54 nimio,
556 2917 91 54 ut
602 2917 137 54 supra
693 2917 91 54 de
739 2917 122 54 aeta
815 2917 76 54 &
846 2917 168 54 qualit.
952 2917 107 54 quam-

110 2964 112 47 vis
174 2964 160 47 aliter
286 2964 241 47 imperfectum
479 2964 208 47 scientiae
639 2964 192 47 supplere
783 2964 160 47 potest
880 2964 176 47 perfectio

108 3021 212 46 charitatis.
278 3021 127 46 supra
363 3021 85 46 de
405 3021 156 46 renunc.
518 3021 113 46 nisi
589 3021 99 46 cum
646 3021 156 46 pridem,
759 3021 85 46 .
801 3021 99 46 pro
858 3021 156 46 defectu
971 3021 113 46 quoq

105 3048 242 58 scientiae.
295 3048 225 58 Vigesimum
468 3048 173 58 nonum,
590 3048 139 58 quia
676 3048 121 58 cum
745 3048 190 58 promoti
884 3048 156 58 sint,
970 3048 87 58 ne-

101 3107 193 43 gligunt
242 3107 246 43 addiscere,
435 3107 123 43 vel
505 3107 211 43 edoceri,
664 3107 176 43 contra
787 3107 193 43 sanctum
909 3107 141 43 Clemen

107 3143 115 50 tem,
178 3143 101 50 qui
236 3143 129 50 tales
322 3143 158 50 reputat
437 3143 201 50 infideles.
595 3143 101 50 39.
653 3143 158 50 distin.
768 3143 144 50 nullis
868 3143 201 50 episcopus.
1012 3143 43 50 &

100 3181 199 46 secundum
250 3181 166 46 Grego.
366 3181 183 46 stultus
499 3181 133 46 est,
582 3181 116 46 qui
648 3181 100 46 in
698 3181 100 46 eo
748 3181 183 46 majorem
881 3181 100 46 se
914 3181 133 46 existi

106 3236 126 39 mat,
185 3236 94 39 ut
232 3236 142 39 bona,
326 3236 126 39 quae
405 3236 189 39 audierit
547 3236 204 39 addiscere
704 3236 220 39 contemnat,
877 3236 110 39 22.
924 3236 126 39 distin

108 3277 86 45 de
151 3277 329 45 Constantinopolitana
437 3277 114 45 post
508 3277 114 45 cap.
580 3277 100 45 ap.
637 3277 100 45 se.
694 3277 129 45 alias
780 3277 100 45 non
837 3277 100 45 est
880 3277 172 45 capitulum-

109 3312 124 50 Idem
187 3312 155 50 probat
296 3312 140 50 Augu.
389 3312 109 50 24.
451 3312 93 50 q.
498 3312 93 50 3.
544 3312 93 50 si
591 3312 155 50 habes.
700 3312 78 50 &
731 3312 155 50 Innoc.
840 3312 171 50 dicens,
964 3312 124 50 quod

102 3363 227 48 episcopus
276 3363 192 48 propter
416 3363 245 48 exercitium
608 3363 192 48 legendi
748 3363 175 48 potest
853 3363 192 48 acquirere

102 3396 190 55 scientiae
248 3396 219 55 Margaritam.
423 3396 131 55 supr.
511 3396 87 55 de
554 3396 160 55 renunc,
671 3396 117 55 post
744 3396 248 55 translationem
963 3396 87 55 cae-

101 3445 145 47 terum.
203 3445 131 47 vers.
290 3445 116 47 item
363 3445 87 47 si
407 3445 116 47 quis
479 3445 160 47 propter
596 3445 218 47 literaturae
770 3445 189 47 defectum.
915 3445 102 47 nam
959 3445 87 47 omne

101 3492 248 45 artificium
296 3492 124 45 per
367 3492 231 45 continuum
545 3492 248 45 exercitium
740 3492 195 45 recipit
864 3492 177 45 incremen

100 3524 95 54 tum
155 3524 95 54 ff.
209 3524 81 54 de
250 3524 108 54 leg.
317 3524 81 54 3.
358 3524 149 54 legatis
466 3524 149 54 servis.
575 3524 81 54 .
615 3524 230 54 ornatricibus.
805 3524 203 54 Trigesimum,
968 3524 95 54 qui
1008 3524 41 54 a

99 3581 189 48 nolunt,
236 3581 120 48 vel
305 3581 206 48 nesciunt
460 3581 223 48 canonibus
632 3581 206 48 obedire,
786 3581 155 48 quare
872 3581 172 48 debereni

100 3620 105 45 ab
153 3620 105 45 ad
206 3620 299 45 ministratione
452 3620 158 45 usque
557 3620 105 45 ad
610 3620 228 45 condignam
768 3620 281 45 satisfactionem

94 3661 181 45 removeri.
233 3661 97 45 25.
289 3661 84 45 q.
331 3661 70 45 1
359 3661 125 45 omnia
442 3661 209 45 decretalia.
609 3661 97 45 15.
665 3661 125 45 dist.
749 3661 139 45 sancta
846 3661 139 45 Romana
930 3661 111 45 eccle-

90 3705 109 58 sia.
159 3705 96 58 19.
213 3705 164 58 distinct
336 3705 82 58 si
377 3705 177 58 Romanorum
514 3705 82 58 4.
555 3705 205 58 distinctio.
718 3705 82 58 .
759 3705 109 58 fin.
828 3705 96 58 qui
882 3705 109 58 enim
937 3705 109 58 nescit

93 3756 189 39 obedire
231 3756 241 39 canonibus,
420 3756 121 39 non
489 3756 121 39 est
558 3756 172 39 dignus
678 3756 224 39 altaribus
833 3756 207 39 ministrare

84 3796 106 46 25.
144 3796 91 46 q.
190 3796 76 46 1
220 3796 106 46 hac
281 3796 182 46 consona.
417 3796 106 46 nam
477 3796 166 46 canones
598 3796 197 46 instinctu
750 3796 182 46 Spiritus
886 3796 151 46 sancti
976 3796 61 46 fa

1134 443 87 64 cti
1183 443 112 64 sunt,
1258 443 87 64 50.
1307 443 124 64 distin
1394 443 74 64 si
1432 443 112 64 ille.
1506 443 62 64 &
1531 443 112 64 capit
1605 443 74 64 si
1643 443 99 64 quis
1705 443 149 64 diaconus
1816 443 87 64 30.
1866 443 161 64 distinct.
1990 443 112 64 illud

1138 503 134 51 ane.
1222 503 134 51 unde
1305 503 83 51 &
1339 503 150 51 eorum
1439 503 234 51 violatores
1622 503 184 51 peccant
1756 503 100 51 in
1806 503 184 51 Spiritu
1923 503 150 51 sancto.

1133 539 99 63 15.
1189 539 85 63 q.
1232 539 71 63 1
1260 539 198 63 violatores
1415 539 71 63 &
1443 539 113 63 cap.
1514 539 113 63 sunt
1584 539 155 63 quidam.
1697 539 155 63 ideoque
1810 539 85 63 si
1852 539 183 63 episcopi,
1979 539 85 63 quia

1130 573 142 62 saepe
1225 573 79 62 &
1257 573 174 62 saepius
1383 573 285 62 contraveniunt,
1620 573 142 62 saepe
1715 573 79 62 &
1747 573 174 62 saepius
1873 573 221 62 puniuntur.

1138 620 111 70 upra
1207 620 83 70 de
1249 620 153 70 excess.
1360 620 139 70 prael.
1457 620 125 70 nimis
1540 620 153 70 iniqua,
1651 620 69 70 &
1679 620 153 70 capitul
1790 620 125 70 nimis
1873 620 125 70 prara
1956 620 69 70 &
1984 620 111 70 cap.

1127 669 159 54 tanta.
1238 669 159 54 igitur
1349 669 286 54 praesumptuosum
1588 669 127 54 est,
1667 669 206 54 asserere,
1826 669 127 54 quod
1905 669 191 54 statutis

1122 703 210 58 sacrorum
1279 703 192 58 canonum
1419 703 105 58 in
1471 703 122 58 sua
1541 703 227 58 firmitate
1716 703 262 58 manentibus,
1926 703 122 58 per
1979 703 87 58 so-

1130 754 98 56 am
1179 754 180 56 Bibliam
1309 754 131 56 regi
1391 754 163 56 posset
1505 754 196 56 ecclesia
1652 754 163 56 sancta
1766 754 131 56 Dei:
1848 754 114 56 sed
1913 754 114 56 hoc
1962 754 98 56 tan-

1114 796 126 65 tum
1186 796 288 65 consueverunt
1420 796 234 65 asserere,
1600 796 126 65 jus
1672 796 234 65 canonicum
1834 796 234 65 ignorantes:

1123 845 111 62 qui
1187 845 143 62 tamen
1282 845 159 62 eosdem
1393 845 238 62 astringunt:
1584 845 95 62 ut
1632 845 143 62 patet
1727 845 143 62 supra
1823 845 95 62 de
1870 845 223 62 constitut.

1132 892 159 44 apitul.
1247 892 144 44 primo,
1348 892 72 44 &
1377 892 130 44 final
1463 892 130 44 supra
1550 892 86 44 de
1593 892 159 44 tempor.
1708 892 144 44 ordin.
1809 892 101 44 vel
1867 892 101 44 non
1924 892 101 44 est
1968 892 86 44 com-

1120 921 131 58 pos,
1202 921 82 58 &
1234 921 115 58 hoc
1300 921 147 58 multi
1398 921 164 58 Sancti
1513 921 246 58 comprobant.
1710 921 115 58 19.
1775 921 82 58 &
1808 921 197 58 sequent.
1939 921 131 58 tribus

1121 975 231 60 distinction.
1308 975 101 60 per
1366 975 144 60 totum,
1467 975 72 60 &
1495 975 159 60 August.
1611 975 101 60 35.
1668 975 187 60 distinct.
1813 975 115 60 quae
1885 975 144 60 ipsis.
1971 975 101 60 Trige

1118 1011 160 70 simum
1225 1011 196 70 primum,
1367 1011 142 70 quia
1456 1011 142 70 sunt
1545 1011 160 70 nimis
1652 1011 196 70 creduli
1794 1011 107 70 in
1830 1011 249 70 praejudicium

1114 1060 201 56 aliorum,
1265 1060 84 56 &
1298 1060 201 56 antequam
1449 1060 117 56 eis
1515 1060 184 56 constet
1649 1060 100 56 de
1699 1060 201 56 crimine,
1850 1060 134 56 suas
1917 1060 150 56 senten-

1119 1099 131 56 tias
1200 1099 229 56 fulminant,
1380 1099 163 56 contra
1494 1099 180 56 Gregor.
1625 1099 212 56 dicentem,
1788 1099 98 56 si
1837 1099 131 56 quid
1919 1099 98 56 de
1968 1099 131 56 quo-

1115 1147 169 48 cunque
1233 1147 185 48 clerico
1368 1147 101 48 ad
1419 1147 152 48 aures
1520 1147 135 48 tuas
1604 1147 253 48 pervenerit,
1806 1147 169 48 facile
1924 1147 118 48 non
1975 1147 101 48 cre-

1122 1185 123 66 das.
1198 1185 108 66 86.
1260 1185 246 66 distinction.
1460 1185 92 66 si
1506 1185 123 66 quid
1582 1185 123 66 vero
1659 1185 92 66 de
1705 1185 215 66 quocunque.
1874 1185 169 66 quamvis
1982 1185 92 66 enim

1120 1237 189 56 quaedam
1258 1237 138 56 vera
1344 1237 155 56 sint,
1447 1237 155 56 tamen
1550 1237 103 56 in
1602 1237 189 56 judicio
1740 1237 121 56 non
1809 1237 138 56 sunt
1878 1237 189 56 credenda,

1114 1280 133 59 nisi
1197 1280 166 59 certis
1313 1280 199 59 indiciis
1463 1280 299 59 demonstrentur,
1712 1280 199 59 secundum
1861 1280 199 59 Astgust.
1994 1280 66 59 11

1133 1324 199 61 naestion.
1286 1324 92 61 3.
1332 1324 184 61 quamvis.
1470 1324 123 61 ideo
1546 1324 107 61 non
1608 1324 138 61 solum
1699 1324 123 61 ille
1776 1324 123 61 reus
1853 1324 123 61 est,
1929 1324 107 61 qui
1975 1324 92 61 fal-

1115 1368 113 45 sum
1179 1368 97 45 de
1228 1368 161 45 aliquo
1341 1368 193 45 profert,
1486 1368 113 45 sed
1550 1368 145 45 etiam
1647 1368 145 45 ille,
1744 1368 113 45 qui
1808 1368 145 45 aurem
1905 1368 129 45 cito
1969 1368 97 45 cri-

1111 1413 173 45 minibus
1237 1413 189 45 praebet,
1378 1413 94 45 11
1426 1413 220 45 quaestion.
1599 1413 94 45 3.
1646 1413 110 45 non
1709 1413 157 45 solum.
1819 1413 79 45 &
1850 1413 94 45 si
1897 1413 110 45 non
1944 1413 126 45 essent

1112 1453 238 52 auditores,
1299 1453 119 52 non
1367 1453 170 52 essent
1486 1453 238 52 delatores:
1673 1453 136 52 quia
1758 1453 136 52 nemo
1843 1453 170 52 invito
1945 1453 119 52 audi-

1109 1495 119 46 tori
1184 1495 179 46 libenter
1318 1495 164 46 refert.
1437 1495 75 46 6
1467 1495 104 46 qu.
1526 1495 89 46 1.
1571 1495 89 46 ex
1616 1495 164 46 merito.
1735 1495 134 46 grave
1825 1495 164 46 igitur,
1944 1495 75 46 &
1959 1495 104 46 inde-

1114 1539 134 54 cens
1198 1539 117 54 est
1265 1539 151 54 super
1366 1539 101 54 re
1416 1539 151 54 dubia
1516 1539 168 54 certam
1634 1539 134 54 dare
1717 1539 251 54 sententiam,
1902 1539 168 54 secundum

1123 1578 185 57 Gregor.
1258 1578 118 57 11.
1325 1578 235 57 quaestion.
1510 1578 101 57 3.
1560 1578 168 57 grave.
1678 1578 118 57 nam
1745 1578 202 57 secundum
1897 1578 168 57 eundem
1998 1578 67 57 in

1110 1626 209 57 ambiguis
1266 1626 122 57 non
1336 1626 122 57 est
1406 1626 244 57 absolutum,
1597 1626 104 57 id
1649 1626 122 57 est
1719 1626 174 57 certum
1841 1626 209 57 judicium
1980 1626 87 57 fe-

1109 1669 169 46 rendum.
1231 1669 107 46 33.
1293 1669 246 46 distinction.
1492 1669 199 46 habuisse.
1646 1669 77 46 &
1676 1669 123 46 ideo
1753 1669 169 46 incerta
1876 1669 153 46 nullus
1968 1669 92 46 pon-

1121 1709 158 65 ificum
1232 1709 190 65 judicare
1374 1709 222 65 praesumat,
1549 1709 174 65 quamyis
1675 1709 127 65 vera
1754 1709 127 65 sint
1833 1709 111 65 30.
1881 1709 174 65 quaestion

1116 1757 91 54 3.
1161 1757 91 54 .
1207 1757 106 54 his
1267 1757 106 54 ita
1328 1757 243 54 respondetur.
1525 1757 76 54 &
1556 1757 182 54 frequens
1692 1757 136 54 debet
1783 1757 121 54 esse
1859 1757 227 54 insinuatio,
2026 1757 45 54 &

1108 1804 213 47 clamosa,
1268 1804 213 47 antequam
1428 1804 142 47 fiat
1517 1804 267 47 inquisitio,
1730 1804 213 47 secundum
1872 1804 196 47 concilium

1103 1846 197 59 generale,
1254 1846 136 59 supra
1345 1846 91 59 de
1391 1846 288 59 accusationibus.
1633 1846 197 59 qualiter.
1784 1846 91 59 2.
1830 1846 212 59 Trigesimnm
1981 1846 76 59 se-

1108 1892 191 54 cundum,
1246 1892 139 54 quia
1333 1892 173 54 nolunt
1454 1892 104 54 in
1506 1892 208 54 ecclesia
1662 1892 208 54 columnas
1818 1892 208 54 erigere,
1957 1892 104 54 quos

1112 1932 205 58 noverunt
1265 1932 222 58 meliores,
1436 1932 119 58 sed
1504 1932 136 58 quos
1590 1932 136 58 ipsi
1675 1932 154 58 magis
1777 1932 222 58 diligunt,
1948 1932 85 58 &
1965 1932 85 58 quo

1113 1975 105 52 rum
1173 1975 120 52 sunt
1248 1975 180 52 exequiis
1383 1975 195 52 deliniti,
1533 1975 75 52 8
1563 1975 210 52 quaestion.
1729 1975 90 52 1.
1774 1975 165 52 Morses.
1894 1975 135 52 multi
1969 1975 90 52 enim

1107 2021 217 54 aedificant
1277 2021 201 54 parietes,
1432 2021 77 54 &
1463 2021 170 54 eccles.
1587 2021 186 54 columnas
1726 2021 232 54 subtrahunt.
1912 2021 108 54 12.
1974 2021 93 54 q.
2005 2021 46 54 2

1114 2060 166 59 gloria
1230 2060 215 59 episcopi.
1396 2060 232 59 Trigesimum
1578 2060 199 59 tertium,
1727 2060 132 59 quia
1810 2060 199 59 paulatim
1959 2060 132 59 quo-

1101 2105 155 50 libet
1204 2105 138 50 anno
1290 2105 121 50 jus
1359 2105 241 50 parochiale
1549 2105 259 50 subtrahendo
1756 2105 138 50 sibi
1825 2105 241 50 appropriant:

1114 2146 104 49 ta
1166 2146 139 49 quod
1253 2146 191 49 canones
1392 2146 243 49 offendunt,
1583 2146 209 49 scilicet
1739 2146 226 49 concilium
1896 2146 156 49 Toleta-

1114 2195 110 53 num,
1183 2195 82 53 10
1224 2195 151 53 quaest.
1334 2195 82 53 3.
1375 2195 110 53 quia
1444 2195 206 53 cognovimus.
1609 2195 69 53 &
1637 2195 165 53 capitul.
1760 2195 137 53 imter.
1857 2195 96 53 16.
1912 2195 151 53 quaest.
2008 2195 41 53 1

1114 2236 198 55 onstitutum
1270 2236 113 55 est.
1341 2236 71 55 &
1369 2236 85 55 de
1411 2236 99 55 hoc
1468 2236 156 55 notatur
1581 2236 128 55 supra
1666 2236 85 55 de
1709 2236 156 55 censibu
1822 2236 85 55 .
1865 2236 170 55 qualiter
1978 2236 71 55 fu-

1108 2275 156 62 cienda
1218 2275 125 62 sit.
1296 2275 78 62 &
1327 2275 94 62 de
1374 2275 156 62 decim.
1483 2275 109 62 sub
1545 2275 94 62 .
1592 2275 219 62 duodecimo.
1764 2275 219 62 Trigesimum
1936 2275 140 62 quar-

1099 2317 127 62 tum,
1179 2317 127 62 quia
1258 2317 223 62 indiscrete
1434 2317 191 62 nituntur
1577 2317 175 62 ulcisci
1704 2317 127 62 sibi
1784 2317 175 62 illatas
1896 2317 159 62 injurias

1103 2365 206 52 personales
1265 2365 147 52 contra
1369 2365 118 52 cap.
1442 2365 88 52 2.
1487 2365 162 52 quaest.
1605 2365 88 52 7.
1649 2365 88 52 si
1693 2365 118 52 quis
1767 2365 133 52 omuem
1841 2365 206 52 traditionem.

1102 2411 87 53 in
1145 2411 116 53 fin.
1217 2411 101 53 46.
1275 2411 174 53 distinct
1406 2411 261 53 seditionarios.
1623 2411 116 53 unde
1695 2411 203 53 indiscrete
1855 2411 217 53 injuriantur

1097 2442 77 56 &
1127 2442 278 56 excommunicant,
1359 2442 93 56 23
1406 2442 201 56 quaestio.
1560 2442 93 56 4.
1607 2442 139 56 inter
1699 2442 201 56 querelas.
1854 2442 155 56 volunt
1962 2442 124 56 esso

1105 2500 182 45 actores
1238 2500 199 45 judices,
1387 2500 83 45 &
1420 2500 149 45 tamen
1520 2500 116 45 cum
1586 2500 182 45 persona
1719 2500 182 45 actoris
1851 2500 232 45 assumitur,

1115 2532 193 54 udiciaria
1263 2532 178 54 potestas
1397 2532 208 54 amittitur,
1560 2532 89 54 2.
1604 2532 163 54 quaest.
1723 2532 89 54 1.
1767 2532 89 54 .
1812 2532 104 54 sed
1871 2532 193 54 sciendum.
2005 2532 44 54 &

1094 2587 128 52 ideo
1174 2587 208 52 episcopus
1334 2587 160 52 actor,
1445 2587 112 52 vel
1509 2587 128 52 reus
1589 2587 112 52 non
1653 2587 144 52 debet
1749 2587 128 52 esse
1828 2587 160 52 judex,
1940 2587 96 52 i1
1972 2587 80 52 q.1

1103 2617 80 66 si
1143 2617 174 66 clericus.
1277 2617 80 66 4.
1317 2617 94 66 qu.
1371 2617 80 66 4.
1411 2617 80 66 c.
1451 2617 80 66 1.
1491 2617 67 66 &
1518 2617 80 66 2.
1558 2617 107 66 quod
1625 2617 107 66 dic,
1692 2617 80 66 ut
1733 2617 147 66 notatur
1840 2617 121 66 supra
1920 2617 80 66 de
1947 2617 94 66 sent.

1106 2668 67 46 &
1132 2668 81 46 re
1173 2668 175 46 judicata.
1307 2668 94 46 sub
1361 2668 148 46 rubrica
1468 2668 81 46 de
1509 2668 188 46 sententia.
1683 2668 107 46 quis
1750 2668 134 46 debet.
1844 2668 175 46 versicul.
1965 2668 81 46 item

1094 2717 187 47 ratione
1230 2717 136 47 rei.
1315 2717 238 47 Trigesimum
1502 2717 204 47 quintum,
1656 2717 136 47 quia
1741 2717 119 47 pro
1809 2717 187 47 minimis
1945 2717 136 47 cul-

1091 2757 131 45 pis
1166 2757 206 45 paratos
1316 2757 168 45 etiam
1428 2757 206 45 corrigi
1578 2757 337 45 excommunicant,
1859 2757 131 45 cum
1915 2757 131 45 tamen

1096 2798 139 53 nemo
1183 2798 296 53 excommunicare
1427 2798 192 53 debeat,
1566 2798 139 53 nisi
1653 2798 122 53 pro
1723 2798 174 53 magnis
1845 2798 227 53 peccatis,

1098 2835 73 50 &
1128 2835 145 50 quando
1229 2835 131 50 alter
1316 2835 160 50 corrigi
1433 2835 102 50 non
1491 2835 160 50 potest,
1607 2835 87 50 11
1651 2835 203 50 quaestion.
1811 2835 160 50 tertia,
1912 2835 131 50 episco-

1083 2888 123 55 pi.
1154 2888 88 55 &
1189 2888 88 55 c
1224 2888 158 55 nemo.
1329 2888 245 55 Trigesimum
1521 2888 193 55 sextum,
1662 2888 140 55 quia
1749 2888 228 55 expellunt
1907 2888 140 55 illos,

1106 2921 109 57 qui
1169 2921 311 57 praedecessoribus
1433 2921 124 57 suis
1511 2921 124 57 fide
1589 2921 140 57 liter
1682 2921 233 57 servierunt,
1869 2921 78 57 &
1900 2921 124 57 quod
1962 2921 78 57 de-

1093 2972 165 59 terius
1208 2972 132 59 est,
1290 2972 280 59 remuneratione
1521 2972 214 59 servitii,
1686 2972 132 59 quam
1768 2972 247 59 receperant,
1949 2972 99 59 spo-

1093 3007 134 66 liant,
1187 3007 134 66 contra
1281 3007 107 66 cap.
1348 3007 94 66 12.
1401 3007 81 66 q.
1442 3007 81 66 2.
1482 3007 94 66 hoc
1536 3007 121 66 hujus
1616 3007 161 66 placiti.
1737 3007 81 66 16
1777 3007 81 66 q.
1818 3007 81 66 6.
1858 3007 134 66 illud.
1939 3007 107 66 Trige-

1094 3047 154 59 simum
1196 3047 222 59 septimum,
1367 3047 137 59 quia
1453 3047 222 59 advocatis
1624 3047 120 59 vel
1692 3047 273 59 servientibus
1897 3047 137 59 nolunt

1082 3104 204 42 reddere
1231 3104 148 42 quod
1323 3104 296 42 promiserunt,
1564 3104 130 42 nec
1638 3104 167 42 ipsos
1750 3104 259 42 remunerare
1935 3104 111 42 con-

1089 3141 105 61 tra
1149 3141 135 61 jura.
1239 3141 105 61 12.
1299 3141 210 61 quaestione
1463 3141 180 61 secunda,
1598 3141 195 61 quicunque
1748 3141 210 61 suffragio.
1912 3141 75 61 &
1927 3141 105 61 capit

1103 3189 232 50 cclesiasticis.
1296 3189 90 50 ff.
1348 3189 129 50 locati
1438 3189 90 50 qui
1489 3189 141 50 operas.
1592 3189 90 50 ff.
1643 3189 77 50 de
1682 3189 103 50 var.
1746 3189 64 50 &
1772 3189 206 50 extraordina.
1939 3189 103 50 cog.
1991 3189 51 50 I-

1099 3237 173 51 orima.
1220 3237 104 51 .
1271 3237 104 51 in
1323 3237 259 51 honorariis.
1530 3237 242 51 Trigesimum
1720 3237 207 51 octavum,
1876 3237 138 51 quia
1945 3237 86 51 vo-

1085 3273 142 50 lunt
1174 3273 142 50 quod
1263 3273 124 50 eis
1334 3273 213 50 credatur
1493 3273 106 50 in
1546 3273 284 50 praejudicium
1777 3273 195 50 aliorum
1901 3273 142 50 contra

1102 3319 109 44 ura.
1171 3319 82 44 6.
1212 3319 191 44 quaestione
1362 3319 164 44 secunda,
1485 3319 191 44 episcopus,
1635 3319 68 44 &
1662 3319 164 44 capitul.
1785 3319 82 44 si
1826 3319 150 44 tantum,
1922 3319 109 44 capit.

1088 3360 184 51 placuit.
1226 3360 108 51 15.
1287 3360 215 51 quaestione
1456 3360 169 51 quinta,
1579 3360 184 51 capitul.
1717 3360 92 51 2.
1764 3360 215 51 Trigesimum
1917 3360 123 51 nonum.

1101 3406 130 55 quia
1182 3406 130 55 soli
1264 3406 163 55 volunt
1378 3406 196 55 clericos
1525 3406 212 55 deponere,
1688 3406 114 55 cum
1753 3406 147 55 tamen
1851 3406 98 55 in
1883 3406 147 55 deposi-

1093 3452 151 39 tione
1194 3452 235 39 presbyteri
1379 3452 252 39 requirantur
1580 3452 118 39 sex
1648 3452 218 39 episcopi,
1816 3452 185 39 praeter
1933 3452 101 39 pro-

1090 3492 174 49 prium,
1212 3492 122 49 qui
1281 3492 157 49 debet
1386 3492 139 49 esse
1473 3492 227 49 septimus:
1647 3492 105 49 in
1700 3492 244 49 depositone
1874 3492 157 49 diaconi

1087 3533 125 46 tres,
1171 3533 139 46 contra
1268 3533 111 46 cap.
1338 3533 97 46 50.
1393 3533 223 46 distinction.
1574 3533 167 46 studeat.
1700 3533 84 46 16
1742 3533 195 46 quaestione
1895 3533 139 46 prima,
1978 3533 56 46 de

1093 3577 173 49 trimine,
1223 3577 72 49 &
1251 3577 202 49 quaestion.
1410 3577 87 49 7.
1454 3577 159 49 foelix.
1569 3577 72 49 &
1598 3577 159 49 capitul
1713 3577 87 49 si
1757 3577 217 49 presbyteri.
1916 3577 116 49 Etenim

1093 3620 140 46 olus
1181 3620 193 46 auferre
1322 3620 123 46 non
1392 3620 176 46 potest
1515 3620 193 46 honorem
1655 3620 246 46 episcopus:
1848 3620 158 46 licet
1936 3620 88 46 so-

1088 3658 101 49 lus
1145 3658 144 49 possit
1246 3658 130 49 dare.
1333 3658 101 49 15.
1390 3658 202 49 quaestione
1549 3658 173 49 septima,
1679 3658 130 49 sexta
1765 3658 173 49 actione.
1895 3658 130 49 supra
1967 3658 58 49 de

1087 3708 179 47 translat.
1225 3708 165 47 episcop.
1349 3708 124 47 inter
1431 3708 206 47 corporalia.
1597 3708 165 47 respons.
1720 3708 124 47 prim.
1803 3708 110 47 post
1872 3708 138 47 princ.
1954 3708 83 47 unde

1078 3750 116 45 nec
1145 3750 183 45 minores
1278 3750 199 45 clericos
1427 3750 149 45 solus
1527 3750 199 45 deponere
1676 3750 183 45 potest,
1809 3750 133 45 nisi
1892 3750 116 45 cum
1942 3750 83 45 ca-

1092 3787 113 71 suo.
1163 3787 99 71 15.
1219 3787 99 71 qu.
1276 3787 85 71 7.
1318 3787 184 71 episcopus
1459 3787 141 71 nullus
1558 3787 156 71 causam,
1672 3787 113 71 quod
1742 3787 113 71 dic,
1813 3787 85 71 ut
1855 3787 127 71 nota.
1926 3787 99 71 supra
