2550 4093
198 333 85 62 &
232 333 119 62 cum
300 333 119 62 eis
367 333 254 62 placitando,
571 333 85 62 &
605 333 203 62 vexando,
757 333 220 62 laboribus
927 333 85 62 &
961 333 203 62 expensis

186 386 83 53 &
220 386 232 53 aliquoties
402 386 149 53 aliis
501 386 282 53 potentioribus
733 386 166 53 dando,
849 386 116 53 qui
916 386 149 53 ipsos
998 386 133 53 contra

187 422 155 45 veros
290 422 190 45 dominos
428 422 242 45 protegant,
618 422 104 45 in
670 422 121 45 quo
739 422 173 45 quidem
860 422 190 45 debitum
998 422 121 45 non
1050 422 86 45 re-

188 475 191 48 mittitur,
335 475 103 48 sed
394 475 176 48 augetur.
526 475 132 48 supra
614 475 88 48 de
658 475 176 48 iurejur.
790 475 103 48 eam
849 475 103 48 te.
907 475 132 48 supra
995 475 88 48 de
1025 475 117 48 decim.

192 511 99 57 tua
249 511 128 57 nobis
334 511 71 57 ยง
362 511 185 57 praetextu
504 511 114 57 vero
575 511 199 57 nequitiae,
731 511 85 57 ad
774 511 114 57 hoc.
845 511 85 57 C.
887 511 85 57 de
930 511 128 57 agri.
1015 511 71 57 &
1029 511 114 57 censi.

192 564 130 47 quent
278 564 173 47 admodum,
408 564 72 47 &
437 564 115 47 leg.
509 564 159 47 litibus
624 564 72 47 &
653 564 86 47 l.
696 564 101 47 cum
754 564 144 47 satis,
855 564 72 47 &
884 564 115 47 leg.
956 564 144 47 nemini
1042 564 101 47 autem

189 611 129 44 liceat
279 611 77 44 lb
318 611 90 44 11.
370 611 65 44 &
396 611 77 44 in
434 611 181 44 authentic.
576 611 77 44 de
615 611 181 44 quaestore.
757 611 142 44 collat.
860 611 77 44 6.
899 611 116 44 supra
976 611 77 44 de
1015 611 129 44 censi.
1092 611 39 44 o

194 652 144 40 minis
290 652 144 40 anima
386 652 160 40 Quarto
498 652 176 40 peccant
626 652 96 40 in
674 652 176 40 festis,
801 652 128 40 quae
881 652 112 40 non
945 652 176 40 colunt,
1057 652 80 40 sed

190 687 223 47 frangunt,
361 687 86 47 &
396 687 206 47 violant,
550 687 120 47 cum
619 687 103 47 in
670 687 154 47 ipsis
773 687 171 47 nullum
893 687 223 47 mercatum,
1047 687 86 47 nul

183 729 106 50 lum
244 729 122 50 opus
320 729 167 50 servile
441 729 106 50 sit
502 729 198 50 faciendum
654 729 137 50 supra
745 729 91 50 de
791 729 137 50 feri.
882 729 106 50 cap
942 729 91 50 1.
988 729 76 50 &
1018 729 91 50 de
1049 729 91 50 con-

184 772 77 61 se
223 772 166 61 distinct.
351 772 77 61 3.
389 772 90 61 ca.
440 772 77 61 1.
478 772 102 61 quod
542 772 90 61 dic
594 772 77 61 ut
632 772 115 61 notat
709 772 115 61 supra
786 772 77 61 de
824 772 115 61 feri.
901 772 77 61 ยง.
939 772 102 61 quid
1003 772 77 61 in
1041 772 90 61 eis
1080 772 51 61 ag

184 824 172 48 debeat.
309 824 78 48 &
340 824 78 48 ยง
372 824 125 48 quid
450 824 125 48 non.
528 824 156 48 Quinto
637 824 94 48 in
684 824 218 48 homicidiis
855 824 78 48 &
886 824 218 48 perjuriis,
1042 824 94 48 fal-

193 860 117 47 sis
260 860 267 47 testimoniis,
477 860 317 47 fornicationibus
743 860 83 47 &
776 860 150 47 aliis
876 860 283 47 principalibus
1093 860 50 47 &

181 900 235 48 communibus
366 900 185 48 vitiis,
500 900 218 48 injuriis,
669 900 84 48 &
702 900 168 48 damnis
820 900 202 48 vicinis,
971 900 118 48 per
1021 900 118 48 ipsos

189 952 130 44 datis.
280 952 117 44 supra
358 952 78 44 de
397 952 130 44 injur.
489 952 78 44 si
528 952 143 44 rixati,
632 952 65 44 &
658 952 117 44 capit
736 952 78 44 si
775 952 91 44 lae
827 952 117 44 serit
906 952 169 44 quispiam:
1036 952 65 44 &
1062 952 104 44 cap.

182 996 92 48 si
228 996 199 48 egressus,
381 996 77 48 &
412 996 184 48 capitul.
550 996 92 48 si
596 996 199 48 culpatua,
749 996 77 48 &
780 996 153 48 multis
887 996 153 48 aliis.
995 996 123 48 Unum
1056 996 77 48 ta-

183 1043 121 39 men
252 1043 173 39 notat.
373 1043 138 39 quod
459 1043 138 39 vita
546 1043 190 39 istorum
684 1043 173 39 tutior
805 1043 138 39 est,
891 1043 138 39 quam
960 1043 173 39 quiescen

172 1085 156 54 tium
269 1085 331 54 deliciosorum,
541 1085 214 54 divitum
697 1085 97 54 &
736 1085 273 54 ociosorum.
950 1085 156 54 Unde
1028 1085 117 54 ver

168 1121 108 50 sus.

251 1211 177 48 Divitiis
384 1211 118 48 uti,
458 1211 103 48 res
517 1211 103 48 est
576 1211 162 48 adversa
679 1211 133 48 saluti.

302 1252 170 54 bPaucos
425 1252 139 54 crede
518 1252 154 54 bonos,
626 1252 123 54 quos
703 1252 123 54 beat
780 1252 123 54 aris
842 1252 123 54 honos.

243 1308 192 63 Mollicies
391 1308 163 63 vestis,
510 1308 163 63 coitus,
628 1308 133 63 gula,
717 1308 118 63 cura
791 1308 178 63 quietis,

281 1356 165 63 Possunt
401 1356 180 63 luxuriae
536 1356 120 63 quat
612 1356 105 63 uor
672 1356 120 63 esse
732 1356 120 63 rotae.

178 1449 96 42 25.
233 1449 123 42 dist.
315 1449 164 42 ecclesie
438 1449 192 42 Principes,
589 1449 109 42 ergo
657 1449 96 42 res
712 1449 109 42 age,
780 1449 123 42 tutus
862 1449 123 42 eris,
944 1449 68 42 &
972 1449 82 42 de
1013 1449 96 42 hoc
1054 1449 82 42 nota

185 1483 128 64 supra
270 1483 100 64 eo.
327 1483 100 64 sub
384 1483 114 64 ยงcui
456 1483 171 64 monachi.
584 1483 114 64 ver.
641 1483 57 64 7.

210 1569 105 62 UI
262 1569 175 62 pueri.
384 1569 87 62 *
419 1569 105 62 Et
472 1569 175 62 quidem
594 1569 192 62 proprio
734 1569 245 62 sacerdoti,
926 1569 105 62 ex
979 1569 122 62 quo
1049 1569 122 62 dis

174 1589 101 83 &ยง
225 1589 219 83 cretionem
394 1589 186 83 habent,
529 1589 152 83 infra
630 1589 152 83 eodem
731 1589 169 83 omnis.
849 1589 186 83 Peccant
984 1589 152 83 autem
1069 1589 68 83 hi

175 1660 97 47 in
223 1660 177 47 crimine
352 1660 241 47 sacrilegii:
545 1660 80 47 &
577 1660 129 47 tunc
657 1660 129 47 sunt
738 1660 97 47 ab
786 1660 193 47 episcopo
931 1660 241 47 absolvendi,

174 1700 134 57 infra
264 1700 90 57 de
308 1700 119 57 sen.
383 1700 134 57 excom
473 1700 90 57 c.
518 1700 105 57 si.
577 1700 179 57 Secundo,
712 1700 90 57 in
757 1700 164 57 crimine
876 1700 134 57 furti
966 1700 75 57 &
981 1700 149 57 perjurii

166 1756 155 42 super.
274 1756 93 42 de
320 1756 139 42 deli,
413 1756 108 42 pue
475 1756 93 42 c.
521 1756 93 42 1.
567 1756 170 42 Tertio,
691 1756 108 42 non
753 1756 263 42 recognoscendo
969 1756 77 42 a
1000 1756 108 42 Deo
1046 1756 93 42 bona

158 1797 217 51 fortunae,
325 1797 200 51 gratiae,
475 1797 83 51 &
508 1797 200 51 naturae:
659 1797 117 51 nam
725 1797 83 51 &
759 1797 167 51 vitium
875 1797 300 51 ingratitudinis

175 1836 122 47 talis
257 1836 176 47 incurrit.
392 1836 108 47 Inst
460 1836 135 47 quibus
554 1836 95 47 mod
608 1836 108 47 tute
676 1836 95 47 fi.
730 1836 162 47 Sfinitur
852 1836 95 47 aut
906 1836 149 47 tutela.
1014 1836 149 47 Quarto,

174 1877 249 46 calumniando.
377 1877 78 46 C
408 1877 93 46 de
455 1877 109 46 epi
517 1877 78 46 &
548 1877 125 46 cle.
626 1877 140 46 omnes
720 1877 78 46 ยง
751 1877 109 46 si.
813 1877 171 46 Quinto,
938 1877 140 46 etiam
1031 1877 140 46 adul-

175 1926 98 45 te
224 1926 164 45 rando,
338 1926 115 45 vel
404 1926 246 45 fornicando,
600 1926 115 45 nam
666 1926 131 45 haec
748 1926 147 45 aetas
846 1926 213 45 aliquando
994 1926 147 45 antici-

174 1963 136 59 pataut
270 1963 122 59 supr.
351 1963 82 59 de
392 1963 122 59 desp.
473 1963 109 59 imp.
541 1963 190 59 impuberes,
691 1963 68 59 &
718 1963 68 59 c
745 1963 82 59 de
786 1963 122 59 ills,
867 1963 68 59 &
894 1963 82 59 c.
935 1963 68 59 a
962 1963 136 59 nobis,
1057 1963 68 59 &
1071 1963 68 59 nar

164 2010 128 56 rat
237 2010 165 56 Greg.
347 2010 110 56 in
401 2010 219 56 dialogo,
566 2010 146 56 quod
658 2010 183 56 quidam
786 2010 274 56 impregnavit
987 2010 146 56 matrem

167 2054 178 45 suam,a
292 2054 107 45 in
346 2054 143 45 nono
435 2054 161 45 anno.
542 2054 89 45 &
578 2054 107 45 de
631 2054 214 45 Salomone
792 2054 89 45 b
828 2054 214 45 dicitur,
988 2054 143 45 quod
1060 2054 71 45 in

176 2099 212 43 undecimo
335 2099 141 43 anno
424 2099 177 43 habuit
547 2099 194 43 filium.
688 2099 141 43 Haec
777 2099 159 43 autem
883 2099 230 43 specialia
1042 2099 88 43 non

165 2146 140 45 sunt
252 2146 209 45 trahenda
409 2146 105 45 ad
461 2146 314 45 consequentiam,
723 2146 122 45 nam
793 2146 157 45 prima
897 2146 157 45 facie
984 2146 140 45 praesu

170 2180 167 55 mitur,
287 2180 133 55 quod
370 2180 200 55 impotens
520 2180 133 55 sit,
604 2180 200 55 quousque
754 2180 217 55 evidenter
920 2180 100 55 de
954 2180 183 55 contrario

170 2220 163 61 constet,
293 2220 68 61 &
320 2220 95 61 sic
374 2220 176 61 intellige
510 2220 109 61 sup.
577 2220 81 61 de
618 2220 109 61 deli
686 2220 109 61 pue.
754 2220 81 61 c.
794 2220 81 61 1.
835 2220 95 61 sup
889 2220 81 61 de
930 2220 122 61 frig.
1011 2220 109 61 quod
1066 2220 54 61 se

178 2262 123 61 dem.
255 2262 123 61 Item
332 2262 108 61 hoc
394 2262 216 61 intelligas
563 2262 93 61 de
610 2262 123 61 doli
687 2262 170 61 capace,
810 2262 77 61 &
841 2262 247 61 intelligitur
1026 2262 108 61 quan-

167 2313 101 50 do
218 2313 118 50 est
285 2313 203 50 proximus
438 2313 237 50 pubertati,
624 2313 85 50 c
658 2313 203 50 secundum
810 2313 186 50 quosdam
945 2313 118 50 ff.
1013 2313 101 50 de
1046 2313 85 50 act

179 2356 75 52 &
209 2356 119 52 obl.
283 2356 89 52 l.
328 2356 89 52 1.
373 2356 89 52 tu
418 2356 119 52 dic,
492 2356 119 52 quod
567 2356 104 52 hoc
626 2356 149 52 potius
731 2356 104 52 per
790 2356 194 52 exteriora
939 2356 134 52 bonus
1029 2356 104 52 vir
1073 2356 45 52 a

180 2399 188 52 stimabit,
324 2399 101 52 ar.
382 2399 116 52 sup.
454 2399 87 52 de
498 2399 188 52 praesump.
642 2399 87 52 ex
686 2399 174 52 studiis,
816 2399 87 52 ut
859 2399 130 52 tamen
946 2399 145 52 scias,
1047 2399 116 52 quod

183 2439 107 52 ent
244 2439 91 52 in
289 2439 152 52 talib.
396 2439 107 52 non
457 2439 137 52 sunt,
548 2439 137 52 sicut
640 2439 91 52 in
685 2439 167 52 adultis
807 2439 167 52 crimina
929 2439 198 52 punienda.
1066 2439 76 52 15.

191 2496 90 48 q.
236 2496 75 48 1
266 2496 75 48 ยง
296 2496 90 48 ut
341 2496 135 48 itaq.
431 2496 90 48 Si
477 2496 120 48 vero
552 2496 105 48 non
612 2496 120 48 sunt
687 2496 120 48 doli
762 2496 180 48 capaces,
897 2496 75 48 d
928 2496 135 48 tales
1018 2496 105 48 non
1063 2496 75 48 te-

192 2532 165 46 nentur
308 2532 231 46 confiteri,
490 2532 83 46 &
523 2532 132 46 ideo
605 2532 116 46 non
672 2532 116 46 est
738 2532 198 46 curandum
886 2532 116 46 cui
936 2532 198 46 confitean-

186 2572 135 46 tur:
270 2572 152 46 tales
372 2572 135 46 enim
456 2572 202 46 furiosis
608 2572 270 46 comparantur:
827 2572 135 46 quia
912 2572 169 46 quorum
1013 2572 118 46 aetas

195 2615 100 60 quid
257 2615 137 60 videat,
357 2615 137 60 ignorat
457 2615 87 60 ff.
507 2615 75 60 de
544 2615 112 60 acqe.
619 2615 112 60 poss.
694 2615 75 60 l.
731 2615 75 60 1.
769 2615 62 60 ยง
794 2615 162 60 furiosus.
918 2615 75 60 C.
956 2615 75 60 de
993 2615 100 60 fal.
1056 2615 100 60 inon
1106 2615 37 60 o

189 2659 67 55 1.
222 2659 67 55 ad
244 2659 67 55 fin.

195 2731 102 64 eU
246 2731 187 64 Rustici
382 2731 85 64 *
416 2731 102 64 in
467 2731 187 64 alienis
603 2731 221 64 parochiis
773 2731 238 64 hyemantes,
960 2731 119 64 vel
1011 2731 119 64 aesti

211 2789 173 63 vantes,
337 2789 110 63 vel
400 2789 94 63 hi
447 2789 110 63 qui
509 2789 94 63 se
556 2789 235 63 transferunt
745 2789 94 63 ad
792 2789 141 63 alias
886 2789 235 63 provincias,
1059 2789 78 63 non

180 2845 155 47 animo
283 2845 223 47 remanendi
455 2845 137 47 ibi,
540 2845 120 47 sed
609 2845 155 47 forte
712 2845 103 47 ad
764 2845 172 47 tempus
884 2845 103 47 se
935 2845 206 47 obsequio
1073 2845 52 47 a

189 2876 222 47 liquorum
355 2876 222 47 magnatum
522 2876 241 47 Principum
707 2876 278 47 deputantes.
929 2876 185 47 Certum
1040 2876 93 47 est

183 2920 122 51 quod
259 2920 153 51 tales,
366 2920 92 51 si
412 2920 138 51 saici
504 2920 138 51 sunt,
596 2920 168 51 possunt
718 2920 92 51 se
764 2920 214 51 transferre
932 2920 107 51 quo
993 2920 168 51 volunt,

187 2972 111 39 dum
251 2972 143 39 tamen
346 2972 127 39 sint
425 2972 175 39 liberi,
552 2972 79 39 &
584 2972 95 39 si
632 2972 111 39 ibi
695 2972 95 39 se
743 2972 238 39 transferret
933 2972 143 39 animo
1013 2972 111 39 perpe

187 3011 115 58 tuo
252 3011 230 58 remanendi,
433 3011 148 58 facti
531 3011 164 58 essent
646 3011 230 58 parochiani
827 3011 197 58 illorum,
975 3011 99 58 in
1008 3011 131 58 quorum

187 3052 215 48 dioecesibus
358 3052 100 48 vel
416 3052 186 48 parochiis
559 3052 215 48 morarentur.
730 3052 129 48 supr.
816 3052 86 48 de
859 3052 143 48 paroc.
959 3052 72 48 ยง
988 3052 100 48 si.
1031 3052 100 48 Alias

183 3095 149 61 autem
283 3095 198 61 dicendum
431 3095 132 61 est,
514 3095 132 61 quod
597 3095 99 61 si
646 3095 149 61 tales
745 3095 116 61 non
811 3095 215 61 intendunt
977 3095 198 61 derelin-

182 3141 163 54 quere
290 3141 253 54 domicilium
489 3141 217 54 antiquum
652 3141 199 54 antiquo
797 3141 271 54 presbytero,
1013 3141 127 54 vel
1068 3141 72 54 de

189 3182 176 46 licentia
321 3182 147 46 ipsius
424 3182 132 46 alii,
512 3182 73 46 &
541 3182 103 46 non
600 3182 147 46 aliter
703 3182 191 46 confiteri
850 3182 161 46 debent:
967 3182 103 46 est
1026 3182 147 46 igitur

176 3227 149 56 bonum
276 3227 232 56 consilium,
459 3227 133 56 quod
542 3227 149 56 tales
641 3227 83 56 a
674 3227 166 56 judice
790 3227 116 56 suo
840 3227 299 56 spiritualilicen-

181 3269 126 54 tiam
260 3269 221 54 obtineant,
433 3269 110 54 vel
496 3269 142 54 salte
591 3269 252 54 confiteantur
796 3269 110 54 sub
859 3269 126 54 spe,
938 3269 126 54 quod
1001 3269 126 54 propri

196 3308 86 61 us
239 3308 129 61 judex
325 3308 201 61 ratificet,
483 3308 172 61 secundum
612 3308 86 61 ea
655 3308 115 61 quae
727 3308 100 61 no.
784 3308 100 61 sup
842 3308 86 61 eo
885 3308 72 61 ยง
913 3308 129 61 resp.
999 3308 86 61 1.
1043 3308 72 61 &
1057 3308 86 61 idem

190 3364 187 53 dicendum
331 3364 109 53 est
393 3364 94 53 de
440 3364 172 53 familia
565 3364 203 53 nobilium,
721 3364 125 53 nisi
799 3364 78 53 &
830 3364 125 53 ipsi
908 3364 140 53 aliud
987 3364 140 53 privile

187 3408 129 50 gium
268 3408 81 50 a
300 3408 129 50 Papa
381 3408 178 50 habeant
510 3408 113 50 pro
574 3408 113 50 se,
639 3408 81 50 &
671 3408 178 50 familia
800 3408 129 50 sua,
881 3408 178 50 secundu
1010 3408 97 50 ea
1042 3408 97 50 quae

194 3450 102 49 no.
253 3450 131 49 supra
340 3450 87 49 eo
384 3450 102 49 sud
442 3450 73 49 ยง
471 3450 102 49 cui
530 3450 117 49 dux.
603 3450 117 49 ver.
676 3450 87 49 3.
719 3450 117 49 Quid
792 3450 87 49 de
836 3450 160 49 familia
952 3450 175 49 episcopi
1069 3450 73 49 vel

183 3495 193 49 archipre:
332 3495 163 49 byteri,
450 3495 89 49 si
495 3495 104 49 sit
554 3495 89 49 de
599 3495 148 49 aliena
703 3495 148 49 diaec.
806 3495 119 49 Idem
881 3495 178 49 Videtur,
1014 3495 119 49 quod
1074 3495 59 49 in

192 3532 161 47 familia
310 3532 176 47 alterius
442 3532 191 47 Principis
588 3532 147 47 laici.
691 3532 88 47 Si
735 3532 117 47 vero
809 3532 103 47 sit
867 3532 88 47 de
911 3532 147 47 diaec.
999 3532 147 47 propria.

191 3574 127 53 tunc
270 3574 95 53 ei
318 3574 206 53 confiteri
477 3574 159 53 debet,
588 3574 111 53 vel
651 3574 111 53 cui
715 3574 127 53 ipse
794 3574 238 53 mandaverit,
984 3574 111 53 sed
1048 3574 79 53 &
1064 3574 79 53 po-

188 3621 124 47 test
265 3621 170 47 proprio
388 3621 216 47 sacerdoti,
558 3621 93 47 de
605 3621 139 47 cujus
697 3621 185 47 parochia
836 3621 124 47 est,
913 3621 216 47 confiteri,
1083 3621 93 47 ut

201 3669 119 52 patet
280 3669 79 52 in
319 3669 92 52 his
372 3669 105 52 quae
438 3669 92 52 no.
491 3669 119 52 supra
570 3669 79 52 de
610 3669 105 52 off.
676 3669 92 52 arc
728 3669 145 52 hipresb
834 3669 66 52 ยง
860 3669 105 52 quae
926 3669 185 52 pertinent.
1058 3669 79 52 ver-

174 3705 134 57 sic.
258 3705 101 57 8.
309 3705 134 57 Quid
392 3705 101 57 de
443 3705 118 57 his
510 3705 118 57 qui
577 3705 201 57 hactenus
728 3705 134 57 hanc
812 3705 168 57 formam
930 3705 118 57 non
980 3705 168 57 servave

1179 345 138 50 runt:
1271 345 107 50 sed
1332 345 230 50 simpliciter
1516 345 184 50 confessi
1654 345 138 50 sunt,
1746 345 107 50 cui
1808 345 199 50 volebant.
1961 345 92 50 Si
1992 345 138 50 simpli-

1177 387 156 51 citer
1280 387 86 51 &
1315 387 242 51 ignoranter
1505 387 121 51 hoc
1575 387 225 51 fecerint,
1747 387 121 51 non
1817 387 225 51 credentes
1972 387 156 51 peccare

1185 429 122 46 non
1254 429 191 46 accuso,
1393 429 122 46 sed
1463 429 191 46 excuso:
1602 429 209 46 fecerunt
1759 429 139 46 enim
1846 429 157 46 juxta
1951 429 157 46 verba
2038 429 104 46 Apo-

1178 472 147 51 stoli
1275 472 147 51 largo
1373 472 130 51 modo
1455 472 212 51 dicentis.
1618 472 147 51 Alter
1715 472 196 51 alterius
1862 472 147 51 onera
1960 472 196 51 portare:
2090 472 49 51 &

1177 513 118 66 sic
1244 513 269 66 adimplebitis
1463 513 151 66 legem
1564 513 202 66 Christi,
1715 513 84 66 &
1749 513 151 66 iuxta
1850 513 202 66 regulam,
2001 513 118 66 qua
2052 513 84 66 ge-

1189 564 218 52 neraliter
1357 564 184 52 videtur
1491 564 184 52 tradere
1625 564 184 52 Jacobus
1759 564 218 52 Apostolus
1927 564 184 52 dicens:
2044 564 84 52 Co-

1181 599 194 44 fitemini
1327 599 227 44 alterutrum
1505 599 178 44 peccata
1634 599 178 44 vestra,
1764 599 81 44 &
1796 599 146 44 orate
1893 599 162 44 invice
2006 599 97 44 ut
2039 599 97 44 sal-

1186 645 155 53 vemini,
1299 645 85 53 de
1341 645 127 53 poen.
1425 645 155 53 dist.1.
1538 645 70 53 c
1566 645 113 53 fin.
1637 645 113 53 quae
1707 645 155 53 quamvis
1820 645 141 53 aliter
1919 645 240 53 intelligatur,

1186 691 86 47 ut
1229 691 100 47 no.
1286 691 129 47 supra
1372 691 86 47 eo
1415 691 72 47 ยง
1444 691 86 47 de
1487 691 144 47 quibus
1588 691 158 47 versic.
1702 691 115 47 quid
1774 691 86 47 de
1817 691 172 47 veniali,
1946 691 129 47 tamen
2033 691 86 47 si
2061 691 72 47 non

1187 741 294 46 contempserunt,
1432 741 131 46 quia
1514 741 114 46 hoc
1579 741 245 46 ignorabant,
1775 741 147 46 salvi
1873 741 147 46 sunt:
1971 741 131 46 quia
2037 741 98 46 con-

1191 780 155 47 tritio
1299 780 186 47 mundavit
1439 780 124 47 eos:
1516 780 78 47 &
1547 780 140 47 fides
1640 780 233 47 universalis
1826 780 217 47 ecclesiae,
1997 780 78 47 &
2012 780 124 47 claves

1193 816 129 58 Petri.
1284 816 78 58 11
1323 816 142 58 questio
1426 816 78 58 3.
1465 816 129 58 illud,
1556 816 65 58 &
1581 816 129 58 capit.
1672 816 142 58 alisit.
1776 816 65 58 &
1801 816 117 58 capit
1879 816 181 58 plerunque.
2021 816 78 58 &.
2060 816 104 58 cap.

1186 867 165 53 quomodo,
1310 867 82 53 de
1351 867 165 53 poentit.
1475 867 206 53 distinctio.
1640 867 82 53 3.
1681 867 124 53 inter
1763 867 110 53 haec
1832 867 151 53 hircum,
1942 867 69 53 &
1969 867 137 53 capit.
2052 867 96 53 prima

1185 909 185 47 solutio.
1323 909 77 47 &
1354 909 154 47 capit.
1462 909 108 47 est
1524 909 123 47 mihi
1601 909 139 47 Deus,
1694 909 108 47 nam
1755 909 77 47 &
1786 909 93 47 si
1832 909 231 47 sacramentum
2002 909 139 47 defici-

1179 952 108 50 at,
1240 952 139 50 fides
1333 952 139 50 tamen
1425 952 108 50 non
1486 952 169 50 deficit
1610 952 216 50 sacramenti
1779 952 139 50 supra
1871 952 92 50 de
1917 952 123 50 bap.
1979 952 154 50 debitum,

1180 996 72 44 &
1208 996 86 44 de
1252 996 173 44 presbyt.
1381 996 101 44 non
1439 996 129 44 bapt.
1525 996 144 44 capit.
1626 996 86 44 1.
1669 996 72 44 &
1697 996 86 44 2.
1741 996 115 44 ideo
1813 996 101 44 que
1870 996 101 44 est
1928 996 101 44 hoc
1971 996 158 44 mediocri-

1187 1040 113 50 ter
1251 1040 241 50 tolerandum,
1444 1040 113 50 Sed
1509 1040 97 50 de
1557 1040 177 50 caetero
1686 1040 97 50 ex
1734 1040 113 50 quo
1798 1040 241 50 certificati
1991 1040 145 50 sunt,
2072 1040 64 50 si

1187 1084 277 47 contemnerent,
1415 1084 261 47 damnarentur,
1627 1084 212 47 argument.
1790 1084 147 47 supra
1888 1084 98 47 de
1937 1084 228 47 consecrat.

1181 1127 144 51 eccles.
1286 1127 118 51 aqua.
1365 1127 66 51 8
1391 1127 197 51 distinctio.
1548 1127 197 51 consuetudo,
1706 1127 79 51 de
1745 1127 158 51 consecr.
1863 1127 144 51 distin.
1968 1127 79 51 2.
1995 1127 144 51 scriptura

1161 1164 115 47 dedit

1179 1228 288 86 Quando*
1388 1228 393 86 confitendum
1702 1228 183 86 est
1807 1228 131 86 *
1859 1228 157 86 Et
1912 1228 209 86 certum

1904 1274 217 54 quandocun-

1176 1316 124 55 que
1247 1316 141 55 homo
1335 1316 265 55 peccaverit.
1547 1316 141 55 Unde
1636 1316 88 55 &
1671 1316 106 55 si
1724 1316 194 55 saepius
1865 1316 159 55 cadit
1971 1316 141 55 homo
2042 1316 88 55 per

1180 1364 225 46 peccatum,
1353 1364 156 46 saepe
1457 1364 260 46 resurgendum
1665 1364 121 46 per
1734 1364 294 46 poenitentiam,
1976 1364 121 46 nec
2028 1364 104 46 tar-

1187 1396 118 66 dari
1261 1396 133 66 debet
1350 1396 207 66 confessio,
1513 1396 89 66 ut
1557 1396 133 66 patet
1646 1396 89 66 in
1691 1396 104 66 his
1750 1396 118 66 quae
1824 1396 104 66 no.
1883 1396 133 66 supra
1972 1396 104 66 eo.
2031 1396 74 66 ยง
2046 1396 89 66 qua-

1179 1439 123 60 lis,
1256 1439 108 60 sub
1317 1439 77 60 ยง
1348 1439 185 60 festina.
1486 1439 77 60 &
1517 1439 108 60 sub
1579 1439 77 60 ยง
1610 1439 200 60 frequens.
1764 1439 92 60 Ad
1810 1439 139 60 minus
1902 1439 139 60 tamen
1994 1439 139 60 semel
2071 1439 62 60 in

1172 1492 124 41 anno
1249 1492 201 41 confiteri
1403 1492 185 41 oportet,
1542 1492 77 41 &
1573 1492 93 41 in
1619 1492 185 41 Paschate
1758 1492 93 41 ad
1805 1492 154 41 minus:
1913 1492 124 41 nisi
1990 1492 93 41 de
2036 1492 124 41 con-

1174 1531 142 48 silio
1269 1531 174 48 proprii
1396 1531 222 48 sacerdotis
1570 1531 222 48 abstineat,
1744 1531 142 48 debet
1839 1531 190 48 recipere
1966 1531 158 48 euchari-

1172 1572 142 55 stiae
1267 1572 253 55 sacramentum:
1473 1572 142 55 alias
1568 1572 142 55 vivus
1662 1572 95 55 ab
1710 1572 190 55 ingressu
1852 1572 206 55 ecclesiae
1994 1572 127 55 arcea-

1186 1627 134 47 tur:
1270 1627 84 47 &
1303 1627 184 47 mortuus
1437 1627 285 47 ecclesiastica
1672 1627 167 47 careat
1789 1627 234 47 sepultura:
1973 1627 151 47 quod,
2057 1627 67 47 ne

1185 1668 130 48 quis
1266 1668 194 48 causetur
1412 1668 259 48 ignorantiam,
1622 1668 146 48 debet
1719 1668 227 48 frequenter
1897 1668 97 48 in
1946 1668 211 48 ecclesiis

1180 1713 190 50 publicari,
1329 1713 95 50 inf
1384 1713 95 50 eo.
1438 1713 135 50 qumis.
1532 1713 122 50 resp.
1614 1713 81 50 1.
1654 1713 81 50 de
1695 1713 95 50 hoc
1749 1713 95 50 no.
1803 1713 122 50 supra
1884 1713 95 50 eo.
1938 1713 68 50 ยง
1966 1713 81 50 an
2006 1713 68 50 &
2020 1713 108 50 pecca-

1179 1755 96 39 ta
1227 1755 192 39 dimissa.
1371 1755 128 39 Item
1450 1755 239 39 confitendum
1642 1755 112 39 est
1706 1755 176 39 tempore
1834 1755 224 39 pueritiae,
2009 1755 96 39 ut
2041 1755 80 39 no.

1172 1791 136 52 supra
1263 1791 121 52 eo.ยง
1338 1791 151 52 proxi.
1444 1791 106 52 sub
1504 1791 76 52 ยง
1535 1791 106 52 cui
1595 1791 151 52 pueri.
1701 1791 121 52 Item
1776 1791 76 52 &
1807 1791 166 52 tempore
1928 1791 227 52 senectutis:

1171 1836 93 47 in
1218 1836 109 47 quo
1280 1836 156 47 casusi
1389 1836 109 47 est
1452 1836 93 47 in
1498 1836 156 47 aetate
1607 1836 202 47 decrepita
1763 1836 140 47 scil.
1856 1836 140 47 uitra
1950 1836 156 47 senium
2043 1836 78 47 jam

1172 1878 226 53 processit,
1349 1878 129 53 puta
1430 1878 129 53 post
1511 1878 113 53 &o.
1575 1878 145 53 annos
1672 1878 210 53 alleviari
1834 1878 145 53 debet
1930 1878 210 53 jejuniis,
2076 1878 48 53 &

1180 1928 158 46 gravari
1294 1928 230 46 orationibus,
1481 1928 86 46 de
1524 1928 129 46 poen.
1610 1928 129 46 dist.
1696 1928 86 46 5.
1739 1928 86 46 c.
1783 1928 72 46 1
1811 1928 72 46 &
1840 1928 86 46 si
1883 1928 144 46 habeat
1969 1928 158 46 pecuniam,

1176 1971 207 42 redimaucum
1339 1971 118 42 ipsa
1413 1971 163 42 peccata
1531 1971 118 42 sua,
1605 1971 89 42 de
1650 1971 148 42 poeni.
1753 1971 192 42 distinct.
1901 1971 74 42 1
1931 1971 192 42 medicina.
2064 1971 59 42 Si

1168 2011 199 56 inihibaben
1324 2011 185 56 excusatus
1467 2011 114 56 est.
1538 2011 128 56 supr.
1623 2011 85 56 de
1666 2011 114 56 usu.
1737 2011 100 56 cum
1794 2011 85 56 tu
1836 2011 213 56 manifestos.
2007 2011 85 56 ยง.
2036 2011 85 56 illi

1179 2049 212 63 hntesbisupra
1351 2049 80 63 de
1391 2049 119 63 solu.
1471 2049 133 63 Odoar.
1564 2049 93 63 14.
1617 2049 80 63 q.
1657 2049 80 63 5.
1696 2049 80 63 si
1736 2049 106 63 res,
1802 2049 80 63 si
1842 2049 106 63 vero
1909 2049 93 63 sit
1962 2049 133 63 senex,
2041 2049 80 63 puta

1175 2094 142 53 inver
1270 2094 95 53 &o
1317 2094 79 53 &
1349 2094 95 53 So
1396 2094 142 53 annos
1490 2094 252 53 constitutus,
1695 2094 173 53 fortius
1822 2094 158 53 puniri
1932 2094 158 53 debet,
2026 2094 95 53 quam

1175 2139 247 55 docrepitus,
1372 2139 148 55 tales
1471 2139 132 55 enim
1553 2139 115 55 cum
1619 2139 198 55 peccant,
1768 2139 181 55 juvenes
1899 2139 99 55 ad
1949 2139 214 55 interitum

1180 2184 209 45 trahunt:
1336 2184 139 45 unde
1423 2184 139 45 Gre.
1510 2184 191 45 Laqueus
1649 2184 191 45 juvenum
1788 2184 156 45 omnes
1892 2184 139 45 mali
1962 2184 156 45 senes:s

1172 2221 78 62 &
1204 2221 218 62 maledictus
1375 2221 125 62 puer
1453 2221 156 62 centum
1562 2221 140 62 anno.
1655 2221 93 62 2.
1702 2221 93 62 q.
1748 2221 93 62 1.
1795 2221 156 62 Paulus
1904 2221 140 62 dixit
1997 2221 125 62 Quid
2060 2221 62 62 si

1172 2266 115 57 sit
1237 2266 115 57 ita
1303 2266 164 57 senex,
1418 2266 132 57 quod
1500 2266 132 57 omni
1583 2266 247 57 discretione
1780 2266 181 57 careat:
1911 2266 115 57 Dic
1977 2266 148 57 sicut
2059 2266 66 57 de

1171 2310 162 69 pupillo
1289 2310 74 69 &
1319 2310 177 69 furioso,
1451 2310 88 69 ut
1496 2310 103 69 no.
1555 2310 133 69 supra
1643 2310 118 69 eod.
1717 2310 74 69 ยง
1746 2310 147 69 proxi.
1850 2310 74 69 &
1879 2310 103 69 sub
1938 2310 74 69 ยง
1968 2310 103 69 cui
2012 2310 103 69 pueri

1174 2351 101 60 ver.
1237 2351 75 60 si
1275 2351 101 60 vero
1338 2351 88 60 non
1388 2351 88 60 sit
1438 2351 101 60 doli
1501 2351 113 60 capax

1181 2436 255 54 Onfitendum
1381 2436 127 54 est
1454 2436 200 54 tempore
1599 2436 255 54 sanitatis,
1800 2436 91 54 &
1836 2436 109 54 eo
1891 2436 200 54 tempore
2018 2436 91 54 que

1223 2484 149 62 homo
1317 2484 187 62 potest
1447 2484 205 62 peccare
1597 2484 149 62 sunt
1690 2484 280 62 relinquenda
1914 2484 224 62 peccata:
2063 2484 56 62 &

1177 2518 130 69 haec
1258 2518 244 69 poenitentia
1453 2518 147 69 certa
1551 2518 114 69 est
1616 2518 81 69 &
1649 2518 293 69 indubitabilis.
1893 2518 98 69 Si
1942 2518 147 69 autem
2023 2518 98 69 tunc

1170 2572 118 46 vis
1237 2572 151 46 agere
1338 2572 285 46 poenitentiam,
1573 2572 168 46 quando
1691 2572 185 46 peccare
1825 2572 118 46 non
1892 2572 168 46 potes,
1993 2572 134 46 pecca-

1165 2611 94 48 ta
1212 2611 218 48 dimiserunt
1384 2611 109 48 te:
1446 2611 109 48 non
1509 2611 94 48 tu
1555 2611 140 48 illa,
1649 2611 78 48 &
1680 2611 125 48 haec
1758 2611 234 48 poenitentia
1945 2611 109 48 est
1992 2611 125 48 incer-

1175 2668 114 54 ta,
1240 2668 114 54 non
1305 2668 163 54 tamen.
1420 2668 114 54 est
1485 2668 229 54 deneganda,
1665 2668 196 54 secundum
1812 2668 180 54 August.
1942 2668 98 54 de
1975 2668 147 54 peenit.

1184 2699 179 47 distinct
1318 2699 89 47 7.
1363 2699 104 47 ca.
1423 2699 89 47 1.
1467 2699 164 47 Tempore
1586 2699 149 47 igitur
1691 2699 238 47 infirmitatis
1885 2699 194 47 confiteri
2019 2699 104 47 opor-

1175 2756 126 39 tet,
1254 2756 126 39 unde
1332 2756 141 39 dicit
1426 2756 173 39 Concil.
1552 2756 204 39 generale.
1709 2756 204 39 Districte
1866 2756 235 39 praecipimus
2039 2756 78 39 me-

1176 2796 155 39 dicis
1279 2796 224 39 corporum,
1451 2796 86 39 a
1486 2796 103 39 ut
1537 2796 121 39 cum
1606 2796 121 39 eos
1675 2796 103 39 ad
1727 2796 207 39 infirmos
1882 2796 172 39 vocari
1985 2796 138 39 conti-

1183 2843 167 47 gerit,
1300 2843 151 47 ipsos
1401 2843 134 47 ante
1485 2843 151 47 omnia
1585 2843 201 47 moneant,
1736 2843 84 47 &
1769 2843 218 47 inducant,
1937 2843 100 47 ut
1970 2843 151 47 medicos

1174 2878 193 45 advocent
1319 2878 209 45 animarum:
1480 2878 80 45 &
1512 2878 113 45 ita
1576 2878 113 45 cum
1640 2878 145 45 causa
1737 2878 209 45 cessante,
1898 2878 193 45 scilicet
2026 2878 97 45 pec-

1182 2925 158 45 cato,
1288 2925 193 45 propter
1429 2925 141 45 quod
1516 2925 158 45 forte
1622 2925 158 45 misit
1727 2925 193 45 dominus
1868 2925 281 45 infirmitatem

1175 2961 162 57 cesset
1288 2961 210 57 effectus.
1450 2961 130 57 Haec
1531 2961 146 57 inter
1628 2961 130 57 alia
1709 2961 146 57 dedit
1806 2961 162 57 causam
1920 2961 130 57 huic
1984 2961 146 57 edicto,

1182 3012 130 54 quod
1263 3012 162 54 quidam
1376 3012 97 54 in
1425 3012 259 54 aegritudinis
1635 3012 146 54 lecto
1732 3012 211 54 jacentes,
1894 3012 113 54 cum
1959 3012 113 54 eis
2024 3012 81 54 a
2040 3012 81 54 me
