2491 4140
402 436 160 64 stante,
519 436 87 64 ut
562 436 189 64 innuitur.
707 436 102 64 16.
765 436 73 64 q
794 436 73 64 1
823 436 160 64 placuit
940 436 174 64 communi.
1070 436 116 64 ibi,
1143 436 145 64 nephan
1230 436 116 64 dissi-

398 484 95 50 mo
446 484 127 50 ausu
525 484 221 50 praesumat.
699 484 127 50 Item
778 484 111 50 non
841 484 142 50 obst.
936 484 142 50 supra
1031 484 95 50 de
1078 484 127 50 foro
1157 484 142 50 comp.
1252 484 127 50 cap.

398 524 209 67 penultim.
559 524 129 67 quia
639 524 113 67 ibi
704 524 193 67 loquitur
848 524 97 67 in
897 524 241 67 contentiosa
1090 524 225 67 iurisdict.
1250 524 97 67 quam

395 575 109 49 non
458 575 140 49 habet
551 575 140 49 quia,
644 575 124 49 nisi
722 575 233 49 ordinarius,
909 575 109 49 nec
971 575 124 49 alia
1049 575 124 49 nisi
1126 575 202 49 ordinaria
1266 575 78 49 po-

395 612 135 55 test
480 612 237 55 prorogari,
666 612 118 55 quo
734 612 102 55 ad
784 612 220 55 personam,
954 612 102 55 ut
1004 612 135 55 ibi.
1089 612 186 55 porrosi
1208 612 135 55 conten

396 651 146 58 tiosa
493 651 210 58 prorogari
655 651 178 58 potest,
784 651 97 58 ut
832 651 129 58 ibi.
913 651 113 58 sic
978 651 81 58 &
1010 651 146 58 multo
1107 651 178 58 fortius
1221 651 129 58 ordina

398 708 100 47 ria
455 708 215 47 voluntaria,
627 708 86 47 ut
670 708 115 47 hic:
741 708 72 47 &
770 708 172 47 argument
899 708 100 47 ff.
956 708 86 47 de
999 708 143 47 offic.
1100 708 158 47 consul.
1214 708 86 47 l.
1243 708 100 47 unica

401 739 73 63 &
431 739 87 63 de
474 739 146 63 offic.
576 739 175 63 procons.
708 739 87 63 l.
751 739 87 63 2.
795 739 160 63 denique
912 739 102 63 cum
970 739 175 63 quilibet
1101 739 175 63 sacerdos
1232 739 87 63 in
1262 739 87 63 ordi

394 794 194 51 natione
535 794 211 51 recipiat
694 794 246 51 potestatem
887 794 211 51 solvendi
1046 794 88 51 &
1081 794 211 51 ligandi:
1222 794 123 51 dummo

401 828 103 54 do
452 828 206 54 materiam
607 828 189 54 habeat,
744 828 172 54 potest
864 828 206 54 solvere,
1019 828 86 54 &
1053 828 189 54 ligare:
1173 828 172 54 materiam

403 867 150 64 autem
503 867 166 64 habet,
620 867 100 64 ex
669 867 116 64 quo
736 867 100 64 de
786 867 200 64 licentia
935 867 183 64 proprii
1068 867 183 64 iudicis
1201 867 183 64 aliquem

401 911 129 58 audit
487 911 129 58 sicut
573 911 172 58 notatur.
702 911 129 58 supra
789 911 86 58 de
832 911 201 58 electio.ยง.
990 911 101 58 quo
1047 911 172 58 tempore,
1177 911 172 58 versicul
1292 911 57 58 tu

404 958 119 60 dic,
479 958 119 60 quod
553 958 179 60 electus,
688 958 75 60 &
718 958 284 60 praecedentibus.
957 958 105 60 Nec
1016 958 90 60 in
1061 958 105 60 hoc
1121 958 164 60 requiro
1226 958 119 60 licen-

396 995 133 60 tiam
480 995 200 60 episcopi
630 995 250 60 confitentis
830 995 250 60 peccatoris,
1030 995 117 60 sed
1097 995 234 60 sacerdotis
1264 995 83 60 sui

396 1042 231 73 parochialis
580 1042 169 73 tantum,
703 1042 139 73 infra
796 1042 139 73 eodem
888 1042 154 73 omnis,
996 1042 123 73 nisi
1073 1042 92 73 in
1119 1042 169 73 casibus
1242 1042 108 73 qui
1288 1042 62 73 ad

408 1088 223 59 episcopum
579 1088 257 59 specialiter
785 1088 240 59 pertinent.
974 1088 171 59 Primus
1094 1088 120 59 est
1162 1088 103 59 in
1197 1088 154 59 solemni

400 1132 237 67 poenitentia
590 1132 221 67 imponenda:
764 1132 127 67 quod
843 1132 127 67 dic,
922 1132 95 67 ut
969 1132 127 67 not.
1049 1132 142 67 infra
1143 1132 127 67 eod.
1222 1132 79 67 ยง
1238 1132 111 67 utrum

402 1188 247 56 poenitentia,
602 1188 108 56 sub
664 1188 77 56 ยง
695 1188 108 56 his
757 1188 247 56 praelibatis.
957 1188 185 56 Secundus
1096 1188 93 56 in
1127 1188 216 56 excommunica-

407 1219 104 56 tis
467 1219 75 56 a
497 1219 149 56 canone
601 1219 90 56 in
646 1219 164 56 casibus
765 1219 149 56 illis,
870 1219 149 56 quibus
974 1219 194 56 absolvere
1123 1219 164 56 potest,
1243 1219 90 56 ut
1272 1219 75 56 no.

402 1276 125 42 infra
485 1276 83 42 de
527 1276 167 42 sentent.
652 1276 208 42 excommunic.
819 1276 83 42 ยง.
861 1276 111 42 quis
930 1276 139 42 possit
1027 1276 250 42 excommunicare.
1236 1276 125 42 resp.
1305 1276 42 42 1

408 1306 172 55 Tertius
534 1306 94 55 in
580 1306 282 55 irregularitate
815 1306 219 55 contracta:
987 1306 125 55 quod
1065 1306 125 55 dic,
1144 1306 94 55 ut
1191 1306 188 55 notatur.

412 1355 118 56 infra
491 1355 92 56 eod
543 1355 92 56 sub
596 1355 145 56 rubric.
701 1355 79 56 de
741 1355 132 56 dispen
833 1355 66 56 ยง
859 1355 105 56 quis
925 1355 132 56 possit
1017 1355 197 56 dispensate.
1175 1355 171 56 versicul.
1293 1355 53 56 in

405 1393 160 63 quibus
517 1393 160 63 autem,
629 1393 80 63 &
662 1393 176 63 sequen.
790 1393 112 63 sub
854 1393 96 63 ยง.
902 1393 176 63 sequen.
1030 1393 176 63 Quartus
1159 1393 96 63 in
1191 1393 160 63 incendio

408 1443 94 51 23
455 1443 187 51 quaestio
596 1443 125 51 fin.
674 1443 94 51 si
721 1443 125 51 quis
799 1443 219 51 membrorum.
970 1443 78 51 &
1002 1443 109 51 cap
1064 1443 203 51 pessimam.
1205 1443 140 51 Quintus

410 1477 92 61 in
456 1477 169 61 crimine
578 1477 107 61 pu.
640 1477 138 61 sicut
732 1477 92 61 in
778 1477 261 61 blasphemante.
992 1477 138 61 supra
1084 1477 92 61 de
1130 1477 184 61 maledic.
1253 1477 92 61 sta-

403 1531 163 51 tuimus.
521 1531 148 51 Sextus
625 1531 89 51 in
669 1531 133 51 voto.
758 1531 133 51 supra
847 1531 89 51 de
891 1531 89 51 vo
935 1531 103 51 cap
994 1531 74 51 i
1024 1531 74 51 &
1053 1531 148 51 notat.
1157 1531 133 51 supra
1246 1531 89 51 de
1275 1531 74 51 vo.

400 1581 89 53 ยง.
445 1581 148 53 utrum,
548 1581 74 53 &
578 1581 103 53 per
637 1581 118 53 quem
711 1581 89 53 in
755 1581 148 53 votis,
858 1581 177 53 versicul
991 1581 148 53 quarti
1095 1581 148 53 dicunt
1183 1581 163 53 Septimus,

404 1624 97 44 si
452 1624 130 44 ipse
534 1624 211 44 episcopus
696 1624 260 44 confessionem
907 1624 179 44 audivit
1037 1624 97 44 de
1085 1624 162 44 aliquo
1183 1624 162 44 peccato.

402 1657 100 60 21.
459 1657 186 60 distinct.
602 1657 186 60 inferior.
745 1657 172 60 Octavus,
874 1657 86 60 si
917 1657 100 60 sit
975 1657 201 60 consuetudo
1132 1657 86 60 in
1175 1657 143 60 aliquo
1261 1657 86 60 epi-

399 1709 153 43 scopat
506 1709 92 43 1,
552 1709 122 43 quod
628 1709 199 43 episcopus
781 1709 138 43 certa
873 1709 168 43 peecata
995 1709 168 43 audiat.
1118 1709 107 43 vel
1179 1709 92 43 si
1225 1709 122 43 sibi
1286 1709 61 43 re

409 1745 185 50 tinuerit
547 1745 154 50 certos
655 1745 154 50 casus,
763 1745 154 50 sicut.
871 1745 92 50 De
917 1745 216 50 parentibus
1086 1745 108 50 qui
1148 1745 154 50 filios
1240 1745 108 50 oppri

403 1798 143 44 munt.
499 1798 95 44 De
546 1798 223 44 homicidiis
721 1798 95 44 De
769 1798 239 44 sacrilegiis
960 1798 95 44 De
1008 1798 223 44 falsariis.
1183 1798 95 44 De
1215 1798 127 44 viola-

399 1831 178 49 toribus
528 1831 243 49 ecclesiarum
723 1831 243 49 immunitatis
917 1831 97 49 ac
965 1831 227 49 libertatis
1127 1831 227 49 ecclesiasti-

402 1875 115 48 cae
467 1875 99 48 De
517 1875 263 48 sortilegiis.
731 1875 99 48 De
780 1875 148 48 vitio
879 1875 165 48 contra
994 1875 197 48 naturam,
1142 1875 82 48 &
1175 1875 165 48 maxime
1274 1875 82 48 cum

397 1924 177 44 brutis
521 1924 106 44 De
574 1924 212 44 incestu.
734 1924 106 44 De
787 1924 265 44 corruptione
999 1924 354 44 sanctimonialium.
1282 1924 71 44 De

405 1972 203 46 ablatorum
562 1972 125 46 sive
640 1972 266 46 subtractorum,
859 1972 109 46 vel
921 1972 156 46 aliter
1030 1972 188 46 illicite
1171 1972 203 46 acquisito

394 2019 120 48 rum
462 2019 342 48 restitutionibus.
753 2019 103 48 De
804 2019 222 48 periurio.
975 2019 103 48 De
1026 2019 256 48 clandestine
1214 2019 137 48 contra

404 2054 216 54 hentibus,
570 2054 83 54 &
604 2054 149 54 aliis
703 2054 233 54 enormibus,
886 2054 133 54 quae
969 2054 233 54 consuetudo
1152 2054 216 54 generalis
1301 2054 50 54 &

401 2091 204 55 specialis
558 2091 204 55 episcopis
715 2091 204 55 reservat.
872 2091 94 55 in
919 2091 157 55 quibus
1029 2091 141 55 etiam
1123 2091 188 55 episcopi
1265 2091 110 55 ali

410 2140 185 49 quoties
545 2140 185 49 mittunt
679 2140 235 49 peccatores
864 2140 101 49 ad
914 2140 151 49 Sedem
1015 2140 252 49 Apostolicam
1200 2140 151 49 propter

400 2195 274 43 enormitatem
619 2195 201 43 ipsorum
764 2195 237 43 criminum,
947 2195 91 43 &
983 2195 255 43 aliquoties
1184 2195 109 43 ad
1220 2195 128 43 terro

403 2235 130 39 rem.
484 2235 114 39 Sic
549 2235 130 39 sunt
630 2235 163 39 aliqui
744 2235 163 39 casus,
858 2235 114 39 qui
923 2235 114 39 non
988 2235 98 39 ad
1037 2235 228 39 sacerdotem
1200 2235 146 39 inferi-

398 2263 138 58 rem,
484 2263 121 58 sed
553 2263 241 58 superiorem
742 2263 241 58 pertinent:
932 2263 138 58 ideo
1018 2263 172 58 dictum
1138 2263 121 58 est
1190 2263 155 58 leproso

401 2318 201 44 mandato
547 2318 91 44 a
583 2318 183 44 Domino
711 2318 164 44 Matth
821 2318 91 44 8
858 2318 201 44 Ostende
1004 2318 110 44 te
1059 2318 292 44 sacerdotibus
1278 2318 73 44 in

400 2363 189 41 casibus,
542 2363 189 41 scilicet
684 2363 126 41 suis
763 2363 252 41 inferioribus
968 2363 79 41 &
1000 2363 95 41 in
1047 2363 126 41 suis
1110 2363 237 41 superioribus.

396 2404 134 39 Quid
480 2404 101 39 si
530 2404 134 39 quis
614 2404 218 39 episcopus
782 2404 201 39 commisit
933 2404 168 39 alicui
1050 2404 252 39 generaliter
1235 2404 117 39 vices

405 2442 148 45 suas,
503 2442 115 45 quo
569 2442 99 45 ad
619 2442 263 45 poenitentias
833 2442 263 45 injungendas,
1047 2442 181 45 nunquid
1178 2442 148 45 talis
1261 2442 82 45 ha-

395 2484 111 49 bet
459 2484 238 49 potestatem,
649 2484 143 49 etiam
744 2484 95 49 in
791 2484 111 49 his
855 2484 174 49 casibus
982 2484 254 49 speeialibus:
1188 2484 127 49 Ray.
1251 2484 95 49 scri

397 2540 137 54 psit
483 2540 137 54 quod
568 2540 137 54 non:
654 2540 137 54 quia
739 2540 103 54 in
791 2540 206 54 generali
945 2540 188 54 mandato
1082 2540 120 54 non
1151 2540 188 54 veniunt
1270 2540 69 54 ta

408 2565 118 54 lia,
482 2565 118 54 nisi
556 2565 118 54 quis
630 2565 103 54 hoc
689 2565 177 54 exprimat
821 2565 148 54 argum.
925 2565 89 54 ff
969 2565 89 54 de
1013 2565 133 54 pros.
1102 2565 162 54 mandato
1205 2565 133 54 genera-

398 2608 88 64 li
442 2608 73 64 &
472 2608 205 64 procurator
633 2608 161 64 totorum
750 2608 103 64 Sed
809 2608 161 64 contra.
927 2608 103 64 ff.
985 2608 88 64 de
1029 2608 147 64 pigno.
1132 2608 117 64 Pau.
1205 2608 147 64 respon
1293 2608 59 64 1.

407 2659 78 54 &
439 2659 78 54 ยง
470 2659 126 54 fin.
549 2659 141 54 supra
643 2659 94 54 de
690 2659 157 54 procur
800 2659 188 54 petitio.
941 2659 110 54 per
1004 2659 126 54 hanc
1082 2659 173 54 ultimam
1208 2659 157 54 decret
1302 2659 47 54 &

398 2699 119 63 per
466 2699 136 63 iura
551 2699 188 63 inducta
688 2699 119 63 pro
756 2699 153 63 Rayn.
858 2699 188 63 teneas:
995 2699 136 63 quod
1080 2699 136 63 dixi
1165 2699 85 63 &
1182 2699 171 63 argumen.

407 2756 109 48 sup.
476 2756 82 48 de
517 2756 123 48 offi.
598 2756 136 48 archi.
694 2756 82 48 c.
735 2756 82 48 1.
776 2756 68 48 &
803 2756 68 48 c
830 2756 232 48 significasti.
1021 2756 96 48 Sed
1076 2756 96 48 nec
1131 2756 123 48 debet
1199 2756 150 48 episcopus

403 2786 112 49 hoc
467 2786 160 49 alicui
579 2786 240 49 committere,
771 2786 128 49 nisi
851 2786 144 49 tali,
948 2786 112 49 qui
1012 2786 208 49 discretus
1172 2786 80 49 &
1188 2786 160 49 providus

398 2829 139 49 sit,
484 2829 87 49 &
519 2829 121 49 qui
588 2829 190 49 noverit
727 2829 312 49 circumstantias
986 2829 242 49 personarum
1177 2829 87 49 &
1211 2829 173 49 pecato

402 2883 143 40 rum,
492 2883 179 40 maxima
617 2883 125 40 quo
689 2883 108 40 ad
743 2883 341 40 dispensationes,
1029 2883 90 40 &
1065 2883 305 40 absolutiones,
1298 2883 54 40 &

402 2916 269 54 restitutiones
623 2916 190 54 illicite
766 2916 253 54 aequisitorum
971 2916 221 54 faciendas.
1145 2916 95 54 de
1192 2916 111 54 hoc
1255 2916 126 54 ple-

403 2959 93 60 nem
456 2959 80 60 no
496 2959 120 60 super
575 2959 80 60 eo
615 2959 66 60 ยง
642 2959 106 60 quib
708 2959 66 60 &
735 2959 173 60 qualiter.
868 2959 106 60 arg.
934 2959 133 60 super.
1027 2959 80 60 de
1067 2959 133 60 homic.
1160 2959 120 60 sicut
1226 2959 120 60 dignum,

403 3001 105 57 sup.
468 3001 79 57 de
508 3001 144 57 consan.
612 3001 92 57 c.i
665 3001 105 57 sup.
730 3001 79 57 de
770 3001 131 57 transa
861 3001 79 57 c.
901 3001 79 57 si
940 3001 65 57 &
966 3001 105 57 sup.
1032 3001 79 57 de
1071 3001 105 57 offi
1136 3001 131 57 deleg.
1215 3001 131 57 quoniam,

412 3049 125 50 Quid
491 3049 94 50 de
538 3049 204 50 officiali
695 3049 204 50 episcopi.
851 3049 110 50 Non
914 3049 141 50 puto,
1008 3049 125 50 quod
1086 3049 94 50 in
1134 3049 125 50 his,
1196 3049 157 50 scilicet

399 3086 266 60 poenitentiis
615 3086 249 60 iniungendis
815 3086 216 60 potestate
981 3086 183 60 habeat,
1114 3086 116 60 sed
1163 3086 183 60 contentio

405 3139 116 47 sis
472 3139 182 47 tantum:
604 3139 99 47 in
654 3139 149 47 illis
753 3139 149 47 autem
852 3139 149 47 unum,
951 3139 83 47 &
984 3139 132 47 idem
1067 3139 265 47 consistorium
1265 3139 83 47 est

409 3181 195 54 episcopi
555 3181 81 54 &
587 3181 243 54 officialis.
782 3181 146 54 quare
879 3181 97 54 ab
928 3181 113 54 uno
992 3181 97 54 ad
1041 3181 178 54 alterum
1171 3181 113 54 non
1219 3181 130 54 potest

403 3223 202 51 appellari:
561 3223 87 51 ut
605 3223 87 51 in
648 3223 130 51 auth.
735 3223 87 51 d.
778 3223 72 51 n
807 3223 130 51 extra
893 3223 87 51 de
937 3223 87 51 ap
980 3223 144 51 Romana
1081 3223 130 51 resp.
1168 3223 87 51 1.
1211 3223 72 51 &
1240 3223 87 51 de
1269 3223 72 51 hoc

406 3277 116 43 plene
483 3277 77 43 no
522 3277 103 43 sup.
586 3277 77 43 de
625 3277 116 43 offi.
702 3277 116 43 rice.
779 3277 64 43 ยง
805 3277 103 43 quis
869 3277 90 43 sit
921 3277 167 43 vicarius.
1049 3277 129 43 versi.
1139 3277 103 43 quid
1204 3277 77 43 de
1229 3277 116 43 officia

399 3317 105 38 lia
459 3317 75 38 &
489 3317 119 38 seq.
563 3317 75 38 &
593 3317 105 38 est
653 3317 105 38 hoc
713 3317 149 38 verum,
817 3317 119 38 nisi
892 3317 194 38 appareat.
1041 3317 119 38 quod
1116 3317 105 38 hoc
1176 3317 119 38 sibi
1250 3317 119 38 com-

395 3359 172 43 mittere
521 3359 204 43 voluerit:
678 3359 141 43 puta,
772 3359 125 43 quia
850 3359 110 43 hoc
913 3359 219 43 expressit,
1085 3359 110 43 vel
1148 3359 94 43 de
1179 3359 157 43 licentia

392 3395 233 47 superioris
575 3395 117 47 sui
642 3395 200 47 reliquit
792 3395 150 47 alium
892 3395 216 47 episcopum
1058 3395 133 47 suum
1141 3395 100 47 in
1175 3395 166 47 vicarium

394 3446 240 52 generalem,
582 3446 103 52 ad
634 3446 188 52 aliquam
771 3446 188 52 remotam
908 3446 103 52 se
959 3446 257 52 transferens
1148 3446 188 52 regionem:

400 3484 126 47 tunc
479 3484 126 47 enim
558 3484 142 47 talis
653 3484 190 47 vicarius
795 3484 158 47 omnia,
906 3484 142 47 sicut
1000 3484 111 47 is,
1064 3484 111 47 qui
1127 3484 142 47 ipsum
1206 3484 142 47 consti-

387 3524 128 46 tuit,
472 3524 157 46 posset,
586 3524 85 46 si
629 3524 171 46 praesens
757 3524 142 46 esset.
856 3524 157 46 poterit
970 3524 185 46 expedire.
1112 3524 85 46 ut
1155 3524 128 46 tamen
1226 3524 114 46 scias,

393 3559 124 67 quod
470 3559 93 67 si
516 3559 108 67 non
578 3559 108 67 est
640 3559 201 67 sacerdos.
794 3559 139 67 debet
887 3559 108 67 hoc
948 3559 124 67 alii
1026 3559 201 67 delegare,
1180 3559 124 67 arg.
1242 3559 108 67 supra

387 3609 80 49 de
427 3609 106 49 cons
493 3609 120 49 ecci.
573 3609 106 49 aqua
640 3609 106 49 sup.
706 3609 80 49 de
746 3609 106 49 offi
813 3609 120 49 deleg
892 3609 306 49 excominunicationis,
1159 3609 80 49 ad
1199 3609 106 49 fin.
1265 3609 106 49 sup.

387 3644 71 70 de
423 3644 130 70 procur.
517 3644 130 70 petitio
612 3644 83 70 ff.
659 3644 71 70 de
695 3644 106 70 offi.
766 3644 106 70 ejus,
837 3644 83 70 cui
884 3644 83 70 man
931 3644 83 70 est
978 3644 154 70 jurudict.
1097 3644 95 70 I.1.
1156 3644 83 70 93.
1203 3644 106 70 dist.
1274 3644 71 70 c.
1298 3644 47 70 1.

377 3691 90 66 94.
429 3691 116 66 dist.
506 3691 77 66 c.
531 3691 39 66 1

388 3725 157 70 VErum
492 3725 105 70 ut
545 3725 105 70 de
597 3725 122 70 hac
667 3725 192 70 materia
806 3725 244 70 plenissime
998 3725 262 70 instruaris,
1207 3725 87 70 a
1225 3725 122 70 maxi-

435 3772 126 63 mo,
507 3772 162 63 usque
615 3772 108 63 ad
669 3772 198 63 minimum
814 3772 235 63 quaerendo
994 3772 108 63 de
1048 3772 216 63 quolibet
1193 3772 144 63 perse

1379 440 190 51 quamur,
1517 440 259 51 expedientes
1725 440 121 51 cui
1794 440 121 51 sit
1863 440 277 51 corfitendum:
2088 440 259 51 incipientes
2278 440 52 51 a

1378 477 157 52 capite,
1492 477 71 52 a
1520 477 100 52 quo
1577 477 143 52 edenda
1677 477 100 52 est
1734 477 143 52 ratio,
1834 477 100 52 ff.
1891 477 86 52 de
1934 477 114 52 eden
1991 477 200 52 argentarius.

1425 564 115 61 Ui
1482 564 173 61 Papa.
1597 564 96 61 *
1636 564 134 61 nam
1712 564 268 61 superiorem
1923 564 134 61 non
2000 564 192 61 habet,
2134 564 153 61 immo
2211 564 134 61 tenet

1441 613 89 57 in
1486 613 133 57 terra
1574 613 133 57 locum
1663 613 103 57 Dei
1722 613 192 57 viventis.
1870 613 74 57 a
1899 613 133 57 supra
1988 613 89 57 ut
2032 613 118 57 bene
2106 613 163 57 eccles.
2210 613 118 57 capit.

1378 660 132 38 unico.
1470 660 105 38 ยง.1.
1536 660 119 38 versi
1615 660 119 38 porro
1694 660 119 38 supra
1773 660 79 38 de
1812 660 158 38 transla.
1931 660 105 38 epi;
1997 660 105 38 cop.
2063 660 158 38 quaento.
2181 660 79 38 &c
2207 660 119 38 praeie.

1371 700 118 43 nec
1439 700 203 43 videtur,
1591 700 135 43 quod
1675 700 253 43 poenitentia
1878 700 169 43 egeat.
1996 700 135 43 quis
2081 700 135 43 enim
2165 700 169 43 sancti
2266 700 68 43 in

1381 743 168 52 dubitet
1503 743 138 52 esse,
1595 743 122 52 quem
1672 743 122 52 apex
1748 743 153 52 tantae
1855 743 214 52 dignitatis
2024 743 199 52 attollit:
2177 743 92 52 in
2223 743 107 52 quo
2269 743 61 52 si

1380 790 154 45 desunt
1488 790 123 45 bona
1565 790 108 45 per
1627 790 154 45 merita
1735 790 216 45 acquisita,
1904 790 232 45 sufficiunt,
2090 790 123 45 quae
2167 790 77 45 a
2182 790 139 45 praede-

1376 832 176 51 cessore
1504 832 224 51 testantur,
1679 832 112 51 aut
1743 832 128 51 enim
1823 832 160 51 claros
1935 832 96 51 ad
1983 832 112 51 hoc
2047 832 192 51 fastigia
2174 832 144 51 erigit.

1370 878 124 43 aut
1441 878 124 43 qui
1512 878 248 43 eriguntur,
1707 878 248 43 illustrat,
1901 878 212 43 secundum
2061 878 248 43 Symmachum,
2238 878 88 43 40.

1377 914 143 62 dist.
1473 914 112 62 non
1536 914 127 62 nos.
1616 914 112 62 Sed
1680 914 143 62 certe
1775 914 175 62 peccare
1903 914 159 62 potest
2014 914 143 62 Papas
2110 914 191 62 gravius,
2253 914 127 62 quam

1371 972 167 39 alius:
1488 972 134 39 quia
1572 972 201 39 secundum
1722 972 184 39 Gregor.
1856 972 167 39 quanto
1973 972 167 39 gradus
2090 972 184 39 altior,
2207 972 117 39 tanto

1385 1007 138 44 casus
1477 1007 185 44 grarior.
1615 1007 92 44 de
1662 1007 138 44 poeni
1754 1007 138 44 dist.
1846 1007 92 44 2.
1892 1007 215 44 principium
2061 1007 77 44 &
2092 1007 185 44 secundum
2215 1007 108 44 Chry-

1376 1047 148 51 sosto.
1480 1047 104 51 40.
1539 1047 119 51 dist
1613 1047 119 51 Homo
1688 1047 222 51 chistianus,
1865 1047 74 51 &
1895 1047 178 51 secundum
2028 1047 133 51 Hila.
2117 1047 89 51 25
2162 1047 89 51 q.
2206 1047 148 51 1nulli

1376 1093 124 62 fas.
1453 1093 108 62 ubi
1515 1093 185 62 dicitur.
1654 1093 124 62 quod
1731 1093 185 62 graviora
1870 1093 170 62 delicta
1994 1093 139 62 facit
2086 1093 216 62 sublimitas
2241 1093 77 62 pec

1373 1136 202 58 cantium,
1525 1136 84 58 &
1558 1136 202 58 secundum
1710 1136 152 58 Ioan.
1811 1136 118 58 non
1878 1136 219 58 sanctorum
2047 1136 152 58 filii
2148 1136 152 58 sunt,
2249 1136 118 58 qui

1377 1183 173 44 tenent
1498 1183 138 44 loca
1584 1183 242 44 sanctorum,
1775 1183 121 44 sed
1844 1183 121 44 qui
1913 1183 208 44 exercent
2069 1183 156 44 opera
2172 1183 173 44 eorum:
2276 1183 52 44 &

1383 1221 172 45 secundum
1511 1221 143 45 Grego.
1611 1221 100 45 40.
1669 1221 129 45 dist.
1754 1221 100 45 non
1811 1221 100 45 est
1869 1221 157 45 facile,
1983 1221 71 45 &
2012 1221 86 45 c.
2054 1221 100 45 nos
2112 1221 114 45 qui.
2183 1221 71 45 &
2197 1221 129 45 fecien-

1379 1269 114 46 dum
1444 1269 179 46 sanctum
1574 1269 244 46 Bonifacium,
1769 1269 98 46 si
1818 1269 130 46 Papa
1899 1269 146 46 malus
1997 1269 179 46 fuerit,
2127 1269 146 46 licet
2224 1269 130 46 mul-

1373 1317 118 58 tos
1441 1317 186 58 populos
1576 1317 101 58 se
1627 1317 118 58 cum
1694 1317 237 58 contrahat:
1880 1317 152 58 tamen
1982 1317 135 58 ipse
2066 1317 118 58 cum
2134 1317 186 58 diabolo
2252 1317 68 58 a-

1375 1364 111 46 pud
1439 1364 175 46 inferos
1566 1364 191 46 perpetuo
1709 1364 254 46 cruciabitur.
1916 1364 95 46 40
1963 1364 143 46 dist.
2059 1364 95 46 si
2106 1364 127 46 Papa
2186 1364 79 46 &
2202 1364 111 46 secun

1377 1401 132 42 dum
1453 1401 245 42 Symmachum
1641 1401 132 42 non
1716 1401 207 42 habebit
1867 1401 151 42 apud
1961 1401 151 42 Deum
2055 1401 113 42 de
2112 1401 245 42 allegatio

1375 1450 121 39 nis
1444 1450 173 39 nitore
1565 1450 242 39 subsidium,
1754 1450 173 39 quando
1875 1450 190 39 ipsorum
2013 1450 224 39 Sanctorum
2186 1450 173 39 utetur

1382 1488 160 50 teste,
1494 1488 112 50 quo
1558 1488 80 50 &
1590 1488 176 50 judice.
1717 1488 112 50 nam
1781 1488 80 50 &
1813 1488 96 50 ab
1861 1488 112 50 eo,
1925 1488 112 50 cui
1989 1488 128 50 plus
2069 1488 112 50 cer
2132 1488 192 50 mittiti.
2260 1488 64 50 1,

1376 1527 127 55 plus
1456 1527 206 55 exigitur.
1614 1527 111 55 10.
1678 1527 79 55 q
1710 1527 79 55 3
1741 1527 175 55 aliorum
1868 1527 127 55 unde
1948 1527 79 55 &
1980 1527 238 55 Anastasius,
2170 1527 111 55 qui
2218 1527 111 55 Acha-

1383 1581 134 48 cium
1467 1581 235 48 haereticum
1652 1581 185 48 occulte
1786 1581 202 48 revocare
1938 1581 185 48 voluit,
2072 1581 168 48 divino
2173 1581 151 48 judicio

1381 1618 192 50 percussus
1529 1618 133 50 fuit.
1618 1618 104 50 nam
1677 1618 104 50 dum
1736 1618 222 50 assellaret,
1914 1618 192 50 intestina
2062 1618 163 50 emisit.
2180 1618 104 50 19.
2224 1618 104 50 dist.

1381 1654 230 53 Anastasius.
1565 1654 154 53 Dicunt
1672 1654 138 53 autem
1764 1654 169 53 aliqui,
1887 1654 123 53 quod
1964 1654 200 53 sufficit,
2117 1654 92 53 si
2148 1654 169 53 confitea-

1383 1708 97 47 tur
1438 1708 97 47 Deo
1494 1708 124 47 sicut
1576 1708 138 47 tenent
1673 1708 152 47 Graeci.
1784 1708 83 47 de
1825 1708 110 47 paen
1894 1708 166 47 distin.1
2018 1708 97 47 ca.
2073 1708 97 47 si.
2129 1708 110 47 alii
2198 1708 152 47 dicunt,

1380 1748 137 45 quod
1466 1748 206 45 episcopo
1620 1748 155 45 Host.
1723 1748 120 45 qui
1792 1748 155 45 ipsum
1895 1748 240 45 consecrat,
2084 1748 137 45 unde
2152 1748 172 45 superior

1383 1792 109 43 est.
1452 1792 96 43 arg
1506 1792 96 43 93.
1561 1792 123 43 dist.
1643 1792 150 43 dominus
1752 1792 150 43 noster.
1862 1792 68 43 &
1889 1792 191 43 expressios
2039 1792 123 43 supr.
2121 1792 82 43 de
2162 1792 137 43 elect.
2244 1792 82 43 vene

1381 1836 152 59 rabilem
1492 1836 83 59 ยง.
1533 1836 83 59 1.
1575 1836 97 59 ver
1630 1836 97 59 est
1686 1836 125 59 enimn
1769 1836 249 59 irregulariter.
1976 1836 111 59 alii
2045 1836 152 59 dicunt,
2156 1836 111 59 quod
2211 1836 111 59 cardi-

1383 1885 185 52 nalibus
1517 1885 117 52 qui
1585 1885 168 52 procul
1702 1885 151 52 dubio
1803 1885 134 52 vice
1887 1885 285 52 Metropolitani
2122 1885 235 52 funguntur.

1386 1924 108 39 23.
1447 1924 123 39 dis.
1524 1924 92 39 in
1570 1924 138 39 nomme
1663 1924 154 39 Dommi.
1770 1924 138 39 Dicas
1863 1924 123 39 quod
1939 1924 154 39 potest
2047 1924 123 39 sibi
2124 1924 169 39 eligere
2232 1924 92 39 con-

1375 1964 224 47 fessorem
1543 1964 261 47 quemcunque
1748 1964 242 47 voluerit.
1935 1964 130 47 nam
2009 1964 93 47 &
2046 1964 112 47 in
2084 1964 242 47 contentiosa

1377 2009 251 51 jurisdictione
1584 2009 104 51 hoc
1643 2009 178 51 receptum
1777 2009 104 51 est
1836 2009 89 51 ff
1880 2009 89 51 de
1925 2009 207 51 iurisdict.
2087 2009 104 51 omn
2146 2009 104 51 jud
2206 2009 104 51 est
2250 2009 74 51 re-

1386 2060 125 44 ptum.
1470 2060 70 44 2
1498 2060 98 44 qu.
1553 2060 195 44 mandastis,
1707 2060 70 44 &
1735 2060 84 44 c.
1776 2060 153 44 auditum
1888 2060 98 44 est
1944 2060 84 44 2.
1985 2060 84 44 q.
2027 2060 70 44 7
2055 2060 98 44 nos
2111 2060 84 44 si
2153 2060 84 44 in
2181 2060 139 44 competen

1384 2101 114 54 ter
1449 2101 81 54 &
1481 2101 81 54 ยง
1514 2101 114 54 cum
1579 2101 179 54 Balaam,
1709 2101 147 54 multo
1807 2101 179 54 fortius
1937 2101 98 54 in
1986 2101 228 54 voluntaria
2165 2101 163 54 potest
2263 2101 65 54 se

1378 2141 241 45 submittere
1567 2141 207 45 cuilibet
1722 2141 241 45 sacerdoti:
1912 2141 86 45 c
1946 2141 138 45 quia
2032 2141 189 45 quantum
2170 2141 103 45 ad
2222 2141 121 45 hoc
2273 2141 52 45 u

1382 2187 245 48 nusquisque
1574 2187 210 48 sacerdos
1731 2187 245 48 catholicus
1923 2187 157 48 tenet
2028 2187 157 48 locum
2133 2187 122 48 Dei
2185 2187 140 48 viven-

1383 2228 117 55 tis.
1456 2228 73 55 &
1486 2228 117 55 loco
1559 2228 102 55 Dei
1617 2228 146 55 potest
1719 2228 190 55 absolvere
1865 2228 234 55 poenitentem,
2055 2228 102 55 11.
2113 2228 88 55 q.
2157 2228 73 55 3
2186 2228 146 55 absit.
2274 2228 58 55 de

1378 2275 128 48 poeni.
1468 2275 115 48 dist.
1545 2275 64 48 3
1571 2275 115 48 inter
1647 2275 103 48 haec
1712 2275 141 48 hircum.
1814 2275 77 48 1.
1853 2275 64 48 &
1878 2275 77 48 2.
1917 2275 90 48 50.
1968 2275 115 48 dist.
2045 2275 77 48 de
2083 2275 90 48 his
2135 2275 64 48 &
2160 2275 90 48 sic
2212 2275 115 48 etiam
2276 2275 51 48 in

1378 2315 132 41 foro
1461 2315 281 41 paenitentiali
1693 2315 166 41 factus
1809 2315 116 41 est
1875 2315 132 41 Papa
1958 2315 166 41 minor,
2074 2315 83 41 &
2107 2315 215 41 confessor
2256 2315 66 41 ma

1372 2359 120 52 jor.
1447 2359 90 52 ut
1492 2359 90 52 in
1537 2359 210 52 praedictis
1703 2359 180 52 iuribus,
1838 2359 75 52 &
1868 2359 105 52 hoc
1928 2359 150 52 innuit
2033 2359 195 52 Chrysost.
2184 2359 105 52 40.
2229 2359 105 52 dist.

1384 2403 124 47 multi
1467 2403 206 47 sacerdotes,
1631 2403 69 47 &
1659 2403 82 47 ad
1700 2403 110 47 hoc,
1769 2403 110 47 inf.
1837 2403 96 47 eod
1892 2403 82 47 ne
1933 2403 96 47 pro
1974 2403 165 47 dilatione.

1418 2490 102 49 Ui
1469 2490 85 49 *
1503 2490 254 49 Cardinales:
1706 2490 118 49 nam
1773 2490 85 49 &
1807 2490 102 49 hi
1858 2490 102 49 si
1909 2490 254 49 delinquant,
2112 2490 169 49 acrius
2213 2490 102 49 puni

1433 2540 103 54 ri
1484 2540 189 54 debent,
1622 2540 120 54 cum
1690 2540 172 54 domino
1811 2540 155 54 Papae
1914 2540 223 54 assistant
2086 2540 189 54 exemplo
2206 2540 120 54 Adae.

1381 2574 105 51 de
1434 2574 123 51 quo
1504 2574 158 51 dicit
1609 2574 193 51 August.
1750 2574 140 51 quod
1837 2574 175 51 quanto
1960 2574 140 51 erat
2048 2574 123 51 Deo
2118 2574 245 51 proximior,

1379 2628 133 50 tanto
1468 2628 133 50 magis
1556 2628 191 50 peccavit,
1703 2628 88 50 de
1748 2628 133 50 poen.
1836 2628 147 50 distin
1939 2628 88 50 5.
1983 2628 221 50 consideret,
2160 2628 74 50 &
2189 2628 162 50 exemplo

1379 2666 168 55 Luciferi.
1508 2666 78 55 de
1547 2666 116 55 poen.
1625 2666 116 55 dist.
1702 2666 78 55 2.
1741 2666 78 55 in
1780 2666 181 55 principio.
1922 2666 78 55 de
1961 2666 91 55 his
2013 2666 91 55 Esa
2064 2666 91 55 qui
2116 2666 103 55 sunt
2181 2666 116 55 isti,
2258 2666 91 55 qui

1382 2708 103 59 ut
1433 2708 155 59 nubes
1536 2708 189 59 volant,
1674 2708 120 59 &c.
1742 2708 120 59 ubi
1811 2708 206 59 dicuntur
1966 2708 206 59 columbae
2120 2708 189 59 propter
2240 2708 86 59 sim

1375 2749 245 60 plicitatem,
1571 2749 131 60 quam
1652 2749 163 60 habere
1767 2749 180 60 debent,
1897 2749 245 60 candidiores
2093 2749 147 60 nive,
2191 2749 114 60 quo
2257 2749 98 60 ad

1381 2796 171 55 mores,
1501 2796 86 55 &
1535 2796 154 55 vitae
1638 2796 240 55 munditiam.
1826 2796 291 55 rubicundiores
2065 2796 154 55 ebore
2151 2796 171 55 antiquo,

1381 2844 123 47 quo
1452 2844 105 47 ad
1504 2844 246 47 charitarem
1697 2844 88 47 &
1732 2844 228 47 passiones
1908 2844 193 47 Christi
2048 2844 228 47 memoriam:
2224 2844 140 47 sunt

1384 2890 125 48 enim
1462 2890 218 48 Cardinales
1634 2890 187 48 cardines
1774 2890 140 48 ostii
1868 2890 171 48 sanctae
1992 2890 203 48 ecclesia:
2148 2890 125 48 quia
2226 2890 140 48 sicut

1377 2932 156 39 ostium
1486 2932 171 39 regitur
1611 2932 234 39 cardinibus,
1798 2932 109 39 ita
1860 2932 156 39 sancta
1969 2932 187 39 ecclesia
2109 2932 249 39 cardinalibus

1371 2970 187 48 secundum
1512 2970 187 48 Anaclet.
1652 2970 109 48 22.
1714 2970 156 48 distin
1823 2970 156 48 sancta
1932 2970 156 48 Romana
2042 2970 187 48 ecclesia
2182 2970 94 48 in
2229 2970 109 48 fin
2275 2970 47 48 &

1380 3012 83 46 de
1422 3012 97 46 hoc
1477 3012 166 46 notatur.
1601 3012 124 46 supra
1684 3012 83 46 de
1726 3012 124 46 offi.
1809 3012 180 46 archipres
1947 3012 69 46 ยง
1974 3012 111 46 quae
2044 3012 180 46 pertinent
2182 3012 83 46 ad
2209 3012 111 46 offic.

1376 3060 123 46 ver.
1452 3060 92 46 3.
1499 3060 169 46 Caveant
1621 3060 169 46 igitur,
1744 3060 92 46 ne
1790 3060 123 46 sint
1867 3060 184 46 dracones
2005 3060 169 46 stantes
2128 3060 138 46 juxta
2220 3060 138 46 arcam

1383 3095 164 53 Domini.
1502 3095 104 53 37.
1562 3095 134 53 dist.
1651 3095 149 53 legant
1755 3095 193 53 episcopi,
1904 3095 74 53 &
1933 3095 89 53 ne
1978 3095 119 53 sint
2052 3095 164 53 nebulae
2171 3095 74 53 &
2201 3095 149 53 nubes,

1377 3142 140 52 sine
1465 3142 140 52 aqua
1553 3142 246 52 devotionis
1746 3142 281 52 lachrymarum,
1974 3142 246 52 turbinibus
2150 3142 175 52 daemonum

1381 3188 180 58 agitatae:
1520 3188 83 58 ut
1561 3188 138 58 probat
1658 3188 83 58 B.
1699 3188 152 58 Petrus,
1810 3188 69 58 &
1838 3188 111 58 Joa.
1907 3188 83 58 de
1948 3188 125 58 poen.
2031 3188 125 58 dist.
2114 3188 83 58 2.
2156 3188 83 58 si
2197 3188 111 58 enim
2253 3188 69 58 in-

1382 3232 128 59 quit,
1467 3232 71 59 &
1495 3232 128 59 Beda.
1580 3232 85 59 2.
1623 3232 99 59 q.7
1679 3232 142 59 secuti
1779 3232 128 59 sunt,
1864 3232 85 59 i.
1906 3232 99 59 non
1963 3232 184 59 capiantur
2104 3232 184 59 superbia,
2232 3232 85 59 quae

1377 3275 152 55 mater
1479 3275 118 55 est
1546 3275 186 55 domnium
1681 3275 220 55 vitiorum.
1851 3275 152 55 Eccl.
1952 3275 186 55 lnitium
2087 3275 152 55 omnis
2172 3275 152 55 peccati
