1500 2320
202 166 727 221 ultra quas, non se extendit Metaphysicus.
231 212 741 251 Ex hoc apparet, quod deficiunt dicentes
197 244 740 288 huiusmodi cognitiones de Deo, Metaphysi
196 279 749 317 cam scilicet, & Theologicam differre solum
193 313 747 352 ex parte luminis, quia secundum hoc seque¬
195 348 741 391 retur oppositum illius, quod iam satis con¬
196 387 745 424 stat, uidelicet, quod Theologica ueritas con
195 415 750 460 tineretur sub Metaphy cali, saltem quantum
199 450 746 495 ad rem cognitam, de hoc tamen melius pate
186 481 504 534 bit in sequenti articulo.
263 551 694 603 ARTICVLVS TERTIVS.
221 622 749 664 Ande eadem veritate possit considerare Theo
195 656 755 699 logus, ex Metaphositus, aliaeque scientiae, stante
196 687 584 737 earundem scientiarum diuersitate.
254 750 754 795 D hoc dico, quod si esset uera opinio
259 795 752 834 eorum, qui dicunt ad distinctionem scien
257 821 745 864 tiarum sufficere diuersos modos consi¬
195 854 750 899 derandi eandem ueritatem, tunc non esset
198 889 746 938 dubium, quod de eadem ueritate posset con
200 923 749 963 siderare Metaphysicus, & Theologus, quia
201 957 751 1006 per eos Metaphysicus diuinam ueritate con-
198 996 752 1031 sideraret, ut naturaliter cognitam, & Theo¬
193 1029 744 1065 logus eandem consideraret, ut reuelatam
196 1058 742 1102 Exempli gratia, sicut philosophus naturali¬
199 1099 752 1136 considerat eandem conclusionem quam ma
190 1125 752 1175 thematicus, puta, terram esse rotundam alio
198 1161 746 1208 tamen, & alio modo, nam physicus hanc con¬
190 1196 742 1243 siderat per naturam grauium, de cuius ra¬
201 1235 743 1271 tione est aequaliter ferri ad centrum ex om-
191 1263 741 1308 ni parte, Mathematicus autem hoc idem pro¬
198 1297 750 1342 bat per aequalitatem distantiae, quae debet es-
186 1337 740 1376 se inter centrum, & circumferentiam.
214 1362 754 1416 Sed ista opinio mihi non placet Primo, quia
195 1399 750 1441 sequeretur, quod nostra scientia sumeret spe
194 1435 749 1474 ciem, & distinctionem non a ueritate rei sci¬
189 1472 752 1507 tae, sed a nostro modo sciendi, quod est absur
190 1499 751 1544 dum, & contra intentionem Arist. 2. Metaph¬
225 1533 750 1581 Praeterea sequeretur, quod veritas eiusdem
187 1541 212 1582 as
188 1578 752 1615 conclusionis non posset sciri: in eadem scien
190 1607 753 1648 tia diuersimode, quod est falsum, cum scien
190 1637 746 1674 tia naturalis possit demonstrare eandem con
190 1673 748 1720 clusionem diuersis modis, scilicet per omnia
196 1705 626 1753 genera causarum..
217 1737 755 1785 Quapropter mihi videtur dicedum, quod
203 1775 751 1816 diuersae scientiae, uel nullo modo considerent
197 1812 753 1853 de eadem ueritate, uel si considerant, hoc
194 1840 753 1890 pro tanto est, quia ab illa non recipiunt spe
198 1879 748 1918 ciem, nec distinctionem, connectitur tamen
195 1914 747 1954 eius cognitio diuersis alijs ueritatibus, a qui
197 1946 752 1988 bus praefatae scientiae specificantur, & quod
189 1976 747 2022 ita sit apparet in exemplo superius posito,
196 2013 749 2055 constat enim, quod si physica, & Mathema¬
194 2052 749 2089 tica considerarent aliamueritatem, quam ro
194 2079 749 2134 runditatem terrae, non essent distinctae scien
774 154 1326 217 tiae, & probatur, nam tota causa, quare di¬
779 210 1331 260 uersi modi cognoseendi diuersifioent scien¬
779 245 1331 281 tias, est, quia per se separantur, & per acci¬
778 277 1333 317 dens coniunguntur respectu eiusdem ueri¬
787 313 1331 356 tatis: unde uidemus, quod modus conside¬
783 348 1329 391 randi scientiae naturalis, qui est per reductio
775 381 1335 418 nem ad primam materiam, & primum moto
779 417 1335 449 rem (ut supra dictum fuit) est per se separa¬
775 449 1331 489 tus a modo Metaphysici, qui reducit in pri¬
776 484 1331 525 mam formam, & ultimum finem, ita quod
775 517 1334 551 modus cognoscendi philosophi naturalis du
780 550 1330 591 cit intellectum in solam cognitionem rerum
778 584 1336 626 naturalium, modus autem Metaphysici asce
780 616 1328 655 dit ad cognoscendas ueritates rerum abstra¬
787 653 1334 690 ctarum principaliter, consequenter uero ue
783 684 1337 723 ritates entium, nt eutia sunt, & sicdicendio,
781 725 1334 767 contingit quandoque, quod Metaphysica con
778 753 1338 802 currit cum physica in consideratione eius¬
780 788 1333 834 dem ueritatis, sicut patet o. & xij. Metaph
784 821 1331 862 ubi Arist. inquirit eandem ueritatem de sub
781 854 1337 897 stantia sensibili, quam quaesiuit in naturali¬
778 892 1334 930 bus; Hinc Com. ibidem dicit, quod hae duae
783 924 1343 962 considerationes unitae sunt, & necesse est una
785 956 1138 1002 earum uti in altera scientia.
790 995 1333 1032 Si quis ergo quaereret, Anistae scientiae
784 1026 1330 1064 essent distinctae, si considerarent de solaue
778 1060 1333 1099 ritate substantiae sensibilis, in cuius conside¬
779 1094 1333 1139 ratione concurrunt, dicendum esset, quod
785 1126 1333 1166 non, licet considerent ueritatem illius sub¬
786 1160 1339 1198 stantiae diuersis modis, puta, in quantum sen
784 1197 1332 1234 sibilis a Naturali, & in quantum substantia
784 1232 1328 1276 est a Metaphysico, Et ratio est, quia isti di¬
782 1265 1332 1306 uersi modiconsiderandi non sufficiunt ad di
779 1296 1331 1338 stinctionem earum, nisi adhuc esset aliqua
776 1333 1326 1369 alia ueritas, in qua praefati modino conuen
778 1366 1335 1408 rent, sicut est ueritas entium abstractorum,
781 1404 1327 1439 in qua non conueniunt physicus, & Meta¬
781 1434 1334 1483 physicus, ergo eodem modo dicendum est
783 1464 1333 1511 in exemplo superius posito; Nam quamuis
780 1502 1338 1544 Mathematicus, & naturalis considerent ter
780 1537 1337 1574 rae rotunditatem diuersis modis, adhuc non
779 1571 1335 1613 sufficeret pro distinctione illarum, nisi esset
779 1605 1339 1644 alia ueritas, in qua praefati modi consideram¬
778 1638 1042 1685 di non conuenirent.
814 1663 1328 1718 Et ideo descendendo ad, propositum do
781 1710 1334 1752 Theologo, & Metaphysico. Dico, quod
778 1740 1330 1781 utique possunt eandemueritatem diuersis mo
783 1776 1333 1814 dis considerare, puta istam, Deum esse unum;
778 1807 1335 1850 Metaphysicus enim per naturalem cogni¬
783 1842 1335 1882 tionem, Theologus uero per diuinam reue
785 1874 1333 1924 lationem procedet, sed isti modi diuerse con
782 1909 1331 1950 siderandi nunquam sufficerent ad distinctio
779 1950 1334 1988 nem harum scientiarum, nisi daretur aliqua
778 1985 1329 2023 alia ueritas; in qua praedicti modi non con¬
782 2015 1326 2059 currerent, sicut est ista. Deus est trinus in
792 2046 1333 2083 personis, & unus in essentia, de qua solum
790 2081 1313 2129 per diuinam reuelationem habetur cognitio
