1500 2395
119 176 687 242 praehendit de colore, quod compraehendit
126 230 693 279 intellectus. Sicut ergo dicebatur superius in
123 271 689 314 quaestione de subiecto Theologiae, quod ra¬
127 305 689 344 tio glorificatoris erat quaedam praescisio vir¬
124 334 689 381 tualis, secundum quam praescindebatur sub¬
132 365 690 411 iectum Theologiae ab illa ratione absoluta, ad
134 413 697 451 quam intellectus non poterat attingere; ita
133 438 696 478 dico in proposito, quod ratio visibilis mihi vi
129 472 696 514 detur quaedam praescisio virtualis, secundum
135 514 691 559 quam praescinditur color ab omni non com¬
128 544 689 593 praehenso per visum, & sicut dicebatur ibi,
126 582 688 619 quod ratio glorificatoris praeexistebat in ob
125 613 698 656 iecto secundum potentiam, incipiebat tamen
130 649 695 687 esse ibi secundum actum per coexistentiam
125 680 699 729 actus sic exigentis; ita videtur dicendum in
125 723 695 768 proposito: & sicut ponebatur ibi exemplum
128 749 698 796 de diuisione motus per animam, & de tempo
130 787 702 829 re consequente ad illam diuisionem: ita ad
134 822 678 881 propositum potest induci idem exemplum
179 852 703 909 Ex quibus apparet quomodo possumus
134 888 700 932 saluare intentionem Arist. quod ratio visi¬
136 924 701 975 bilis non dicat aliquam formam supra colo¬
134 958 698 1003 rem, quemadmodum & diuisio primi motus
129 996 701 1048 facti per animam, & etiam ipsum tempus non
127 1031 687 1075 addit supra motum ab eo realiter distinctum.
163 1062 699 1109 Secundo possum saluare, quod non obstam
128 1098 701 1147 te identitate rationis visibilis ad colorem, con¬
126 1136 694 1179 sequitur tamen ipsum per modum passionis,
126 1178 701 1210 ex eosquod color non habet hanc rationem
132 1206 705 1248 secundum esse actuale completum, nisi ab
134 1239 699 1286 actu visionis extrinseco, praescindente colo
133 1279 705 1317 rem ab eo, quod visus non potest de eo com
135 1308 701 1360 prehendere, sicut non obstante identitate te
133 1342 705 1395 poris cum motu, tempus tamen consequi¬
131 1377 705 1419 tur ipsum per modum passionis, quia motus
135 1416 703 1457 non habet tempus secundum suum esse com¬
130 1452 704 1501 pletum, nisi ab actu animae extrinsecus diui¬
132 1483 634 1533 dentis, & numerantis ipsum.
173 1509 707 1567 lta eroo videtur mihi dicendum in pro¬
134 1543 703 1603 posito scilicet quod dictae rationes terminan
135 1588 706 1627 di, quamuis non addant aliquid realiter di¬
139 1623 695 1663 stinctum ab obiecto, consequuntur tamen il
133 1657 707 1698 sum per modum passionum, quia non habet
141 1694 707 1734 suum essc completum nisi ab actibus intel¬
146 1727 703 1769 lectus, & voluntatis, per quos a se inuicem
140 1759 704 1811 praescinduntur secundum exigentiam dicto
137 1799 699 1836 rum actuum, nam obiectum terminat actum
141 1831 711 1877 & exigentiam eius quantum ad quantitatem,
137 1870 705 1909 & quantum ad modum, & quia actus intel¬
138 1901 704 1952 lectus actualiter attingit obiectum aliter quam
143 1933 703 1976 actus voluntatis; idcireo exigit in obiecto a¬
139 1969 488 2015 liam rationem terminandi
154 2003 708 2046 Cum ergo quaeritur : vtrum istae rationes
145 2038 709 2078 ibi sint idem, quod obiectum, dicendum: quid
140 2077 712 2121 sunt idem, quatenus non addunt super ipsum
137 2114 708 2157 aliquid realiter ab eo distinctum, non auten
135 2145 709 2203 sunt idem, quatenus secundum suum esse com
731 173 1299 236 pletum consequuntur ipsum ab extrinseco
724 226 1301 276 per modum passionum, & ideo si obiectum
727 272 1300 311 est quid absolutum, & dictae rationes sunt
729 300 1276 349 quid absolutum, & haec de tota quaestione.
753 361 1264 412 AD ARGVMENTA
926 401 1098 456 principaliu.
803 470 1313 512 D primum dicendum: quod quantum¬
734 507 1288 548 cunque dictae potentiae sint aeque ab¬
722 541 1309 584 stractae, non tamen attingunt obiectum eo¬
728 578 1300 622 dem modo, quia non habent actum eiusdem
733 613 1295 662 rationis: quapropter necessario exigunt in
735 647 1206 693 obiecto diuersas rationes terminandi¬
767 682 1301 720 Ad secundum, cum dicebatur quod sola
729 712 1305 758 distinctio actuum videretur sufficiens causa
730 751 1301 797 praefatae distinctionis, nego, quia requiritur.
734 786 1300 826 etiam obiectum, & si quaeratur, quare obie¬
726 822 1304 859 ctum fruibile non se possit obijcere potentijs
730 856 1307 898 sub eadem ratione; dico quod possunt esse
732 891 1311 938 plures rariones, quare diuersi actus specifi¬
732 924 1303 971 centur ab eodem obiecto, quarum aliquae¬
733 962 1311 1001 sunt superius assignatae: cum vero addeba¬
735 996 1299 1036 tur, quod distinctio actuum potest sufficien
730 1029 1307 1069 ter reduci in potentias, nego: quia ostensumi
729 1067 1311 1110 est in secudo articulo, quod distinctio actuum
731 1097 1305 1146 quantum ad genus, vtique potest esse a poten¬
735 1135 1301 1174 tijs, distinctio tamen specifica eorum neces¬
732 1168 1007 1212 sario est ab obiectis.
767 1203 1300 1246 Ad argnmentum etiam, quod erat in op-
740 1238 1302 1286 positum, respondeo: quod consequentia pro¬
738 1274 1300 1309 cederet, si esset idem omnino obiectum, &
741 1310 1307 1353 ub eadem ratione formali, quatenus mouens,
736 1344 1298 1389 & quatenus terminans, contrarium autem
736 1378 1300 1428 ostensum est supra; & ideo non concludita
791 1442 1301 1486 QVAESTIO QVARTA.
746 1515 1309 1562 Vtrum obiectum fruitionis possit mouere
772 1553 1302 1593 voluntatem ad actum fruendi, non mo
791 1586 1256 1625 uendo intellectum ad actum videndi¬
744 1832 1306 1873 ARVITVR AFFIRMATIVES
747 1893 1307 1950 1SIcut se habet phantasia ad intellectum,
781 1928 1313 1977 Dita intellectus ad voluntatem: sed obie
736 1972 1306 2006 ctum fruibile prius mouet intellectum ad a¬
743 2003 1311 2044 ctum videndi, non mouendo phantasium
738 2040 1306 2082 ad actum phantasiandi; ergo etiam poterit
738 2073 1305 2112 mouere voluntatem ad actu fuendi, non
737 2111 1308 2147 mouendo intellectu ad actum videndi; Ma¬
739 2145 1301 2191 ior est nota, quia sicut voluntas monetur ab
