<?xml version="1.0" encoding="UTF-8" standalone="yes"?>
<PcGts xmlns="http://schema.primaresearch.org/PAGE/gts/pagecontent/2013-07-15" xmlns:xsi="http://www.w3.org/2001/XMLSchema-instance" xsi:schemaLocation="http://schema.primaresearch.org/PAGE/gts/pagecontent/2013-07-15 http://schema.primaresearch.org/PAGE/gts/pagecontent/2013-07-15/pagecontent.xsd">
    <Metadata>
        <Creator>prov=University of Rostock/Institute of Mathematics/CITlab|PLANET AI GmbH/Gundram Leifert/gundram.leifert@planet-ai.de:name=cod-P122zz-m2(htr_id=26330)::::v=2.6.6
prov=University of Rostock/Institute of Mathematics/CITlab|PLANET AI GmbH/Tobias Gruening/tobias.gruening@planet-ai.de:name=de.uros.citlab.module.baseline2polygon.B2PSeamMultiOriented:v=2.6.6
prov=University of Rostock/Institute of Mathematics/CITlab|PLANET AI GmbH/Tobias Gruening/tobias.gruening@planet-ai.de:name=/net_tf/LA73_249_0mod360.pb:de.uros.citlab.segmentation.CITlab_LA_ML:v=2.6.6
Transkribus</Creator>
        <Created>2020-02-27T16:44:24.845+01:00</Created>
        <LastChange>2020-09-29T03:36:50.171+02:00</LastChange>
        <TranskribusMetadata docId="330297" pageId="13057737" pageNr="133" tsid="41728384" status="IN_PROGRESS" userId="25065" imgUrl="https://files.transkribus.eu/Get?id=HMSNPRIEDUYNLHECMHGUZWBH&amp;fileType=view" xmlUrl="https://files.transkribus.eu/Get?id=MWRDPRLQMLZLOPWSVAYJHVKP" imageId="9248278"/>
    </Metadata>
    <Page imageFilename="132.jpg" imageWidth="1500" imageHeight="2380">
        <ReadingOrder>
            <OrderedGroup id="ro_1601414221426" caption="Regions reading order">
                <RegionRefIndexed index="0" regionRef="TextRegion_1600363949504_69"/>
                <RegionRefIndexed index="1" regionRef="TextRegion_1600363949505_70"/>
            </OrderedGroup>
        </ReadingOrder>
        <TextRegion orientation="0.0" id="TextRegion_1600363949504_69" custom="readingOrder {index:0;}">
            <Coords points="128,171 707,171 728,2198 128,2198"/>
            <TextLine id="r3l4" custom="readingOrder {index:0;}">
                <Coords points="126,226 681,224 691,182 585,195 471,178 435,196 385,170 234,158 126,185"/>
                <Baseline points="131,214 158,213 186,212 214,212 242,212 269,212 297,212 325,212 353,212 380,212 408,213 436,213 464,213 491,214 519,214 547,215 575,215 602,215 630,215 658,215 686,215"/>
                <TextEquiv>
                    <Unicode>quaestione visum fuit: necesse est quod mo¬</Unicode>
                </TextEquiv>
            </TextLine>
            <TextLine id="r3l6" custom="readingOrder {index:1;}">
                <Coords points="124,254 601,266 660,249 686,263 695,221 125,227"/>
                <Baseline points="129,248 157,248 185,247 213,247 241,247 269,247 297,247 325,248 353,248 381,248 409,248 437,249 465,249 493,249 521,249 549,250 577,250 605,250 633,250 661,250 689,250"/>
                <TextEquiv>
                    <Unicode>ueantur secundum quendam ordinem, :&amp; </Unicode>
                </TextEquiv>
            </TextLine>
            <TextLine id="r3l9" custom="readingOrder {index:2;}">
                <Coords points="126,300 691,297 691,263 651,255 126,254"/>
                <Baseline points="131,282 158,282 186,282 214,282 242,283 269,283 297,283 325,283 353,283 380,283 408,283 436,283 464,283 491,284 519,284 547,284 575,284 602,284 630,284 658,284 686,284"/>
                <TextEquiv>
                    <Unicode>per consequens necessario actus vnius sup¬</Unicode>
                </TextEquiv>
            </TextLine>
            <TextLine id="r3l10" custom="readingOrder {index:3;}">
                <Coords points="125,333 659,335 691,331 691,297 125,300"/>
                <Baseline points="130,317 157,317 185,317 213,317 241,317 269,317 296,318 324,318 352,318 380,318 408,318 435,318 463,318 491,318 519,318 547,319 574,319 602,319 630,320 658,320 686,321"/>
                <TextEquiv>
                    <Unicode>ponit actum alterius, nullus autem diceret, </Unicode>
                </TextEquiv>
            </TextLine>
            <TextLine id="r3l12" custom="readingOrder {index:4;}">
                <Coords points="132,360 689,361 689,332 630,322 132,332"/>
                <Baseline points="137,352 164,351 191,351 219,351 246,351 273,352 301,352 328,352 355,352 383,352 410,353 437,353 465,353 492,353 519,354 547,354 574,354 601,354 629,354 656,353 684,353"/>
                <TextEquiv>
                    <Unicode>quod actus intellectus supponeret actum vo</Unicode>
                </TextEquiv>
            </TextLine>
            <TextLine id="r3l13" custom="readingOrder {index:5;}">
                <Coords points="127,391 656,403 687,389 687,363 662,356 421,374 127,356"/>
                <Baseline points="132,385 159,385 187,385 214,386 242,386 269,386 297,386 324,387 352,387 379,387 407,387 434,387 462,387 489,388 517,388 544,388 572,388 599,388 627,388 654,387 682,387"/>
                <TextEquiv>
                    <Unicode>luntatis, sequitur ergo, quod actus volunta¬</Unicode>
                </TextEquiv>
            </TextLine>
            <TextLine id="r3l15" custom="readingOrder {index:6;}">
                <Coords points="131,433 675,437 691,431 691,398 131,401"/>
                <Baseline points="136,419 163,420 191,420 218,421 246,421 273,421 301,421 328,421 356,422 383,422 411,422 438,422 466,422 493,422 521,422 548,422 576,422 603,422 631,422 658,422 686,422"/>
                <TextEquiv>
                    <Unicode>tis supponat actum intellectus: phantasia</Unicode>
                </TextEquiv>
            </TextLine>
            <TextLine id="r3l17" custom="readingOrder {index:7;}">
                <Coords points="125,468 360,474 508,457 697,471 687,431 125,433"/>
                <Baseline points="130,455 158,455 186,455 214,455 242,455 270,456 298,456 326,456 354,456 382,456 411,456 439,457 467,457 495,457 523,457 551,457 579,457 607,457 635,457 663,457 692,457"/>
                <TextEquiv>
                    <Unicode>autem, &amp; intellectus non sic sunt ordinatae</Unicode>
                </TextEquiv>
            </TextLine>
            <TextLine id="r3l19" custom="readingOrder {index:8;}">
                <Coords points="123,510 179,494 638,508 689,504 689,470 123,473"/>
                <Baseline points="128,490 155,490 183,490 211,490 239,490 267,490 294,490 322,490 350,491 378,491 406,491 433,491 461,491 489,492 517,492 545,492 572,492 600,492 628,492 656,491 684,491"/>
                <TextEquiv>
                    <Unicode>potentiae respectu cuiusdam obiecti, quia ne¬</Unicode>
                </TextEquiv>
            </TextLine>
            <TextLine id="r3l23" custom="readingOrder {index:9;}">
                <Coords points="127,533 695,540 695,505 672,499 278,509 180,494 127,510"/>
                <Baseline points="132,523 159,524 187,524 215,524 243,525 271,525 299,525 327,525 355,525 383,525 411,525 438,526 466,526 494,526 522,526 550,526 578,526 606,526 634,526 662,526 690,526"/>
                <TextEquiv>
                    <Unicode>cessario mouetur ab eodem obiecto, nam in</Unicode>
                </TextEquiv>
            </TextLine>
            <TextLine id="r3l24" custom="readingOrder {index:10;}">
                <Coords points="131,575 692,567 692,540 618,530 132,539"/>
                <Baseline points="137,558 164,558 192,559 219,559 247,559 274,559 302,559 329,560 357,560 384,560 412,560 439,561 467,561 494,561 522,561 549,561 577,561 604,561 632,560 659,560 687,559"/>
                <TextEquiv>
                    <Unicode>patria ita mouebitur intellectus ab obiecto</Unicode>
                </TextEquiv>
            </TextLine>
            <TextLine id="r3l26" custom="readingOrder {index:11;}">
                <Coords points="134,603 681,612 689,565 134,576"/>
                <Baseline points="139,592 166,592 193,593 220,593 248,594 275,594 302,594 329,595 357,595 384,595 411,595 438,595 466,596 493,596 520,596 547,596 575,596 602,596 629,596 656,595 684,595"/>
                <TextEquiv>
                    <Unicode>beatifico, quod non mouebitur ab eo ipsa</Unicode>
                </TextEquiv>
            </TextLine>
            <TextLine id="r3l28" custom="readingOrder {index:12;}">
                <Coords points="127,644 137,647 149,640 180,640 194,634 208,645 250,644 261,634 270,636 271,607 255,608 236,598 224,609 213,610 199,605 167,610 152,598 139,609 128,606"/>
                <Baseline points="132,627 158,628 185,627 211,627 238,628 265,630"/>
                <TextEquiv>
                    <Unicode>phantasia,</Unicode>
                </TextEquiv>
            </TextLine>
            <TextLine id="r3l30" custom="readingOrder {index:13;}">
                <Coords points="161,676 693,679 693,629 569,646 161,638"/>
                <Baseline points="166,661 192,661 218,662 244,662 270,663 296,663 322,663 348,663 374,664 400,664 427,664 453,664 479,664 505,664 531,664 557,664 583,664 609,664 635,664 661,663 688,663"/>
                <TextEquiv>
                    <Unicode>Nec valet si dicatur, quod saltem in via a</Unicode>
                </TextEquiv>
            </TextLine>
            <TextLine id="r3l31" custom="readingOrder {index:14;}">
                <Coords points="128,713 693,710 699,669 128,676"/>
                <Baseline points="133,696 161,697 189,697 217,697 245,697 273,698 301,698 329,698 357,698 385,698 413,699 441,699 469,699 497,699 525,699 553,699 581,699 609,699 637,699 665,698 694,698"/>
                <TextEquiv>
                    <Unicode>quocunque mouetur intellectus, mouetur</Unicode>
                </TextEquiv>
            </TextLine>
            <TextLine id="r3l33" custom="readingOrder {index:15;}">
                <Coords points="135,744 658,748 689,740 689,703 135,712"/>
                <Baseline points="140,731 167,731 194,731 221,732 248,732 276,732 303,732 330,732 357,733 384,733 412,733 439,733 466,733 493,734 520,734 548,734 575,734 602,734 629,734 656,733 684,733"/>
                <TextEquiv>
                    <Unicode>etiam phantasia: quia dato quod sint necessa</Unicode>
                </TextEquiv>
            </TextLine>
            <TextLine id="r3l35" custom="readingOrder {index:16;}">
                <Coords points="134,779 693,782 693,738 134,749"/>
                <Baseline points="139,765 166,765 193,766 221,766 248,766 276,767 303,767 331,767 358,767 386,768 413,768 440,768 468,768 495,768 523,768 550,768 578,768 605,768 633,767 660,767 688,767"/>
                <TextEquiv>
                    <Unicode>rio subordinatae potentiae in via respectu eius¬</Unicode>
                </TextEquiv>
            </TextLine>
            <TextLine id="r3l37" custom="readingOrder {index:17;}">
                <Coords points="132,817 696,808 696,781 667,774 132,775"/>
                <Baseline points="137,801 164,801 192,801 220,801 247,801 275,801 303,802 330,802 358,802 386,802 414,802 441,802 469,802 497,802 524,802 552,802 580,802 607,802 635,802 663,802 691,802"/>
                <TextEquiv>
                    <Unicode>dem obiecti in ratione mouentis, non sunt ta</Unicode>
                </TextEquiv>
            </TextLine>
            <TextLine id="r3l39" custom="readingOrder {index:18;}">
                <Coords points="134,845 649,851 693,845 693,806 134,815"/>
                <Baseline points="139,836 166,836 193,835 221,835 248,835 276,836 303,836 331,836 358,836 386,837 413,837 440,837 468,837 495,838 523,838 550,838 578,837 605,837 633,837 660,836 688,835"/>
                <TextEquiv>
                    <Unicode>men necessario subordinatae respectu eius¬</Unicode>
                </TextEquiv>
            </TextLine>
            <TextLine id="r3l41" custom="readingOrder {index:19;}">
                <Coords points="131,883 566,873 618,888 689,875 690,851 132,845"/>
                <Baseline points="136,869 163,870 190,870 218,870 245,870 273,870 300,870 327,871 355,871 382,871 410,871 437,871 464,871 492,872 519,872 547,872 574,872 601,872 629,871 656,871 684,871"/>
                <TextEquiv>
                    <Unicode>dem obiecti in ratione terminantis; non enim</Unicode>
                </TextEquiv>
            </TextLine>
            <TextLine id="r3l43" custom="readingOrder {index:20;}">
                <Coords points="130,917 445,920 469,906 683,920 697,880 130,883"/>
                <Baseline points="135,906 162,905 190,905 218,905 246,905 274,905 302,905 329,905 357,905 385,905 413,905 441,905 469,905 497,906 524,906 552,906 580,906 608,905 636,905 664,905 692,905"/>
                <TextEquiv>
                    <Unicode>terminantur eorum actus necessario ad idem</Unicode>
                </TextEquiv>
            </TextLine>
            <TextLine id="r3l45" custom="readingOrder {index:21;}">
                <Coords points="137,954 695,949 695,917 137,913"/>
                <Baseline points="142,939 169,939 196,939 224,939 251,939 279,940 306,940 333,940 361,940 388,940 416,940 443,940 470,940 498,940 525,940 553,940 580,940 607,940 635,940 662,939 690,939"/>
                <TextEquiv>
                    <Unicode>obiectum, sed actus intellectus terminatur</Unicode>
                </TextEquiv>
            </TextLine>
            <TextLine id="r3l47" custom="readingOrder {index:22;}">
                <Coords points="130,989 638,989 693,977 693,950 178,944 130,959"/>
                <Baseline points="135,974 162,974 190,973 217,973 245,973 273,973 300,973 328,974 356,974 383,974 411,974 439,975 466,975 494,975 522,975 549,975 577,975 605,975 632,975 660,974 688,973"/>
                <TextEquiv>
                    <Unicode>ad id, ad quod nullo modo potest terminari</Unicode>
                </TextEquiv>
            </TextLine>
            <TextLine id="r3l49" custom="readingOrder {index:23;}">
                <Coords points="138,1016 439,1026 527,1011 556,1027 689,1029 689,986 670,979 138,988"/>
                <Baseline points="143,1009 170,1009 197,1008 224,1008 251,1008 278,1008 305,1008 332,1009 359,1009 386,1009 413,1009 440,1009 467,1010 494,1010 521,1010 548,1010 575,1010 602,1010 629,1009 656,1009 684,1008"/>
                <TextEquiv>
                    <Unicode>actus phantasiae, puta ad intelligendum sub¬</Unicode>
                </TextEquiv>
            </TextLine>
            <TextLine id="r3l51" custom="readingOrder {index:24;}">
                <Coords points="137,1054 579,1055 579,1024 529,1011 482,1027 137,1017"/>
                <Baseline points="142,1043 167,1043 192,1043 218,1043 243,1043 269,1043 294,1043 319,1044 345,1044 370,1044 396,1044 421,1044 446,1044 472,1044 497,1044 523,1044 548,1043 574,1043"/>
                <TextEquiv>
                    <Unicode>stantias spirituales, &amp; vniuersalia.</Unicode>
                </TextEquiv>
            </TextLine>
            <TextLine id="r3l53" custom="readingOrder {index:25;}">
                <Coords points="142,1094 692,1082 692,1054 649,1049 142,1054"/>
                <Baseline points="147,1079 174,1079 201,1078 228,1078 255,1078 282,1078 309,1078 336,1078 363,1078 390,1078 417,1078 444,1079 471,1079 498,1079 525,1079 552,1079 579,1079 606,1079 633,1078 660,1078 687,1077"/>
                <TextEquiv>
                    <Unicode>Notandum tamen non esse inconueniens</Unicode>
                </TextEquiv>
            </TextLine>
            <TextLine id="r3l56" custom="readingOrder {index:26;}">
                <Coords points="134,1124 676,1126 691,1090 134,1094"/>
                <Baseline points="139,1113 166,1113 193,1113 221,1113 248,1113 275,1113 303,1113 330,1113 357,1113 385,1113 412,1113 439,1114 467,1114 494,1114 521,1114 549,1114 576,1114 603,1113 631,1113 658,1113 686,1112"/>
                <TextEquiv>
                    <Unicode>concedere, quod pro statu praesentis viae a¬</Unicode>
                </TextEquiv>
            </TextLine>
            <TextLine id="r3l57" custom="readingOrder {index:27;}">
                <Coords points="134,1165 697,1153 697,1129 626,1120 134,1123"/>
                <Baseline points="139,1147 166,1147 194,1147 221,1147 249,1147 277,1147 304,1147 332,1147 360,1148 387,1148 415,1148 443,1148 470,1148 498,1148 526,1148 553,1148 581,1148 609,1148 636,1148 664,1148 692,1148"/>
                <TextEquiv>
                    <Unicode>ctus intellectus necessario supponat actum </Unicode>
                </TextEquiv>
            </TextLine>
            <TextLine id="r3l59" custom="readingOrder {index:28;}">
                <Coords points="138,1195 692,1195 692,1156 138,1164"/>
                <Baseline points="143,1182 170,1182 197,1182 224,1182 251,1182 279,1182 306,1182 333,1182 360,1182 387,1182 415,1182 442,1182 469,1182 496,1182 523,1182 551,1182 578,1182 605,1182 632,1182 659,1182 687,1181"/>
                <TextEquiv>
                    <Unicode>phantasiae, vel respectu eiusdem obiecti, vel</Unicode>
                </TextEquiv>
            </TextLine>
            <TextLine id="r3l61" custom="readingOrder {index:29;}">
                <Coords points="139,1225 697,1228 697,1194 680,1191 139,1195"/>
                <Baseline points="144,1217 171,1217 198,1217 226,1217 253,1217 281,1217 308,1217 335,1217 363,1217 390,1217 418,1217 445,1217 472,1218 500,1218 527,1218 555,1218 582,1218 609,1217 637,1217 664,1217 692,1217"/>
                <TextEquiv>
                    <Unicode>saltem respectu diuersorum, quorum vnum</Unicode>
                </TextEquiv>
            </TextLine>
            <TextLine id="r3l63" custom="readingOrder {index:30;}">
                <Coords points="138,1264 607,1254 691,1267 691,1229 631,1220 600,1236 138,1225"/>
                <Baseline points="143,1252 170,1251 197,1251 224,1251 251,1251 278,1251 305,1251 333,1251 360,1251 387,1251 414,1251 441,1252 468,1252 495,1252 523,1252 550,1252 577,1252 604,1252 631,1252 658,1252 686,1251"/>
                <TextEquiv>
                    <Unicode>habet necessario ordinem ad alterum, &amp; ideo</Unicode>
                </TextEquiv>
            </TextLine>
            <TextLine id="r3l65" custom="readingOrder {index:31;}">
                <Coords points="138,1299 686,1294 686,1269 606,1253 138,1265"/>
                <Baseline points="143,1285 169,1285 196,1286 223,1286 250,1286 277,1286 304,1286 331,1286 358,1286 385,1286 412,1286 438,1286 465,1286 492,1286 519,1286 546,1286 573,1286 600,1286 627,1286 654,1285 681,1285"/>
                <TextEquiv>
                    <Unicode>quamuis intellectus se extendat ad substan¬</Unicode>
                </TextEquiv>
            </TextLine>
            <TextLine id="r3l67" custom="readingOrder {index:32;}">
                <Coords points="135,1334 689,1332 689,1307 643,1295 135,1299"/>
                <Baseline points="140,1322 167,1321 194,1321 221,1321 248,1321 276,1321 303,1321 330,1321 357,1321 384,1321 412,1321 439,1321 466,1321 493,1321 520,1321 548,1321 575,1321 602,1321 629,1321 656,1321 684,1320"/>
                <TextEquiv>
                    <Unicode>tias separatas, ad quas non se extendit phan¬</Unicode>
                </TextEquiv>
            </TextLine>
            <TextLine id="r3l69" custom="readingOrder {index:33;}">
                <Coords points="137,1371 693,1368 693,1331 137,1335"/>
                <Baseline points="142,1355 169,1355 196,1355 223,1355 251,1355 278,1355 305,1355 333,1355 360,1355 387,1355 415,1355 442,1355 469,1355 496,1355 524,1355 551,1355 578,1356 606,1356 633,1356 660,1356 688,1356"/>
                <TextEquiv>
                    <Unicode>tasia, extendit se tamen ad earum effectus, </Unicode>
                </TextEquiv>
            </TextLine>
            <TextLine id="r3l72" custom="readingOrder {index:34;}">
                <Coords points="139,1408 274,1393 661,1403 693,1393 693,1368 139,1374"/>
                <Baseline points="144,1390 171,1390 198,1390 225,1390 252,1390 280,1390 307,1390 334,1390 361,1390 388,1390 416,1390 443,1390 470,1390 497,1390 524,1390 552,1390 579,1390 606,1390 633,1390 660,1390 688,1390"/>
                <TextEquiv>
                    <Unicode>qui talem habent ordinem ad substantias se¬</Unicode>
                </TextEquiv>
            </TextLine>
            <TextLine id="r3l73" custom="readingOrder {index:35;}">
                <Coords points="140,1438 635,1437 701,1429 701,1402 140,1407"/>
                <Baseline points="145,1424 172,1424 200,1424 227,1424 255,1424 282,1424 310,1424 337,1425 365,1425 392,1425 420,1425 448,1425 475,1425 503,1425 530,1425 558,1425 585,1425 613,1424 640,1424 668,1424 696,1423"/>
                <TextEquiv>
                    <Unicode>paratas, quod si praefati effectus non caderent</Unicode>
                </TextEquiv>
            </TextLine>
            <TextLine id="r3l76" custom="readingOrder {index:36;}">
                <Coords points="140,1478 270,1463 698,1471 687,1436 140,1439"/>
                <Baseline points="145,1459 172,1459 199,1459 227,1459 254,1459 282,1459 309,1459 336,1459 364,1459 391,1459 419,1459 446,1459 473,1459 501,1459 528,1459 556,1459 583,1459 610,1459 638,1459 665,1459 693,1459"/>
                <TextEquiv>
                    <Unicode>sub actu phantasiae, substantiae separatae non</Unicode>
                </TextEquiv>
            </TextLine>
            <TextLine id="r3l77" custom="readingOrder {index:37;}">
                <Coords points="142,1501 698,1504 698,1475 674,1465 142,1476"/>
                <Baseline points="147,1494 174,1494 201,1494 228,1494 256,1494 283,1493 310,1493 338,1493 365,1493 392,1493 420,1493 447,1493 474,1493 501,1493 529,1493 556,1494 583,1494 611,1494 638,1494 665,1494 693,1494"/>
                <TextEquiv>
                    <Unicode>caderent sub actu intelligendi, &amp; hinc est,</Unicode>
                </TextEquiv>
            </TextLine>
            <TextLine id="r3l80" custom="readingOrder {index:38;}">
                <Coords points="138,1542 700,1540 700,1505 664,1497 630,1513 521,1496 138,1505"/>
                <Baseline points="143,1528 170,1528 198,1528 225,1528 253,1528 281,1528 308,1528 336,1528 363,1528 391,1528 419,1528 446,1528 474,1528 501,1528 529,1528 557,1528 584,1528 612,1528 639,1528 667,1528 695,1528"/>
                <TextEquiv>
                    <Unicode>quod Arist in 3. de anima absolute concedit, </Unicode>
                </TextEquiv>
            </TextLine>
            <TextLine id="r3l82" custom="readingOrder {index:39;}">
                <Coords points="141,1571 697,1579 697,1547 669,1533 141,1544"/>
                <Baseline points="146,1563 173,1563 200,1562 227,1562 255,1562 282,1562 309,1562 337,1562 364,1563 391,1563 419,1563 446,1563 473,1563 500,1563 528,1563 555,1563 582,1563 610,1563 637,1562 664,1561 692,1561"/>
                <TextEquiv>
                    <Unicode>quod sine intellectu passiuo, qui est phanta¬</Unicode>
                </TextEquiv>
            </TextLine>
            <TextLine id="r3l83" custom="readingOrder {index:40;}">
                <Coords points="141,1612 222,1599 271,1601 300,1613 349,1601 375,1613 375,1579 340,1570 310,1579 282,1566 265,1579 244,1579 220,1567 195,1580 174,1574 161,1582 141,1571"/>
                <Baseline points="146,1598 174,1597 202,1597 230,1596 258,1597 286,1597 314,1597 342,1597 370,1598"/>
                <TextEquiv>
                    <Unicode>sia nil intelligitur.</Unicode>
                </TextEquiv>
            </TextLine>
            <TextLine id="r3l85" custom="readingOrder {index:41;}">
                <Coords points="178,1647 696,1643 696,1612 661,1605 418,1613 397,1600 300,1614 271,1601 224,1615 178,1602"/>
                <Baseline points="183,1630 208,1630 233,1631 259,1631 284,1631 310,1631 335,1631 360,1631 386,1632 411,1632 437,1632 462,1632 487,1632 513,1632 538,1632 564,1632 589,1632 614,1632 640,1631 665,1631 691,1631"/>
                <TextEquiv>
                    <Unicode>Est ergo phantasia necessario subordinata</Unicode>
                </TextEquiv>
            </TextLine>
            <TextLine id="r3l89" custom="readingOrder {index:42;}">
                <Coords points="138,1680 692,1678 681,1642 138,1639"/>
                <Baseline points="143,1667 170,1667 197,1666 224,1666 251,1666 279,1666 306,1666 333,1666 360,1666 387,1666 415,1666 442,1666 469,1666 496,1667 523,1667 551,1667 578,1666 605,1666 632,1666 659,1665 687,1665"/>
                <TextEquiv>
                    <Unicode>intellectui pro statu isto, qui ordo non proue¬</Unicode>
                </TextEquiv>
            </TextLine>
            <TextLine id="r3l91" custom="readingOrder {index:43;}">
                <Coords points="141,1716 698,1714 698,1682 677,1677 141,1682"/>
                <Baseline points="146,1702 173,1702 200,1701 228,1701 255,1701 282,1701 310,1701 337,1701 364,1702 392,1702 419,1702 446,1702 474,1702 501,1702 528,1702 556,1701 583,1701 610,1701 638,1701 665,1700 693,1699"/>
                <TextEquiv>
                    <Unicode>nit ex nam intellectus sedn se, sed quatenus</Unicode>
                </TextEquiv>
            </TextLine>
            <TextLine id="r3l93" custom="readingOrder {index:44;}">
                <Coords points="145,1753 266,1739 355,1754 454,1738 699,1747 699,1715 145,1719"/>
                <Baseline points="150,1735 177,1735 204,1736 231,1736 258,1736 286,1736 313,1736 340,1736 367,1736 394,1736 422,1736 449,1735 476,1735 503,1735 530,1735 558,1735 585,1735 612,1735 639,1735 666,1735 694,1735"/>
                <TextEquiv>
                    <Unicode>est copulatus corpori, ex hoc enim prouenit, </Unicode>
                </TextEquiv>
            </TextLine>
            <TextLine id="r3l95" custom="readingOrder {index:45;}">
                <Coords points="146,1794 202,1776 691,1783 701,1746 146,1753"/>
                <Baseline points="151,1770 178,1770 205,1770 232,1770 260,1770 287,1769 314,1770 341,1770 369,1770 396,1770 423,1770 450,1770 478,1770 505,1770 532,1770 559,1770 587,1770 614,1770 641,1769 668,1769 696,1769"/>
                <TextEquiv>
                    <Unicode>quod colligatur phantasiae, &amp; alijs potentijs</Unicode>
                </TextEquiv>
            </TextLine>
            <TextLine id="r3l98" custom="readingOrder {index:46;}">
                <Coords points="141,1815 626,1818 700,1806 700,1781 141,1784"/>
                <Baseline points="146,1806 173,1805 200,1805 228,1804 255,1804 283,1804 310,1804 338,1804 365,1804 393,1804 420,1805 447,1805 475,1805 502,1805 530,1805 557,1805 585,1804 612,1804 640,1803 667,1802 695,1801"/>
                <TextEquiv>
                    <Unicode>sensitiuis : Propter quod talis ordo potest im¬</Unicode>
                </TextEquiv>
            </TextLine>
            <TextLine id="r3l102" custom="readingOrder {index:47;}">
                <Coords points="146,1856 688,1850 700,1808 146,1815"/>
                <Baseline points="151,1839 178,1839 205,1839 232,1839 259,1839 287,1839 314,1839 341,1839 368,1839 395,1839 423,1839 450,1839 477,1839 504,1839 531,1839 559,1839 586,1838 613,1838 640,1838 667,1837 695,1837"/>
                <TextEquiv>
                    <Unicode>mutari in anima separata, &amp; etiam in anima</Unicode>
                </TextEquiv>
            </TextLine>
            <TextLine id="r3l104" custom="readingOrder {index:48;}">
                <Coords points="151,1887 674,1887 704,1878 704,1844 151,1856"/>
                <Baseline points="156,1874 183,1873 210,1873 237,1873 264,1873 291,1873 318,1873 346,1873 373,1874 400,1874 427,1874 454,1874 481,1874 508,1874 536,1874 563,1874 590,1874 617,1873 644,1873 671,1872 699,1871"/>
                <TextEquiv>
                    <Unicode>vnita corpori glorificato, vt patebit in 4 dum</Unicode>
                </TextEquiv>
            </TextLine>
            <TextLine id="r3l106" custom="readingOrder {index:49;}">
                <Coords points="151,1922 654,1921 701,1912 701,1880 151,1888"/>
                <Baseline points="156,1910 183,1909 210,1909 237,1908 264,1908 291,1907 318,1907 345,1907 372,1907 399,1907 426,1908 453,1908 480,1908 507,1908 534,1908 561,1908 588,1908 615,1907 642,1907 669,1906 696,1906"/>
                <TextEquiv>
                    <Unicode>tractabitur de resurrectione, &amp; ideo huius¬</Unicode>
                </TextEquiv>
            </TextLine>
            <TextLine id="r3l109" custom="readingOrder {index:50;}">
                <Coords points="150,1954 706,1956 706,1912 150,1921"/>
                <Baseline points="155,1943 182,1943 209,1942 236,1942 264,1942 291,1942 318,1942 346,1942 373,1942 400,1942 428,1942 455,1942 482,1942 509,1942 537,1942 564,1942 591,1942 619,1942 646,1942 673,1941 701,1941"/>
                <TextEquiv>
                    <Unicode>modi ordo debet dici accidentalis, &amp; non es¬</Unicode>
                </TextEquiv>
            </TextLine>
            <TextLine id="r3l111" custom="readingOrder {index:51;}">
                <Coords points="146,1988 706,1991 706,1955 677,1948 146,1954"/>
                <Baseline points="151,1978 178,1977 206,1977 233,1977 261,1977 288,1977 316,1977 343,1977 371,1977 398,1977 426,1977 453,1977 481,1977 508,1977 536,1977 563,1977 591,1977 618,1977 646,1977 673,1976 701,1976"/>
                <TextEquiv>
                    <Unicode>sentialis: sed ordo, qui est inter intellectum,</Unicode>
                </TextEquiv>
            </TextLine>
            <TextLine id="r3l114" custom="readingOrder {index:52;}">
                <Coords points="150,2028 712,2019 712,1991 671,1981 150,1988"/>
                <Baseline points="155,2013 182,2013 210,2012 237,2012 265,2012 293,2011 320,2011 348,2011 375,2011 403,2011 431,2011 458,2011 486,2011 513,2012 541,2012 569,2012 596,2012 624,2012 651,2011 679,2011 707,2011"/>
                <TextEquiv>
                    <Unicode>&amp; voluntatem prouenit ex natura vtriusque</Unicode>
                </TextEquiv>
            </TextLine>
            <TextLine id="r3l116" custom="readingOrder {index:53;}">
                <Coords points="146,2067 231,2051 713,2055 699,2016 145,2026"/>
                <Baseline points="150,2048 177,2047 205,2047 233,2046 261,2046 289,2046 317,2046 344,2046 372,2046 400,2046 428,2046 456,2046 484,2046 512,2046 539,2046 567,2046 595,2046 623,2046 651,2046 679,2045 707,2045"/>
                <TextEquiv>
                    <Unicode>potentiae, ex quarum natura prouenit, quod</Unicode>
                </TextEquiv>
            </TextLine>
            <TextLine id="r3l118" custom="readingOrder {index:54;}">
                <Coords points="148,2088 673,2091 708,2085 708,2053 148,2065"/>
                <Baseline points="153,2082 180,2082 208,2082 235,2081 263,2081 290,2081 318,2081 345,2081 373,2081 400,2080 428,2080 455,2080 483,2081 510,2081 538,2081 565,2081 593,2081 620,2081 648,2081 675,2081 703,2081"/>
                <TextEquiv>
                    <Unicode>necessario radicentur in eodem subiecto, &amp;</Unicode>
                </TextEquiv>
            </TextLine>
            <TextLine id="r3l121" custom="readingOrder {index:55;}">
                <Coords points="156,2132 349,2118 643,2130 710,2124 710,2088 156,2094"/>
                <Baseline points="161,2117 188,2117 215,2116 242,2116 269,2116 297,2115 324,2115 351,2115 378,2115 405,2115 433,2115 460,2115 487,2115 514,2115 541,2115 569,2115 596,2115 623,2115 650,2114 677,2114 705,2113"/>
                <TextEquiv>
                    <Unicode>per consequens quod vna sit necessario alte</Unicode>
                </TextEquiv>
            </TextLine>
            <TextLine id="r3l124" custom="readingOrder {index:56;}">
                <Coords points="151,2175 205,2159 267,2179 587,2177 621,2159 707,2175 707,2119 151,2132"/>
                <Baseline points="156,2153 183,2152 210,2152 237,2152 265,2152 292,2152 319,2151 347,2151 374,2151 401,2151 429,2151 456,2151 483,2151 510,2151 538,2151 565,2150 592,2150 620,2150 647,2150 674,2149 702,2149"/>
                <TextEquiv>
                    <Unicode>ri colligata, &amp; sub ordinata; vnde talis ordo</Unicode>
                </TextEquiv>
            </TextLine>
            <TextEquiv>
                <Unicode>quaestione visum fuit: necesse est quod mo¬
ueantur secundum quendam ordinem, :&amp; 
per consequens necessario actus vnius sup¬
ponit actum alterius, nullus autem diceret, 
quod actus intellectus supponeret actum vo
luntatis, sequitur ergo, quod actus volunta¬
tis supponat actum intellectus: phantasia
autem, &amp; intellectus non sic sunt ordinatae
potentiae respectu cuiusdam obiecti, quia ne¬
cessario mouetur ab eodem obiecto, nam in
patria ita mouebitur intellectus ab obiecto
beatifico, quod non mouebitur ab eo ipsa
phantasia,
Nec valet si dicatur, quod saltem in via a
quocunque mouetur intellectus, mouetur
etiam phantasia: quia dato quod sint necessa
rio subordinatae potentiae in via respectu eius¬
dem obiecti in ratione mouentis, non sunt ta
men necessario subordinatae respectu eius¬
dem obiecti in ratione terminantis; non enim
terminantur eorum actus necessario ad idem
obiectum, sed actus intellectus terminatur
ad id, ad quod nullo modo potest terminari
actus phantasiae, puta ad intelligendum sub¬
stantias spirituales, &amp; vniuersalia.
Notandum tamen non esse inconueniens
concedere, quod pro statu praesentis viae a¬
ctus intellectus necessario supponat actum 
phantasiae, vel respectu eiusdem obiecti, vel
saltem respectu diuersorum, quorum vnum
habet necessario ordinem ad alterum, &amp; ideo
quamuis intellectus se extendat ad substan¬
tias separatas, ad quas non se extendit phan¬
tasia, extendit se tamen ad earum effectus, 
qui talem habent ordinem ad substantias se¬
paratas, quod si praefati effectus non caderent
sub actu phantasiae, substantiae separatae non
caderent sub actu intelligendi, &amp; hinc est,
quod Arist in 3. de anima absolute concedit, 
quod sine intellectu passiuo, qui est phanta¬
sia nil intelligitur.
Est ergo phantasia necessario subordinata
intellectui pro statu isto, qui ordo non proue¬
nit ex nam intellectus sedn se, sed quatenus
est copulatus corpori, ex hoc enim prouenit, 
quod colligatur phantasiae, &amp; alijs potentijs
sensitiuis : Propter quod talis ordo potest im¬
mutari in anima separata, &amp; etiam in anima
vnita corpori glorificato, vt patebit in 4 dum
tractabitur de resurrectione, &amp; ideo huius¬
modi ordo debet dici accidentalis, &amp; non es¬
sentialis: sed ordo, qui est inter intellectum,
&amp; voluntatem prouenit ex natura vtriusque
potentiae, ex quarum natura prouenit, quod
necessario radicentur in eodem subiecto, &amp;
per consequens quod vna sit necessario alte
ri colligata, &amp; sub ordinata; vnde talis ordo</Unicode>
            </TextEquiv>
        </TextRegion>
        <TextRegion orientation="0.0" id="TextRegion_1600363949505_70" custom="readingOrder {index:1;}">
            <Coords points="707,170 1296,170 1299,2197 728,2197"/>
            <TextLine id="r3l5" custom="readingOrder {index:0;}">
                <Coords points="718,220 1033,219 1163,238 1268,230 1283,189 719,187"/>
                <Baseline points="723,215 750,215 778,215 806,216 833,216 861,217 889,217 916,217 944,218 972,218 1000,218 1027,219 1055,219 1083,219 1110,220 1138,220 1166,220 1193,221 1221,221 1249,221 1277,222"/>
                <TextEquiv>
                    <Unicode>debet dici essentialis, &amp; sic patet quid dice¬</Unicode>
                </TextEquiv>
            </TextLine>
            <TextLine id="r3l7" custom="readingOrder {index:1;}">
                <Coords points="722,262 870,267 946,255 976,270 1007,257 1075,266 1096,261 1097,230 962,221 938,233 884,222 831,231 808,220 747,231 723,222"/>
                <Baseline points="728,249 754,250 780,250 806,250 832,251 858,251 884,252 910,252 936,253 962,253 988,253 1014,254 1040,254 1066,254 1092,253"/>
                <TextEquiv>
                    <Unicode>dum est ad hunc articulum.</Unicode>
                </TextEquiv>
            </TextLine>
            <TextLine id="r3l11" custom="readingOrder {index:2;}">
                <Coords points="763,325 844,335 968,319 997,332 1237,336 1237,298 1201,301 1183,286 987,300 940,283 901,295 833,284 763,298"/>
                <Baseline points="768,321 793,321 819,321 845,321 871,322 896,322 922,322 948,322 974,323 1000,323 1025,323 1051,323 1077,323 1103,323 1128,324 1154,324 1180,324 1206,323 1232,323"/>
                <TextEquiv>
                    <Unicode>ARTICVLVS SECVNDVS</Unicode>
                </TextEquiv>
            </TextLine>
            <TextLine id="r3l14" custom="readingOrder {index:3;}">
                <Coords points="730,396 1284,402 1285,365 1094,350 1023,353 996,372 890,352 806,369 731,348"/>
                <Baseline points="735,386 762,387 789,387 816,388 843,388 871,388 898,389 925,389 952,389 979,389 1007,390 1034,390 1061,390 1088,390 1115,390 1143,391 1170,391 1197,391 1224,391 1251,392 1279,392"/>
                <TextEquiv>
                    <Unicode>Vtrum visio sit de intrinseca ratione fruibi¬</Unicode>
                </TextEquiv>
            </TextLine>
            <TextLine id="r3l16" custom="readingOrder {index:4;}">
                <Coords points="739,437 1267,430 1267,404 1235,398 740,394"/>
                <Baseline points="745,422 770,422 796,423 822,423 848,423 874,424 900,424 925,424 951,424 977,424 1003,424 1029,424 1055,425 1081,425 1106,425 1132,425 1158,425 1184,426 1210,426 1236,427 1262,427"/>
                <TextEquiv>
                    <Unicode>lis in quantum fruibile, ita vt actus volun</Unicode>
                </TextEquiv>
            </TextLine>
            <TextLine id="r3l18" custom="readingOrder {index:5;}">
                <Coords points="751,471 1251,465 1243,431 880,441 752,428"/>
                <Baseline points="757,456 782,457 808,457 834,458 859,458 885,458 911,458 937,459 962,459 988,459 1014,459 1040,459 1065,459 1091,460 1117,460 1143,460 1168,460 1194,460 1220,460 1246,461"/>
                <TextEquiv>
                    <Unicode>tatis supponat actum intellactus, quasi</Unicode>
                </TextEquiv>
            </TextLine>
            <TextLine id="r3l21" custom="readingOrder {index:6;}">
                <Coords points="770,507 1122,496 1194,509 1225,505 1226,469 1076,463 992,476 937,463 844,476 797,462 771,473"/>
                <Baseline points="775,490 801,491 827,491 853,492 879,492 905,493 932,493 958,493 984,493 1010,493 1036,493 1062,493 1089,493 1115,494 1141,494 1167,494 1193,494 1220,494"/>
                <TextEquiv>
                    <Unicode>sit de intrinseca ratione sui obiecti.</Unicode>
                </TextEquiv>
            </TextLine>
            <TextLine id="r3l32" custom="readingOrder {index:7;}">
                <Coords points="801,709 1070,716 1099,704 1142,717 1285,702 1285,680 1251,672 1194,681 1172,665 1099,680 1049,652 988,646 801,654"/>
                <Baseline points="806,700 832,700 858,699 885,699 911,699 937,699 964,699 990,700 1016,700 1043,700 1069,700 1095,701 1122,701 1148,701 1174,701 1201,701 1227,701 1253,701 1280,700"/>
                <TextEquiv>
                    <Unicode>D hoc videntur dicere quidam vni¬</Unicode>
                </TextEquiv>
            </TextLine>
            <TextLine id="r3l34" custom="readingOrder {index:8;}">
                <Coords points="732,749 1274,743 1274,705 822,713 770,681 732,686"/>
                <Baseline points="737,738 763,736 790,736 816,735 843,734 870,734 896,734 923,734 949,734 976,734 1003,735 1029,735 1056,735 1082,736 1109,736 1136,736 1162,736 1189,736 1215,736 1242,735 1269,735"/>
                <TextEquiv>
                    <Unicode>uersaliter, quod cognitio est de in</Unicode>
                </TextEquiv>
            </TextLine>
            <TextLine id="r3l36" custom="readingOrder {index:9;}">
                <Coords points="723,773 1278,782 1278,753 1205,739 1184,754 1140,738 723,748"/>
                <Baseline points="728,767 755,767 782,768 809,768 837,769 864,769 891,769 918,769 946,769 973,770 1000,770 1027,770 1055,770 1082,770 1109,770 1136,770 1164,770 1191,770 1218,770 1245,770 1273,770"/>
                <TextEquiv>
                    <Unicode>trinseca ratione obiecti voluntatis, suppo¬</Unicode>
                </TextEquiv>
            </TextLine>
            <TextLine id="r3l38" custom="readingOrder {index:10;}">
                <Coords points="724,810 1284,814 1284,779 724,781"/>
                <Baseline points="729,802 756,802 784,802 811,803 839,803 866,803 894,803 921,803 949,804 976,804 1004,804 1031,804 1059,804 1086,804 1114,804 1141,805 1169,805 1196,805 1224,805 1251,805 1279,805"/>
                <TextEquiv>
                    <Unicode>nunt enim, quod voluntas sit passiua, &amp; per</Unicode>
                </TextEquiv>
            </TextLine>
            <TextLine id="r3l40" custom="readingOrder {index:11;}">
                <Coords points="716,854 1252,851 1289,845 1289,815 716,818"/>
                <Baseline points="721,837 749,837 777,837 805,837 833,837 861,838 889,838 918,838 946,838 974,838 1002,838 1030,839 1058,839 1086,839 1115,839 1143,839 1171,839 1199,839 1227,839 1255,839 1284,839"/>
                <TextEquiv>
                    <Unicode>consequens non possit moueri a se ipsa, sed </Unicode>
                </TextEquiv>
            </TextLine>
            <TextLine id="r3l42" custom="readingOrder {index:12;}">
                <Coords points="725,882 1253,887 1295,877 1295,845 725,853"/>
                <Baseline points="730,871 758,871 786,871 814,872 842,872 870,872 898,872 926,872 954,872 982,873 1010,873 1038,873 1066,873 1094,873 1122,874 1150,874 1178,874 1206,874 1234,874 1262,874 1290,874"/>
                <TextEquiv>
                    <Unicode>moueatur ab obiecto, prout habet esse cogni</Unicode>
                </TextEquiv>
            </TextLine>
            <TextLine id="r3l44" custom="readingOrder {index:13;}">
                <Coords points="726,918 1281,918 1291,881 727,882"/>
                <Baseline points="732,905 759,905 787,906 815,906 842,906 870,906 898,906 925,907 953,907 981,907 1009,907 1036,907 1064,907 1092,907 1119,907 1147,908 1175,908 1202,908 1230,908 1258,909 1286,909"/>
                <TextEquiv>
                    <Unicode>tum, &amp; appraehensum per ipsum intellectum,</Unicode>
                </TextEquiv>
            </TextLine>
            <TextLine id="r3l46" custom="readingOrder {index:14;}">
                <Coords points="726,953 1290,953 1291,915 727,918"/>
                <Baseline points="732,941 759,941 787,941 815,941 842,941 870,941 898,941 925,941 953,941 981,941 1009,941 1036,941 1064,942 1092,942 1119,942 1147,942 1175,942 1202,942 1230,942 1258,942 1286,942"/>
                <TextEquiv>
                    <Unicode>erit ergo ipsa apprehensio, seu cognitio de</Unicode>
                </TextEquiv>
            </TextLine>
            <TextLine id="r3l48" custom="readingOrder {index:15;}">
                <Coords points="724,993 797,980 1269,987 1269,955 1247,944 1182,957 724,951"/>
                <Baseline points="729,976 755,976 782,975 809,975 836,975 862,975 889,975 916,975 943,975 969,976 996,976 1023,976 1050,976 1076,976 1103,976 1130,976 1157,976 1183,976 1210,976 1237,976 1264,976"/>
                <TextEquiv>
                    <Unicode>intrinseca ratione obiecti fruibilis in patria.</Unicode>
                </TextEquiv>
            </TextLine>
            <TextLine id="r3l50" custom="readingOrder {index:16;}">
                <Coords points="754,1015 1040,1028 1281,1016 1281,987 1257,982 754,985"/>
                <Baseline points="759,1010 784,1010 810,1009 836,1009 862,1009 888,1009 914,1009 939,1010 965,1010 991,1010 1017,1010 1043,1011 1069,1011 1095,1011 1120,1011 1146,1012 1172,1012 1198,1012 1224,1012 1250,1011 1276,1011"/>
                <TextEquiv>
                    <Unicode>Haec posito mihi non placet, nam si obie</Unicode>
                </TextEquiv>
            </TextLine>
            <TextLine id="r3l52" custom="readingOrder {index:17;}">
                <Coords points="729,1048 1275,1056 1286,1015 1044,1029 730,1015"/>
                <Baseline points="734,1044 761,1043 788,1043 815,1043 843,1044 870,1044 897,1044 925,1044 952,1044 979,1045 1007,1045 1034,1045 1061,1045 1088,1046 1116,1046 1143,1046 1170,1046 1198,1046 1225,1045 1252,1045 1280,1045"/>
                <TextEquiv>
                    <Unicode>ctum apprehensum per intellectum ita mo¬</Unicode>
                </TextEquiv>
            </TextLine>
            <TextLine id="r3l54" custom="readingOrder {index:18;}">
                <Coords points="722,1091 1263,1092 1285,1086 1285,1055 722,1061"/>
                <Baseline points="727,1078 754,1078 782,1078 809,1079 837,1079 865,1079 892,1079 920,1079 948,1079 975,1079 1003,1079 1031,1079 1058,1080 1086,1080 1114,1080 1141,1080 1169,1080 1197,1080 1224,1080 1252,1079 1280,1079"/>
                <TextEquiv>
                    <Unicode>ueret voluntatem, quod apprehensio concur¬</Unicode>
                </TextEquiv>
            </TextLine>
            <TextLine id="r3l55" custom="readingOrder {index:19;}">
                <Coords points="718,1128 825,1114 965,1133 1280,1126 1288,1091 719,1091"/>
                <Baseline points="724,1113 753,1113 782,1113 812,1113 841,1113 871,1113 900,1113 929,1113 959,1113 988,1113 1018,1114 1047,1114 1077,1114 1106,1114 1135,1114 1165,1115 1194,1115 1224,1115 1253,1115 1283,1116"/>
                <TextEquiv>
                    <Unicode>reret in mouendo, tanquam de intrinseca ra</Unicode>
                </TextEquiv>
            </TextLine>
            <TextLine id="r3l58" custom="readingOrder {index:20;}">
                <Coords points="723,1153 810,1166 1096,1153 1178,1168 1285,1153 1285,1126 723,1127"/>
                <Baseline points="728,1148 755,1148 783,1147 810,1147 838,1147 866,1147 893,1148 921,1148 948,1148 976,1148 1004,1149 1031,1149 1059,1149 1086,1149 1114,1149 1142,1149 1169,1149 1197,1149 1224,1149 1252,1149 1280,1148"/>
                <TextEquiv>
                    <Unicode>rione obiecti mouentis, sequeretur, quod vo¬</Unicode>
                </TextEquiv>
            </TextLine>
            <TextLine id="r3l60" custom="readingOrder {index:21;}">
                <Coords points="727,1197 1283,1192 1283,1158 1266,1154 1146,1168 1095,1153 727,1158"/>
                <Baseline points="732,1181 759,1181 786,1182 813,1182 841,1182 868,1182 895,1182 923,1183 950,1183 977,1183 1005,1183 1032,1183 1059,1183 1086,1184 1114,1184 1141,1184 1168,1184 1196,1184 1223,1184 1250,1183 1278,1183"/>
                <TextEquiv>
                    <Unicode>luntas moueretur a non cognito, consequens</Unicode>
                </TextEquiv>
            </TextLine>
            <TextLine id="r3l62" custom="readingOrder {index:22;}">
                <Coords points="726,1222 810,1221 825,1236 1284,1225 1284,1197 1206,1189 726,1197"/>
                <Baseline points="731,1216 758,1217 785,1217 813,1217 840,1217 868,1217 895,1217 922,1217 950,1217 977,1217 1005,1217 1032,1217 1059,1217 1087,1217 1114,1217 1142,1217 1169,1218 1196,1218 1224,1218 1251,1218 1279,1218"/>
                <TextEquiv>
                    <Unicode>est falsum, ergo &amp; antecedens Falsitas conce</Unicode>
                </TextEquiv>
            </TextLine>
            <TextLine id="r3l64" custom="readingOrder {index:23;}">
                <Coords points="729,1266 988,1252 1283,1266 1283,1225 824,1236 729,1222"/>
                <Baseline points="734,1251 761,1251 788,1252 815,1252 842,1252 870,1252 897,1252 924,1252 951,1252 978,1252 1006,1252 1033,1251 1060,1251 1087,1252 1114,1252 1142,1252 1169,1252 1196,1252 1223,1253 1250,1253 1278,1254"/>
                <TextEquiv>
                    <Unicode>ditur ab omnibus, &amp; consequentiam probo;</Unicode>
                </TextEquiv>
            </TextLine>
            <TextLine id="r3l66" custom="readingOrder {index:24;}">
                <Coords points="729,1298 1288,1297 1288,1269 1237,1257 1215,1271 1176,1257 729,1266"/>
                <Baseline points="734,1286 761,1285 788,1285 816,1285 843,1286 871,1286 898,1286 926,1286 953,1286 981,1286 1008,1286 1035,1286 1063,1287 1090,1287 1118,1287 1145,1287 1173,1287 1200,1287 1228,1287 1255,1287 1283,1287"/>
                <TextEquiv>
                    <Unicode>nam quamuis obiectum necessario habeat</Unicode>
                </TextEquiv>
            </TextLine>
            <TextLine id="r3l68" custom="readingOrder {index:25;}">
                <Coords points="726,1334 1233,1337 1285,1330 1285,1296 726,1297"/>
                <Baseline points="731,1321 758,1321 785,1321 813,1321 840,1321 868,1321 895,1321 923,1321 950,1321 978,1321 1005,1321 1032,1321 1060,1321 1087,1321 1115,1321 1142,1322 1170,1321 1197,1321 1225,1321 1252,1321 1280,1321"/>
                <TextEquiv>
                    <Unicode>esse cognitum ante actum voluntatis, cogni¬</Unicode>
                </TextEquiv>
            </TextLine>
            <TextLine id="r3l70" custom="readingOrder {index:26;}">
                <Coords points="725,1362 1284,1367 1274,1328 725,1334"/>
                <Baseline points="730,1355 757,1355 784,1355 812,1355 839,1356 867,1356 894,1356 922,1356 949,1356 977,1356 1004,1356 1031,1356 1059,1356 1086,1356 1114,1355 1141,1355 1169,1355 1196,1355 1224,1355 1251,1356 1279,1356"/>
                <TextEquiv>
                    <Unicode>tio tamen ipsa, per quam cognoscitur obie¬</Unicode>
                </TextEquiv>
            </TextLine>
            <TextLine id="r3l71" custom="readingOrder {index:27;}">
                <Coords points="725,1399 1289,1396 1289,1367 1269,1362 726,1367"/>
                <Baseline points="731,1390 758,1390 786,1389 813,1389 841,1389 869,1389 896,1389 924,1389 952,1390 979,1390 1007,1390 1035,1390 1062,1390 1090,1390 1118,1390 1145,1391 1173,1391 1201,1391 1228,1391 1256,1391 1284,1391"/>
                <TextEquiv>
                    <Unicode>ctum, non necessario est cognita ante actum </Unicode>
                </TextEquiv>
            </TextLine>
            <TextLine id="r3l74" custom="readingOrder {index:28;}">
                <Coords points="733,1429 1221,1439 1281,1428 1281,1398 733,1403"/>
                <Baseline points="738,1425 764,1425 791,1425 818,1425 845,1425 872,1425 899,1425 926,1425 953,1425 980,1425 1007,1425 1033,1425 1060,1425 1087,1425 1114,1425 1141,1425 1168,1425 1195,1425 1222,1425 1249,1425 1276,1425"/>
                <TextEquiv>
                    <Unicode>voluntatis, quia non cognoscitur, nisi per a¬</Unicode>
                </TextEquiv>
            </TextLine>
            <TextLine id="r3l75" custom="readingOrder {index:29;}">
                <Coords points="735,1464 984,1475 1046,1462 1099,1477 1190,1463 1231,1477 1283,1466 1283,1426 881,1442 735,1429"/>
                <Baseline points="740,1460 766,1460 793,1459 820,1459 847,1459 874,1459 901,1459 928,1459 955,1459 982,1459 1009,1459 1035,1459 1062,1459 1089,1459 1116,1459 1143,1459 1170,1459 1197,1459 1224,1459 1251,1459 1278,1459"/>
                <TextEquiv>
                    <Unicode>ctum reflexum; Oportet ergo dicere, quod</Unicode>
                </TextEquiv>
            </TextLine>
            <TextLine id="r3l78" custom="readingOrder {index:30;}">
                <Coords points="731,1499 1272,1507 1290,1499 1290,1468 731,1473"/>
                <Baseline points="736,1494 763,1493 790,1493 818,1493 845,1493 873,1493 900,1493 928,1493 955,1493 983,1493 1010,1493 1037,1493 1065,1493 1092,1493 1120,1493 1147,1493 1175,1494 1202,1494 1230,1494 1257,1494 1285,1493"/>
                <TextEquiv>
                    <Unicode>ante omnem actum voluntatis sit aliquis a¬</Unicode>
                </TextEquiv>
            </TextLine>
            <TextLine id="r3l79" custom="readingOrder {index:31;}">
                <Coords points="730,1538 1278,1538 1290,1499 730,1504"/>
                <Baseline points="735,1529 762,1528 790,1528 817,1528 845,1527 872,1527 900,1527 927,1527 955,1527 982,1527 1010,1527 1037,1528 1065,1528 1092,1528 1120,1528 1147,1528 1175,1528 1202,1528 1230,1528 1257,1528 1285,1527"/>
                <TextEquiv>
                    <Unicode>ctus reflexus in intellectu, &amp; quod actum re</Unicode>
                </TextEquiv>
            </TextLine>
            <TextLine id="r3l81" custom="readingOrder {index:32;}">
                <Coords points="728,1575 1244,1576 1287,1570 1287,1539 728,1543"/>
                <Baseline points="733,1564 760,1563 787,1563 815,1562 842,1562 870,1562 897,1562 925,1562 952,1562 980,1562 1007,1562 1034,1562 1062,1562 1089,1562 1117,1563 1144,1563 1172,1563 1199,1563 1227,1563 1254,1563 1282,1563"/>
                <TextEquiv>
                    <Unicode>ctum intellectus non sequatur aliquis actus</Unicode>
                </TextEquiv>
            </TextLine>
            <TextLine id="r3l84" custom="readingOrder {index:33;}">
                <Coords points="734,1612 1204,1604 1194,1570 1060,1569 1048,1581 983,1567 734,1570"/>
                <Baseline points="739,1598 764,1598 790,1597 815,1597 841,1597 866,1597 892,1597 917,1597 943,1597 969,1597 994,1597 1020,1597 1045,1597 1071,1597 1096,1597 1122,1597 1147,1597 1173,1598 1199,1598"/>
                <TextEquiv>
                    <Unicode>voluntatis, quod est manifeste falsum.</Unicode>
                </TextEquiv>
            </TextLine>
            <TextLine id="r3l86" custom="readingOrder {index:34;}">
                <Coords points="767,1645 1269,1640 1278,1603 767,1604"/>
                <Baseline points="772,1632 797,1632 822,1631 847,1631 872,1631 897,1631 922,1631 947,1631 972,1631 997,1631 1022,1631 1047,1631 1072,1631 1097,1631 1122,1631 1147,1631 1172,1631 1197,1632 1222,1632 1247,1632 1273,1631"/>
                <TextEquiv>
                    <Unicode>Alij dicunt, quod cognitio non est de ra¬</Unicode>
                </TextEquiv>
            </TextLine>
            <TextLine id="r3l88" custom="readingOrder {index:35;}">
                <Coords points="731,1679 1285,1677 1285,1647 1262,1636 765,1649 731,1631"/>
                <Baseline points="736,1666 763,1666 790,1666 817,1666 844,1666 872,1666 899,1665 926,1666 953,1666 980,1666 1008,1666 1035,1666 1062,1666 1089,1666 1116,1666 1144,1666 1171,1666 1198,1666 1225,1666 1252,1666 1280,1665"/>
                <TextEquiv>
                    <Unicode>tione obiecti voluntatis, sed concurrit ad hoc</Unicode>
                </TextEquiv>
            </TextLine>
            <TextLine id="r3l90" custom="readingOrder {index:36;}">
                <Coords points="735,1711 1114,1704 1173,1719 1188,1705 1284,1711 1284,1678 735,1680"/>
                <Baseline points="740,1702 768,1701 796,1701 825,1700 853,1700 881,1700 910,1700 938,1700 966,1700 995,1700 1023,1701 1052,1701 1080,1701 1108,1701 1137,1701 1165,1701 1193,1701 1222,1700 1250,1700 1279,1699"/>
                <TextEquiv>
                    <Unicode>tanquam causa, sine qua non, supponunt. enim</Unicode>
                </TextEquiv>
            </TextLine>
            <TextLine id="r3l92" custom="readingOrder {index:37;}">
                <Coords points="738,1752 1155,1737 1276,1753 1293,1749 1293,1711 738,1718"/>
                <Baseline points="743,1735 770,1735 797,1734 824,1734 852,1734 879,1734 906,1734 933,1734 961,1734 988,1735 1015,1735 1042,1735 1070,1735 1097,1736 1124,1736 1151,1736 1179,1736 1206,1735 1233,1735 1260,1734 1288,1734"/>
                <TextEquiv>
                    <Unicode>quod voluntas sit actiua, &amp; sic inferunt, quod</Unicode>
                </TextEquiv>
            </TextLine>
            <TextLine id="r3l94" custom="readingOrder {index:38;}">
                <Coords points="736,1782 1246,1780 1288,1775 1288,1746 736,1752"/>
                <Baseline points="741,1769 768,1769 795,1770 822,1770 849,1770 876,1770 903,1770 930,1770 957,1770 984,1769 1012,1769 1039,1769 1066,1769 1093,1769 1120,1769 1147,1769 1174,1769 1201,1769 1228,1769 1255,1769 1283,1769"/>
                <TextEquiv>
                    <Unicode>non indigeat cognitione in ratione mouentis</Unicode>
                </TextEquiv>
            </TextLine>
            <TextLine id="r3l97" custom="readingOrder {index:39;}">
                <Coords points="730,1814 1268,1816 1292,1812 1292,1778 730,1784"/>
                <Baseline points="735,1804 762,1804 790,1804 817,1804 845,1804 873,1804 900,1804 928,1803 955,1803 983,1803 1011,1803 1038,1803 1066,1803 1093,1804 1121,1804 1149,1804 1176,1804 1204,1804 1231,1804 1259,1803 1287,1803"/>
                <TextEquiv>
                    <Unicode>tanquam causa per se, sed solum voluntas in</Unicode>
                </TextEquiv>
            </TextLine>
            <TextLine id="r3l101" custom="readingOrder {index:40;}">
                <Coords points="736,1850 1289,1848 1289,1817 1259,1808 736,1810"/>
                <Baseline points="741,1839 768,1838 795,1838 822,1838 849,1837 876,1837 903,1837 931,1837 958,1837 985,1838 1012,1838 1039,1838 1066,1838 1093,1838 1121,1838 1148,1838 1175,1838 1202,1838 1229,1838 1256,1838 1284,1837"/>
                <TextEquiv>
                    <Unicode>digeat ea in ratione ostendentis, &amp; praepo¬</Unicode>
                </TextEquiv>
            </TextLine>
            <TextLine id="r3l105" custom="readingOrder {index:41;}">
                <Coords points="728,1878 1290,1886 1290,1853 1261,1842 1198,1857 961,1842 728,1853"/>
                <Baseline points="733,1873 760,1873 788,1873 815,1873 843,1873 871,1873 898,1873 926,1873 953,1873 981,1873 1009,1873 1036,1873 1064,1873 1091,1873 1119,1873 1147,1873 1174,1873 1202,1874 1229,1874 1257,1874 1285,1874"/>
                <TextEquiv>
                    <Unicode>nentis sibi obiectum suum tanquam causa,</Unicode>
                </TextEquiv>
            </TextLine>
            <TextLine id="r3l107" custom="readingOrder {index:42;}">
                <Coords points="728,1916 1150,1914 1150,1885 1109,1878 895,1892 728,1884"/>
                <Baseline points="733,1908 758,1908 784,1907 810,1907 836,1907 861,1907 887,1907 913,1907 939,1907 964,1907 990,1907 1016,1907 1042,1907 1067,1907 1093,1907 1119,1908 1145,1908"/>
                <TextEquiv>
                    <Unicode>sine qua non moueret se in ipsum</Unicode>
                </TextEquiv>
            </TextLine>
            <TextLine id="r3l108" custom="readingOrder {index:43;}">
                <Coords points="773,1949 1123,1958 1287,1945 1287,1918 1247,1911 1093,1925 1036,1910 773,1916"/>
                <Baseline points="778,1942 803,1942 828,1942 853,1942 878,1942 904,1942 929,1941 954,1941 979,1941 1004,1941 1030,1941 1055,1941 1080,1941 1105,1942 1130,1942 1156,1942 1181,1942 1206,1942 1231,1942 1256,1941 1282,1941"/>
                <TextEquiv>
                    <Unicode>lsta etiam posito mihinon placet, &amp; ma</Unicode>
                </TextEquiv>
            </TextLine>
            <TextLine id="line_1600363838590_28" custom="readingOrder {index:44;}">
                <Coords points="741,1982 1278,1984 1304,1976 1304,1941 1128,1958 741,1954"/>
                <Baseline points="746,1978 776,1978 807,1977 837,1977 868,1977 898,1977 929,1977 959,1977 990,1977 1020,1976 1051,1976 1082,1976 1112,1976 1143,1976 1173,1975 1204,1975 1234,1975 1265,1975 1295,1974 1299,1974"/>
                <TextEquiv>
                    <Unicode>time, quia supponit quod voluntas sit acti¬</Unicode>
                </TextEquiv>
            </TextLine>
            <TextLine id="r3l113" custom="readingOrder {index:45;}">
                <Coords points="734,2018 1229,2026 1287,2020 1287,1987 734,1993"/>
                <Baseline points="739,2011 766,2011 793,2011 820,2011 847,2011 874,2012 901,2012 929,2012 956,2012 983,2011 1010,2011 1037,2011 1064,2011 1091,2011 1119,2011 1146,2011 1173,2010 1200,2010 1227,2010 1254,2010 1282,2009"/>
                <TextEquiv>
                    <Unicode>ua, quod ego non concedo, sed de hoc pate¬</Unicode>
                </TextEquiv>
            </TextLine>
            <TextLine id="r3l115" custom="readingOrder {index:46;}">
                <Coords points="737,2057 1015,2061 1151,2048 1151,2021 1122,2029 1109,2017 1081,2029 737,2019"/>
                <Baseline points="742,2045 767,2045 792,2045 817,2045 843,2046 868,2046 893,2046 918,2045 944,2045 969,2046 994,2045 1019,2045 1045,2045 1070,2045 1095,2045 1120,2045 1146,2046"/>
                <TextEquiv>
                    <Unicode>bit in 2. lib. Ideo nihil ad praesens</Unicode>
                </TextEquiv>
            </TextLine>
            <TextLine id="r3l117" custom="readingOrder {index:47;}">
                <Coords points="767,2088 1293,2083 1293,2058 1218,2045 1140,2059 767,2058"/>
                <Baseline points="772,2080 797,2080 823,2080 849,2080 875,2080 901,2080 926,2080 952,2080 978,2080 1004,2080 1030,2080 1055,2080 1081,2080 1107,2080 1133,2080 1159,2080 1184,2079 1210,2079 1236,2079 1262,2079 1288,2078"/>
                <TextEquiv>
                    <Unicode>Alij dicunt, quod voluntas mouetur ab ob¬</Unicode>
                </TextEquiv>
            </TextLine>
            <TextLine id="r3l120" custom="readingOrder {index:48;}">
                <Coords points="740,2121 1295,2125 1295,2089 1279,2084 740,2090"/>
                <Baseline points="745,2115 772,2114 799,2114 826,2114 854,2114 881,2114 908,2114 935,2114 963,2114 990,2114 1017,2114 1044,2114 1072,2114 1099,2114 1126,2114 1153,2114 1181,2114 1208,2114 1235,2114 1262,2113 1290,2113"/>
                <TextEquiv>
                    <Unicode>iecto dupliciter scilicet per modum sinis, &amp; </Unicode>
                </TextEquiv>
            </TextLine>
            <TextLine id="r3l123" custom="readingOrder {index:49;}">
                <Coords points="751,2174 842,2160 961,2174 1025,2152 1060,2167 1219,2150 1295,2166 1280,2121 750,2123"/>
                <Baseline points="756,2149 782,2149 809,2150 836,2150 862,2150 889,2150 916,2150 942,2150 969,2150 996,2150 1023,2149 1049,2149 1076,2149 1103,2149 1129,2149 1156,2148 1183,2148 1209,2148 1236,2148 1263,2148 1290,2149"/>
                <TextEquiv>
                    <Unicode>per modum agentis, secundum tamen aliud, </Unicode>
                </TextEquiv>
            </TextLine>
            <TextEquiv>
                <Unicode>debet dici essentialis, &amp; sic patet quid dice¬
dum est ad hunc articulum.
ARTICVLVS SECVNDVS
Vtrum visio sit de intrinseca ratione fruibi¬
lis in quantum fruibile, ita vt actus volun
tatis supponat actum intellactus, quasi
sit de intrinseca ratione sui obiecti.
D hoc videntur dicere quidam vni¬
uersaliter, quod cognitio est de in
trinseca ratione obiecti voluntatis, suppo¬
nunt enim, quod voluntas sit passiua, &amp; per
consequens non possit moueri a se ipsa, sed 
moueatur ab obiecto, prout habet esse cogni
tum, &amp; appraehensum per ipsum intellectum,
erit ergo ipsa apprehensio, seu cognitio de
intrinseca ratione obiecti fruibilis in patria.
Haec posito mihi non placet, nam si obie
ctum apprehensum per intellectum ita mo¬
ueret voluntatem, quod apprehensio concur¬
reret in mouendo, tanquam de intrinseca ra
rione obiecti mouentis, sequeretur, quod vo¬
luntas moueretur a non cognito, consequens
est falsum, ergo &amp; antecedens Falsitas conce
ditur ab omnibus, &amp; consequentiam probo;
nam quamuis obiectum necessario habeat
esse cognitum ante actum voluntatis, cogni¬
tio tamen ipsa, per quam cognoscitur obie¬
ctum, non necessario est cognita ante actum 
voluntatis, quia non cognoscitur, nisi per a¬
ctum reflexum; Oportet ergo dicere, quod
ante omnem actum voluntatis sit aliquis a¬
ctus reflexus in intellectu, &amp; quod actum re
ctum intellectus non sequatur aliquis actus
voluntatis, quod est manifeste falsum.
Alij dicunt, quod cognitio non est de ra¬
tione obiecti voluntatis, sed concurrit ad hoc
tanquam causa, sine qua non, supponunt. enim
quod voluntas sit actiua, &amp; sic inferunt, quod
non indigeat cognitione in ratione mouentis
tanquam causa per se, sed solum voluntas in
digeat ea in ratione ostendentis, &amp; praepo¬
nentis sibi obiectum suum tanquam causa,
sine qua non moueret se in ipsum
lsta etiam posito mihinon placet, &amp; ma
time, quia supponit quod voluntas sit acti¬
ua, quod ego non concedo, sed de hoc pate¬
bit in 2. lib. Ideo nihil ad praesens
Alij dicunt, quod voluntas mouetur ab ob¬
iecto dupliciter scilicet per modum sinis, &amp; 
per modum agentis, secundum tamen aliud, </Unicode>
            </TextEquiv>
        </TextRegion>
    </Page>
</PcGts>
