1500 2337
172 154 723 222 quapropter ad solum Theologum pertinet,
162 215 719 251 non autem ad Metaph, & ita uniuersaliter
166 243 714 295 dici potest de quibuscunque scientijs, quod
166 276 721 323 distinguuntur, non penes diuersos modos con
166 312 723 356 siderandi, sed penes illas ueritates, in quarum
164 346 718 396 cognitione nequeunt conuenire diuersi mo
167 381 469 423 di considerandi earum.
206 415 685 454 Ex quibus duas elicio conclusiones.
194 449 724 492 Prima est, quod Theologus, & Metaphy¬
170 484 725 526 sicus de Deo considerant sub alia, & alia ra
171 518 715 565 tione, quae sic probatur. Si Theologus, &
164 554 720 597 Metaphysicus considerarent de Deo sub ea¬
167 592 722 629 dem ratione sequeretur, quod omnes uerita
163 626 725 668 tes, quas de Deo considerat Theologus, pos
171 657 727 701 set considerare & Metaphysicus, Consequens
166 691 717 733 est falsum, ergo & antecedens: falsitas pa¬
164 731 719 773 tet, quia Theologus aliquas ueritates cogno
160 760 726 805 scit de Deo, quas nullo modo potest cogno
159 793 723 840 scere physicus: Consequentiam probo, quia
164 828 718 867 ratio formalis obiecti est mensura adaequans
168 862 726 902 habitum, & omnes ueritates, quae per illum
167 896 730 934 habitum cognoscuntur, stante eadem ratio¬
160 933 712 979 ne formali obiecti semper poterunt cogno
169 965 720 1001 sci, & per consequens omnis habitus per ean
167 1000 725 1040 dem rationem formalem obiecti, omnes eas¬
169 1035 724 1080 dem ueritates cognoscibiles de eodem obie¬
173 1068 451 1115 cto attingere poterit.
198 1096 726 1144 Secunda conclusio, quae sequitur ad istam,
169 1136 723 1187 est, quod Deus consideratur tam a Theolo¬
162 1169 724 1218 go, quam a Metaphysico non sub ratione ab
165 1208 724 1254 soluta, sed sub ratione speciali, & contracta,
170 1238 724 1287 quam probo quo ad ambas eius partes, &
166 1275 725 1322 primo de Metaphysico sic. llla scientia, quae
167 1312 720 1356 suum subiectum ita considerat, ut non attin
170 1343 728 1391 gat omnes ueritates possibiles sciri de eo, non
167 1375 716 1422 absolute, sed sub ratione speciali, & contra
170 1415 722 1453 cta considerat; Metaphysicus sic se habet in
173 1448 731 1487 consideratione de Deo, ergo &c Minor est
169 1483 722 1527 nota, probo maiorem, quia ratio absoluta ali
171 1518 726 1561 cuius obiecti, quasi intra se claudit omnes ue
166 1551 588 1592 ritates possibiles sciri de obiecto.
208 1575 727 1631 Praeterea quo ad aliam partem de Theo¬
173 1615 729 1658 logo probo eandem conclusionem; nam si
179 1656 732 1699 Theologus consideraret de Deo sub ratione
165 1686 723 1732 absoluta, sequeretur, quod posset attingere
171 1723 728 1761 omnes veritates, &c. quod est falsum, Con¬
171 1760 730 1795 sequentia patet ex dictis in superiori ratione
173 1786 729 1837 de Meaaphysico, falsitas consequentis pro¬
175 1821 728 1867 batur, quia hoc posito sequeretur, quod scien
179 1854 726 1898 tia, quam habet de Deo Theologus, esset ae¬
176 1892 718 1937 qualis scientiae Dei de se ipso, quod est ab
179 1927 297 1976 dsurdum.
212 1957 727 2002 Oecurrunt tamen contra ista dicta duae
172 1987 727 2042 dubitationes. Prima est. Ratio formalis ob¬
170 2033 732 2070 iecti se debet tenere ex parte obiecti, & non
183 2068 729 2109 ex parte potentiae, sed ex parte Dei, qui sta¬
180 2096 730 2154 tuitur subiectum, nulla est ratio specialis,
752 151 1315 225 uel contracta, quae se teneat ex parte ipsius,
751 205 1310 260 quia Deus in se ipso nullam patitur limita¬
753 248 1308 294 tionem, ergo ratio ista formalis non attingit
753 280 1308 317 ipsum obiectum; idcirco dum dicitur, quod
755 309 1306 365 Theologia attingit obiectum sub ratione spo
753 343 1315 399 ciali, & contracta, videtur, quod sit, denomi
751 378 1317 432 natio extrinseca, cum sit a potentia nostra
755 412 1309 471 intelligendi, & non ab obiecto, & ita non erit
751 447 1028 496 ratio formalis obiecti.
795 463 1315 537 Nec valet si dicatur, quod quamuis ista
754 517 1308 555 determinatio sitab extrinseco, ponit tamen
751 550 1317 608 aliquem respectum rationis in obiecto, quia
751 584 1313 628 sequeretur, quod respectus rationis esset
755 617 1313 662 mensura nostrae Theologiae, & esset ratio comn
763 657 1313 708 gnoscendi omnia, quae cognoscimus de Deo,
765 695 1309 734 quod est absurdum, tunc enim omnes veri¬
760 721 1318 780 tates de Deo scitae reducerentur in talem re
759 756 875 803 spectum
795 790 1315 839 Duinimo ex superiori dubitatione motus,
758 824 1314 871 pono hanc conclusionem tertiam, quod ra¬
761 863 1312 903 tio ista specialis, & contracta se tenet ex par¬
758 893 1315 939 te obiecti, non autem potentiae, vel actus eius;
761 928 1313 973 quam probo sic. llla ratio, per quam obiectum
759 963 1322 1017 terminat ipsum habitum, & mensurat illum,
756 997 1311 1036 tenet se ex parte obiecti, & non potentiae;
755 1031 1317 1083 lsta est huiusmodi; ergo, &c. Maior vide¬
752 1067 1318 1109 tur nota, quia si ex parte potentiae, vel actus
760 1096 1312 1143 eius se teneret, tunc actus terminaret se ip¬
758 1135 1319 1178 sum, quod est absurdum, & potentia mensu
759 1169 1315 1218 raret se ipsam, quod non est dicendum. Mi
761 1205 1317 1255 nor probatur. Obiectum mensurat actum,
756 1237 1319 1289 & habitum, secundum omnes doctores: quae
760 1273 1313 1317 ro ergo a negantibus hanc conclusionem,
761 1308 1319 1363 An hoc obiectum, quod est Deus, terminet,
761 1341 1323 1380 ac mensuret actum, & habitum nostrae Theo
760 1376 1319 1415 logiae sub ratione absoluta, vel contracta: Si
757 1413 1315 1452 dicant absoluta, sequitur, quod nostra Theo
764 1447 1313 1483 logia possit se extendere ad omnes veritates
767 1480 1311 1520 possibiles sciri de Deo, quod est impossibile,
765 1522 1315 1564 quia tunc aequaretur Theologiae Dei, Con¬
763 1547 1316 1590 sequentia patet, quia ratio formalis obiecti
764 1582 1313 1639 ideo est mensura actus, & habitus, quia sic
766 1617 1314 1655 est sibi proportionata, quod una non exce¬
760 1652 1314 1700 dit alteram, nec exceditur ab ea, & sic po¬
761 1683 1309 1735 test habitus Theologicus omnia cognoscere,
767 1724 1315 1765 quae sunt cognoscibilia per suam formalem
756 1753 1310 1796 rationem, sed omnes veritates possibiles sci¬
758 1788 1315 1833 ri de Deo sunt cognoscibiles per illam ra¬
764 1824 1317 1870 tionem absolutam, ergo, &c. Si igitur volu
765 1861 1317 1906 mus euitare hoc inconueniens, cogimur di¬
763 1894 1313 1933 cere, quod Deus terminet, & mensuret actu,
764 1927 1315 1983 atque habitum nostrae Theologiae sub ratio¬
763 1964 1082 2001 ne speciali, & contracta.
798 1980 1321 2033 Ad Instantiam cum dicitur, quod Deus
763 2031 1313 2069 non habet in se aliquam limitationem, dico¬
766 2064 1310 2110 id verum esse ab intrinseco, quia hoc pone¬
763 2097 1317 2144 ret imperfectionem in illo, sed bene potest
