1500 2357
208 174 764 237 cum probatur, quia videmus, quod hic in
210 222 761 276 via potest obijci aliquid intellectui pure spe
206 260 760 300 culabile, quod non moueat voluntatem ad
209 292 768 334 actum amoris, dicendum, hoc non esse simi
209 323 764 378 le, quia in illa visione beata obiectum fruibi
206 360 768 401 le necessario videtur sub ratione summe dili
205 398 757 445 gibilis, propter quod ad illam visionem ne¬
210 431 600 473 cessario sequitur actus amoris
279 491 687 559 QV.AESTIO QVINTA
204 554 767 604 Vtrum vti sit actus necessario distinctus ab
415 601 548 657 ipso frui,
203 802 762 849 ARGVITVR AFFIRMATIVE.
307 863 766 914 Ctus diuersarum potentiarum neces
208 887 765 957 sario sunt distincti, isti sunt huiusmo
212 941 761 986 di; ergo &c. Maior est nota, Minor proba¬
209 978 765 1021 tur, quia frui est actus voluntatis, vt proba
206 1009 759 1048 tum est, vti vero, cum sit aliquid in finem re
209 1046 757 1084 ferre, videtur actus intellectus, cuius pro¬
208 1084 762 1126 prium est aliqua conferre adinuicem & in
209 1112 403 1156 finem referre.
242 1139 762 1191 2 Illi actus, qui necessario habent diuer¬
206 1178 762 1220 sa obiecta, sunt necessario distincti, isti sunt
209 1215 751 1255 huiusmodi; ergo &c. Maior patet, quia actu
206 1256 759 1293 distinguuntur per obiecta, minorem probo,
212 1282 753 1331 quia obiectum fruitionis est vnum tantum,
210 1319 748 1367 vt superius patuit, obiectum autem vsus ni
209 1353 756 1391 est vnum, sed multa, quia omnia, quae sunt
215 1384 757 1435 citra Deum, cadunt sub vsu, dicente P. Au¬
210 1423 756 1467 gustino 833. quaestionum, quaest. 35. quod
203 1460 753 1507 omnia, quae facta sunt, in vsum hominis fa¬
206 1491 322 1534 cta sunt
201 1550 755 1610 AD OPPOSITVM ARGVITVR.
202 1604 735 1673 SI essent actus distincti vsus, & fruitio
220 1650 755 1703 vnus non posset praedicari de altero, &
198 1695 747 1730 maxime praedicatione dicente hoc est hoc,
198 1735 751 1767 consequens est falsum, ergo & antecedens:
207 1765 751 1811 Consequentia patet, & Falsitatem probo per
196 1797 749 1840 P. Augustinum xi. de Ciuitate Dei, vbi ca¬
205 1830 757 1879 pite 20. praedicat vnam de altero dicens, nec
199 1862 751 1907 ignoro, quod proprie fructus fruentis est v¬
198 1901 354 1947 sus vtentis,
243 1925 755 1978 RESPONDEO: In hac quaestio¬
202 1971 753 2015 ne tria sunt videnda, quae quaeruntur in ar¬
201 2004 338 2052 gumentis.
242 2028 759 2082 1 An vti, & frui sint actus eiusdem po¬
202 2069 295 2110 tentiae.
230 2096 511 2159 2 An sint idem actus.
828 181 1341 234 3 An omnia, quae sunt citra Deum
793 218 963 266 sint vtibilia.
857 287 1297 335 ARTICVLVS PRIMVS.
824 357 1322 409 Vtrum vti, & frui sint actus eiusdem
1009 392 1129 437 potentiae.
812 561 1348 611 DRo huius articuli intelligentia primo no¬
842 595 1347 644 tandum est, quid sit vti. Ad quod respon
792 635 1342 676 det S. Thomas in p. 2. q4. 18. art. 1. dicens, quo
792 664 1349 705 vti aliqua re, est applicare illam ad aliquam
795 701 1349 751 operationem, puta vti equo est applicare ip¬
792 735 1348 773 sum equitationi, & gladio incisioni, & sic
794 769 1350 807 de alijs. Vnde quidam exponentes eum di¬
794 807 1344 841 cunt, quod ita se habet vti ad vsum, sicut
791 841 1350 875 mouere ad motum, nam sicut mouere est cau
791 872 1348 917 sare motum in re mobili, sic vti est causare
801 906 1034 951 vsum in re vtibili.
834 942 1344 979 Contra hunc modum dicendi arguo quam
791 970 933 1019 drupliciter
854 1014 1342 1053 Si vti aliqua re est applicare illam ad
793 1033 1338 1089 aliquam operationem, tunc necessario con¬
787 1080 1346 1126 currunt ad vsum duo actus scilicet impera¬
791 1115 1342 1159 tus, cui res vtibilis applicatur, & actus elici
791 1150 1341 1205 tus a voluntate, per quem fit talis applica¬
796 1177 1344 1224 tio, consequens est falsum, ergo &c. Conse
797 1221 1340 1254 quentia patet, & probo falsitatem, nam quae
793 1254 1339 1295 dam sunt vtibilia, quibus voluntas vtitur se
794 1284 1341 1324 lo actu elicito, puta mala culpae, quibus vti¬
795 1319 1343 1369 tur detestando, quod fit per solum actum
794 1350 913 1392 elicitum.
816 1384 1346 1432 2. Omnia, quae sunt citra Deum, sunt vti
786 1419 1345 1463 bilia, vt inferius patebit, & per consequens
789 1452 1339 1495 illa operatio, ad quam fit applicatio esset et
783 1493 1341 1530 ipsa vtibilis, & applicaretur ad aliquam aliam
786 1527 1340 1566 operationem, & illa ad aliam, & sic in in¬
787 1558 899 1608 finitum,.
826 1592 1339 1631 3 Contra declarationem, si enim ita se
782 1622 1339 1672 haberet vti ad vsum, sicut mouere ad motum,
784 1659 1338 1699 tunc sicut mouere non ponit aliquid forma
784 1695 1340 1745 liter in mouente, ita vti non poneret aliquen
786 1727 1338 1769 actum in vtente, quod est falsum, quia vti
796 1767 1335 1808 ponit necessario in vtente aliquem actum eli
784 1801 1335 1838 citum, cum sit actus liberi arbitrij, vt patet
789 1836 1341 1875 p P. August. in lib. 83. quaest. quaest. 35. vbi
778 1869 1331 1913 ait, quod vti aliqua re non potest, nisi ille,
785 1900 1335 1951 qui est rationis particeps; Consequentia pa¬
785 1942 1319 1982 tet, quia aliter similitudo non esset bona.
812 1973 1338 2010 4. Sequeretur, quod sicut motus est a¬
787 2000 1336 2050 ctus mobilis, & non mouentis, Vt patet in
784 2038 1335 2080 eodem 3. physicorum, ita vsus esset actus vti
787 2074 1333 2115 bilis, & non vtentis, & sic magis vtibile vtere
783 2112 1299 2163 tur, quam ipsum vtens, quod est absurdum.
