1500 2339
235 190 737 240 ARGVITVR AD PARTEM
410 235 562 284 affirmantem.
206 290 761 338 A Rist. xij. Meth. eoncludit esse vnum
205 334 761 382 pincipatum, & vnum principem, por
205 372 696 414 quem intelligit ipsum Deum, ergo &c.
235 397 760 443 RESPONDEO. In hac quaestione qua
207 443 756 484 tuor sunt videnda, quae tanguntur in argu¬
204 470 433 519 mentis propositis.
235 506 763 542 1 An sit dare vnum principium sum¬
199 536 763 580 me malum, per cuius participationem om¬
206 573 548 615 nia alia mala sint mala.
207 600 768 642 2 An principio summe bono, quod est
205 638 762 680 Deus, repugnet plurificari, eo quod sit ens
210 675 560 725 independens
273 708 761 755 Vtrum repugnet sibi plurificari ratio¬
209 743 474 793 ne suae perfectionis.
240 772 766 818 4 Vtrum pluralitas Deorum repugnet or
210 812 388 859 dini vniuersi.
263 873 711 916 ARTICVLVS PRIMVS.
243 889 263 920 N
216 944 744 991 Vtrum sit dare vnum principium summe
275 976 695 1027 malum, cuius participatione om-
367 1011 608 1057 nia alia sint mala
288 1147 762 1188 ESPONDEO, impossibile esse dare
216 1176 766 1236 huiusmodi principium contrarium prin
209 1214 756 1268 cipio summe bono, & hoc probo tripliciter,
247 1251 760 1293 1 Summe bono non est aliquid contra¬
216 1283 758 1332 rium ergo non est dare summe malum illi
219 1317 758 1368 contratium, Consequentia est nota, probo
212 1349 765 1392 antecedens, tum quia contraria debent esse
210 1385 766 1437 in eodem genere, vt patet in 4. Meth summum
209 1427 758 1468 autem non est in aliquo genere, vt suppono
209 1455 761 1506 ad praesens, tum quia contraria requirut ma
211 1490 758 1532 teriam, nam sicut patet, in eadem materia ess
211 1522 764 1571 obiectum contrariorum, summum autem bo
211 1557 769 1605 num est denudatum ab omni materia, & ab
219 1595 758 1636 omni potentia: nam sicut dicit Comment.
213 1630 762 1667 in 12 Meth com. x. in eo nulla est potentia,
211 1657 760 1706 nec essentialiter, nec accidentaliter, per quod
223 1694 763 1739 potest patere, quod non sit in genere, quia ge
208 1725 767 1769 nus sumitur a potentia. Tum tertio, quia com¬
211 1760 766 1801 traria sunt de genere accidentis, nam substam
215 1795 766 1841 tiae nihil est contrarium, vt patet in praedica
213 1827 763 1869 mentis, & quarto phys summum autem bo¬
208 1860 770 1906 num non potest esse de genere accidentis,
211 1893 763 1942 quia tunc accidens esset simpliciter nobilius
212 1936 597 1976 substantia, quod est absurdum.
248 1960 764 2006 Nec valet si dicatur, quod summe malum
214 1995 763 2037 opponitur summe bono, non sicut contrarium,
210 2035 442 2081 sed sicut priuatio.
249 2060 772 2111 Nam quamuis priuatio, & habitus non sint
214 2101 754 2153 necessario de genere accidentis, quia inue
797 181 1343 231 niuntur etiam in genere substantiae, non ta¬
792 228 1341 266 men sunt extra omne genus, summum auten
794 259 1341 310 bonum est extra omne genus, vt alias pro¬
791 298 899 340 babitur.
825 332 1345 372 Accedit, quod sicut contraria requirunt
796 360 1351 406 eandem materiam, circa quam fiant, ita eoden
792 397 1344 436 modo priuatio, & habitus, summum autem
793 436 1347 472 bonum est denudatum ab omni materia, (vt
789 470 929 515 dicebatur.
826 494 1347 545 Habetur ergo ex omnibus istis, quod non
793 532 1341 585 sit dare summum malum oppositum sumvne
791 566 1348 620 bono, nec per modum contrarietatis proprie
791 602 1223 650 dictae, nec per modum priuationis.
823 633 1347 681 Secundo idem, si esset dare summum ma¬
795 669 1353 713 lum, esset dare puram priuationem, conse¬
798 701 1347 755 quens est falsum, ergo & antecedens: Con¬
795 736 1343 777 sequentia est nota, quia malum dicit defectu
791 774 1339 814 & priuationem, & per consequens summi
794 813 1346 848 malum dicit purum defectum, & puram pri¬
798 839 1340 880 uationem; probo Falsitatem, quia malum.
792 877 1346 913 & priuatio semper requirunt aliquod subie
791 905 1345 959 ctum, & aliquam naturam, supra quam fun¬
795 942 1350 984 dentur, cum in hoc differant a simplici nega
798 974 1345 1016 tione, non est ergo dare aliquod malum, quod
795 1012 1343 1051 non sit fundatum in aliquobono, & per con¬
790 1042 1347 1086 sequens non est purum malum, vel summum
793 1082 902 1126 malum.
830 1107 1345 1155 Tertio si esset dare summum malum poer
791 1145 1348 1191 cuius participationem omnia alia mala essent,
796 1180 1344 1221 sequeretur quod non ens haberet rationem cause,
800 1214 1347 1256 & effectus, Consequens est impossibile e go
790 1247 1346 1295 & Antecedens. Impossibilitas Consequentis
794 1288 1344 1326 est nota, probo Consequentiam, quia si pona
791 1315 1349 1358 tur summum malum simpliciter esse non ens,
792 1354 1264 1396 habebit ergo non ens rationem causae.
825 1376 1348 1425 Iterum alia mala causata ab isto summe
791 1419 1350 1461 malo, quamuis ratione fundamenti sint en¬
796 1450 1349 1496 tia, quia fundantur super aliqua natura posi¬
800 1483 1346 1528 tiua, cum non sint summe mala: quia tunc
792 1519 1345 1560 non causantur ab isto summe malo, nisi in¬
797 1553 1349 1602 quantum mala sunt, & hoc modo sunt non
798 1589 1350 1632 entia; sequitur quod non ens habent rationem
800 1626 1299 1678 effectus; Et sic patet primum principale.
835 1668 1293 1744 ARTICVLVS SECVNDVS
830 1754 1312 1800 An principio summe bono repugner
881 1791 1264 1839 plurificari ratione, qua est ens
974 1828 1156 1874 independens
878 1963 1350 2003 D hoc respondeo, quod sic, & probo
794 1973 1113 2041 tribus rationibus
826 2022 1352 2070 Primo si essent plura independentia, vel
790 2064 1348 2110 distinguerentur per rationem independentiae,
799 2099 1345 2154 vel per aliquod aliud, quia illud vel esset in¬
