1500 2380
126 173 691 235 sequeretur, quod vna res absoluta essent plu
132 220 688 272 res, & plures essent vna, consequens est fal
128 259 697 304 sum, ergo & antecedens, probatur Consequen
131 292 685 334 tia, pfectiones attributales sunt res absolute¬
133 325 690 372 & scdm suas proprias, & intrinsecas ratio¬
131 367 689 409 nes realiter distinctae, alioquin vna non pos
131 400 696 441 set separari ab altera, cuius contrarium vide
131 429 689 478 mus, si ergo starent cum vnitate, & simpli¬
127 470 691 507 citate diuinae essentiae, oporteret quod essent
130 501 693 547 illud idem, quod diuina essentia, sed diui¬
127 531 693 581 na essentia est vna res absoluta, ergo plures
131 576 691 626 res absolutae erunt vna, & e conuerso vna res
127 604 551 650 absoluta erit plures res absolutae.
162 636 687 679 2 Illa pluralitas, quae tollit diuinam sim¬
128 677 693 715 plicitatem, non stat cum eius vnitate, sed plu
126 706 691 753 ralitas perfectionum attributalium est huius
126 750 692 783 modi; ergo &c. Maior est nota, Minorem
130 783 693 825 probo, quia perfectiones attributales sunt in
130 819 694 859 Deo realiter, & non secundum rationem tan
124 849 687 892 rum, alioquin non determinarent ipsum rea
129 885 690 922 liter, & formaliter; si autem sunt in Deo rea
126 920 693 960 liter, earum pluralitas erit realis; vbi autem
126 957 699 996 est pluralitas realis in absolutis, ibi est compo
133 988 701 1029 sitio, ergo pluralitas perfectionum attributa
127 1025 693 1064 lium, cum sit realis, & absoluta, faciet in Deo
135 1055 689 1106 compositionem, & ita tollet eius simplicita¬
129 1094 563 1141 tem, & per consequens vnitatem.
171 1129 694 1172 3 Si dicatur quod ista pluralitas non est
132 1161 697 1200 realis, sed secundum rationem, quaeritur vn¬
138 1195 691 1239 de sit sumpta ista ratio, quia, vel ab intra, vel
135 1230 698 1276 ab extra, non ab intra, quia ibi est summa vni
134 1262 695 1311 tas, & a summa vnitate non potest intellectus
137 1302 553 1344 summere aliquam pluralitatem.
166 1334 692 1372 Si ab extra, ergo perfectiones attributale¬
128 1368 694 1416 non denominarent Deum nisi per similitudi
136 1399 699 1442 nem ad creaturas, quod patet esse falsum; nam
136 1437 699 1485 dato quod nulla fuisset, vel esset creatura fa
135 1473 693 1513 cta, aut possibilis fieri, adhuc istae denomina¬
134 1512 690 1550 tiones ab aeterno verae fuissent, Deus est sa¬
136 1542 695 1588 piens, iustus, & sic de alijs. Relinquitur ergo
132 1578 696 1618 quod pluralitas istarum perfectionum omni
132 1609 705 1657 no sit realis, & per consequens non stet cum
136 1640 450 1698 diuinae essentiae vnitate.
168 1718 668 1759 ARGVITVR AD PARTEM
360 1749 503 1800 oppositam.
130 1793 708 1864 ILlud, quod sequitur diuinam essentiam
146 1848 708 1897 ex immensitate suae perfectionis, potest
141 1891 701 1927 stare, & stat cum sua simplicitate, & vnitate;
142 1925 708 1966 pluralitas perfectionum attributalium est
138 1958 695 2000 huiusmodi ergo; Maior patet, quia ex immen
143 1988 707 2031 sitatae suae perfectionis habet simplicitatem,
142 2027 711 2074 & vnitatem, probo Minorem. Nam ideo in
142 2064 706 2104 Diuina essentia est pluralitas perfectionum
151 2100 710 2140 attributalium, quia ipsa est quod simpliciter per
140 2130 713 2178 fectum, aggregans in se perfectiones omnium
726 181 1285 249 generum, vt patet per Com. v. Meth. cap. de
727 226 841 278 perfecto.
756 238 1280 315 RESPONDEO in ista quaestione tria
720 295 962 348 sunt examinanda
726 304 1285 383 1 An perfectiones attributales acceptae se
723 375 1275 420 cundum suas proprias, & intrinsecas rationes,
721 399 1103 448 realiter sint distinctae inter se
748 415 1284 484 2 Vtrum pluralitas istarum perfectionum
722 470 1287 519 sit in Deo realiter, circumscripta omni ope¬
723 504 970 552 ratione intellectus.
758 512 1285 590 3 Vtrum distinctio attributorum sit sum
716 572 1036 621 pta ab intra, vel ab extra
753 590 1279 656 PRO intelligentia autem totius questionis,
718 645 1281 688 sciendum est, quod perfectio attributalis nil
729 680 1287 721 aliud est, quam perfectio simpliciter; de cuius
729 709 1278 754 ratione tria sunt, primum quod significetur
730 751 1286 794 per modum perfectionis, & non per modum
727 781 1291 830 iubiecti perfectibilis, & ideo essentia diuina
727 814 1283 865 non est attributum, quia significatur non per
727 847 1284 899 modum persectionis, sed magis per mo¬
721 888 1284 934 dum subiecti perfectibilis, iustitia vero, sa¬
734 921 1278 969 pientia, & talia, sunt perfectiones attributa¬
733 954 1284 1002 es, quia significantur per modum perfectio¬
724 992 1282 1035 nis, non per modum subiecti perfectibilis, vn
730 1022 1282 1065 de Damascenus lib. 1. cap. 5 ait, si dixeris iu¬
729 1060 1280 1107 stum, sapiens, & bonum, non dices naturam Dei
718 1089 1137 1137 sed quae sunt circa naturam Dei¬
750 1125 1287 1173 Secundum est, vt sit reperta, vel reperibi¬
726 1161 1288 1206 lis in creatura; Nam ideo dicitur perfectio at
728 1198 1290 1239 tributalis, quia Deo ex creaturis est attribu¬
724 1229 1284 1277 ta, ac per consequens est communis Deo, &
732 1264 1287 1311 creaturis saltem secundum quandam ana¬
729 1303 836 1346 logiam
737 1311 1297 1380 Tertium est, vt sit perfectio simpliciter, ita
730 1374 1292 1409 vt habens ipsam sit simpliciter melius non
728 1401 1298 1450 habente, secundum Anselmum Prosolo. 1. ca
739 1440 897 1488 pite quinto.
787 1485 1237 1561 ARTICVLVS PRIMVS.
765 1555 1264 1627 Vtrum attributales perfectiones secun
805 1614 1255 1658 dum suas proprias rationes intrin
843 1649 1272 1704 secas sint realiter distinctae.
820 1826 1301 1900 D hoc aliqui dicunt, quod si tales
739 1861 1300 1933 perfectiones secundum suas proprias
737 1928 1299 1964 rationes intrinsecas accipiantur in commu¬
736 1953 1303 1997 ni, quo modo non determinant sibi aliquam
744 1989 1297 2037 pecialem naturam pro subiecto, sic non ha¬
739 2026 1301 2079 bent realem identitatem, nec realem diuersi¬
747 2059 1299 2103 tatem, sed habent se per indifferentiam ad
741 2103 1305 2139 vtrumque eo quod eis non repugnat inueni¬
737 2125 1307 2180 ri vtroque modo, sicut dicimus, quod animal
