1500 2336
214 180 766 245 acceptum in communi, non est rationale nec
213 225 763 267 irrationale, sed indifferens ad vtrumque, quia
223 262 772 305 cum vtroque potest inueniri, sed si accipian
221 293 770 344 tur praefatae perfectiones in speciali, prout
222 337 767 369 sunt in determinata natura, vel hoc erit, qua
217 361 771 401 tenus sunt in natura diuina, & sic habent rea
222 397 776 438 lem identitatem, vel quatenus sunt in natura
217 433 738 470 creata, & sic habent realem diuersitatem.
249 456 767 507 lste modus dicendi mihi non placet, nam
219 498 771 541 quamuis perfectiones attributales sint com¬
218 530 770 580 munes Deo, & creaturae secundum quandam
220 568 764 610 analogiam, ista tamen analogia non tollit ae¬
218 597 767 649 quiuocationem, dicente Com. 12. Meth.
221 635 770 672 com. 9. quod scientia dicitur aequiuoce de
220 663 773 707 scientia Dei, & scientia nostra, eadem autem
222 699 773 740 ratio est de quacunque alia perfectione
217 733 769 775 attributali, propter quod non videtur bene
217 771 771 810 dictum, quod perfectiones attributales in com
218 803 774 845 muni acceptae se habeant per indifferentiam
219 840 766 879 ad realem identitatem, & realem diuersita¬
218 867 773 913 tem, nam vbi aliquod commune se habet per
221 911 772 942 indifferentiam ad rationes proprias suorum
220 941 769 980 inferiorum, ibi necessario habet vnam com¬
223 975 766 1012 munem, & vniuocam rationem, secundum
220 1010 769 1052 quam potest abstrahi ab eis, quod in propo¬
222 1043 479 1091 sito non potest dici,
260 1066 769 1117 Item si verum diceret nunquam indige¬
214 1095 767 1153 remus facere distinctionem vbi esset aequi¬
214 1138 773 1183 uocatio: quia semper secundum hanc viam
225 1173 772 1227 possemus abstrahere nomen aequiuocum a
220 1206 773 1251 sua multiplicitate, hoc autem est contra veri
219 1241 768 1290 tatem, & contr a doctrinam Philosophisecu¬
215 1276 771 1319 do Elencorum, vbi docet semper esse respon¬
222 1314 765 1360 dendum per distinctionem vbi est aequiuo¬
219 1342 775 1385 catio, cum ergo hic in proposito sit multipli
218 1386 768 1421 citas aequiuocationis, vt patuit, simpliciter,
221 1409 767 1462 & absolute videtur esse respondendum por
218 1448 404 1486 distinctionem.
255 1472 767 1519 Cum ergo quaeritur, vtrum perfectiones
217 1518 769 1555 attributales secundum suas proprias, & in¬
222 1546 774 1590 trinsecas rationes sint realiter distinctae, dico
216 1588 765 1628 quod perfectiones attributales possunt acci¬
216 1621 770 1666 pi duobus modis, vno modo prout sunt limi
216 1652 769 1695 tatae quantum ad genus, & quantum ad
217 1683 764 1730 speciem, quo modo inueniuntur in creatu¬
213 1714 766 1756 ris, & sic habent proprias, & intrinsecas ra¬
215 1752 763 1790 tiones, secundum quas realiter, & essentia¬
218 1787 479 1833 liter distinguuntur.
250 1807 764 1865 Alio modo possunt accipi secundum quod
219 1850 771 1892 non sunt limitatae neque ad genus, neque ad
216 1885 772 1929 speciem, sed omnino sunt illimitatae, sicut
221 1928 764 1960 inueniuntur in solo Deo, & isto modo non
221 1956 770 1996 habent aliquas proprias rationes, secundum
221 1988 769 2038 quas realiter distinguantur, sed concurrunt
218 2020 768 2061 in eandem realitatem, in quam omnes mu¬
213 2055 454 2099 tuo se includunt
248 2083 768 2142 lstas duas conclusiones probo, & primam
798 165 1354 232 tali ratione; llla quae ratione suae limitationis
801 217 1350 270 mutuo se excludunt, habent suas proprias, &
803 259 1347 299 quidditatiuas rationes, secundum quas  ea¬
795 290 1345 329 liter distinguuntur, perfectiones attributales
805 322 1343 366 primo modo sumptae sunt huiusmodi, ergo
798 364 1353 407 &c. Maiorem probo, nam ideo illa, quae sunt
796 390 1348 438 in oenere, & specie sunt limitata, quia ita
800 424 1342 464 habent perfectionem & realitatem secundum
807 459 1353 509 proprium genus, & propriam speciem: quod
803 497 1343 539 non habent perfectionem alterius geiteris,
803 527 1345 564 vel alterius speciei, & ideo quidditatiue ex¬
801 561 1351 598 cludunt perfectionem, & realitatem illorum,
798 595 1345 636 & per consequens habent proprias, & quid
802 632 1352 670 ditatiuas rationes, per quas distinguuntur
798 666 1350 704 quidditatiue & realiter ab ijs, quae sunt in
803 701 1350 735 alio genere, vel in alia specle; probo Mino¬
797 732 1347 769 rem. Nam si huiusmodi perfectiones attri¬
804 764 1344 801 butales, prout sunt in creaturis, non se inui¬
800 798 1347 839 cem quidditatiue excluderent, sequeretur,
799 832 1351 868 vel quod omnes haberent eandem quiddita
807 866 1348 905 tem, & sic essent in eodem genere & in eade
796 901 1348 944 specie, vel quod essent extra omne genus, &
806 934 1353 979 peciem, & per consequens essent simplici¬
795 971 1353 1013 ter illimitatae, quod est falsum Relinquitur
800 1001 1350 1038 ergo, tales personas, eo quod limitatae sunt
794 1038 1349 1075 quantum ad genus & speciem, quidditatiue
795 1071 1351 1109 se excludere, & habere proprias rationes per
802 1109 1343 1149 quas realiter, & essentialiter distinguantur.
828 1139 1345 1174 Secundam conclusionem probo, sumendo
799 1168 1351 1216 rationem ex opposito sic; illa, quae ratione suae
800 1207 1352 1248 illimitationis mutuo se includunt, sunt idem,
798 1240 1353 1281 & nullas habent proprias rationes, secundum
800 1273 1347 1315 quas quidditatiue, vel realiter distinguantur,
809 1308 1342 1348 perfectiones attributales secundo modo ac¬
802 1349 1341 1390 ceptae sunt huiusmodi, ergo &c. Maior pa¬
799 1372 1344 1416 tet per ea quae dicta sunt in precedenti ratio
795 1408 1343 1460 ne scilicet, quod limitatio aliquorum ad ge¬
797 1444 1343 1490 nus, & ad speciem est causa quare illa mu¬
797 1475 1351 1522 tuo se excludant quantum ad suas quiddita
800 1512 1343 1555 tes; ita vt quidditas, & realitas vnius non
793 1549 1349 1594 sit quidditas, & realitas alterius; si ergo limi
798 1584 1343 1622 tatio est causa istius exclusionis, & istius rea
805 1614 1341 1656 lis diuersitatis, sequitur, quod illimitatio
794 1648 1343 1687 aliquorum sit causa eorum mutuae inclusio¬
803 1683 1339 1723 nis, & realis identitatis; & per consequens
798 1721 1349 1757 non habebunt rationes proprias secundum
802 1752 1341 1799 quas quidditatiue, & realite distinguantur.
794 1779 1342 1821 Probo Minorem, nam perfectiones attribu¬
798 1819 1338 1853 tales acceptae prout sunt in Deo sunt illi¬
796 1846 1338 1899 mitatae secundum genus, & secundum spe¬
802 1882 1339 1924 ciem, alioquin vna non includeret aliam, sed
797 1917 1346 1959 expectaret perfici per aliam, sicque vna esset
794 1954 1337 1987 in potentia ad aliam, quod repugnat Deo.
797 1985 1341 2024 & cuilibet perfectioni existenti in Deo, cum
795 2022 1335 2060 ipse sit actus purus, cui nihil admiscetui
794 2057 1334 2093 de potentia, ergo praefatae perfectionee, pro¬
799 2085 1340 2145 ut reperiuntur in Deo, sunt illimitate, &
