<?xml version="1.0" encoding="UTF-8" standalone="yes"?>
<PcGts xmlns="http://schema.primaresearch.org/PAGE/gts/pagecontent/2013-07-15" xmlns:xsi="http://www.w3.org/2001/XMLSchema-instance" xsi:schemaLocation="http://schema.primaresearch.org/PAGE/gts/pagecontent/2013-07-15 http://schema.primaresearch.org/PAGE/gts/pagecontent/2013-07-15/pagecontent.xsd">
    <Metadata>
        <Creator>prov=University of Rostock/Institute of Mathematics/CITlab|PLANET AI GmbH/Gundram Leifert/gundram.leifert@planet-ai.de:name=cod-P122zz-m2(htr_id=26330)::::v=2.6.6
prov=University of Rostock/Institute of Mathematics/CITlab|PLANET AI GmbH/Tobias Gruening/tobias.gruening@planet-ai.de:name=de.uros.citlab.module.baseline2polygon.B2PSeamMultiOriented:v=2.6.6
prov=University of Rostock/Institute of Mathematics/CITlab|PLANET AI GmbH/Tobias Gruening/tobias.gruening@planet-ai.de:name=/net_tf/LA73_249_0mod360.pb:de.uros.citlab.segmentation.CITlab_LA_ML:v=2.6.6
Transkribus</Creator>
        <Created>2020-02-27T16:44:29.970+01:00</Created>
        <LastChange>2020-09-29T03:51:48.047+02:00</LastChange>
        <TranskribusMetadata docId="330297" pageId="13057762" pageNr="158" tsid="41729385" status="IN_PROGRESS" userId="25065" imgUrl="https://files.transkribus.eu/Get?id=KBDKLHBUIHPMCRDBJOOAEJOT&amp;fileType=view" xmlUrl="https://files.transkribus.eu/Get?id=WPWBOPQYVLAZRGFXILXCGQDR" imageId="9248303"/>
    </Metadata>
    <Page imageFilename="157.jpg" imageWidth="1500" imageHeight="2336">
        <ReadingOrder>
            <OrderedGroup id="ro_1601414227510" caption="Regions reading order">
                <RegionRefIndexed index="0" regionRef="TextRegion_1600389017323_1326"/>
                <RegionRefIndexed index="1" regionRef="TextRegion_1600389017323_1325"/>
            </OrderedGroup>
        </ReadingOrder>
        <TextRegion orientation="0.0" id="TextRegion_1600389017323_1326" custom="readingOrder {index:0;}">
            <Coords points="187,149 765,149 757,2146 756,2171 187,2171"/>
            <TextLine id="r3l3" custom="readingOrder {index:0;}">
                <Coords points="188,233 688,235 751,226 751,190 625,183 561,199 346,179 286,203 187,198"/>
                <Baseline points="192,223 219,222 247,221 275,220 302,220 330,219 358,219 385,218 413,218 441,218 469,218 496,218 524,218 552,218 579,218 607,218 635,218 662,218 690,218 718,218 746,218"/>
                <TextEquiv>
                    <Unicode>separetur ab albo, non tribueret illi separa¬</Unicode>
                </TextEquiv>
            </TextLine>
            <TextLine id="r3l5" custom="readingOrder {index:1;}">
                <Coords points="193,261 737,264 748,223 390,239 372,225 300,241 272,225 193,228"/>
                <Baseline points="198,256 225,256 252,255 279,255 307,255 334,254 361,254 388,254 416,253 443,253 470,253 497,253 525,252 552,252 579,252 606,252 634,252 661,252 688,252 715,252 743,252"/>
                <TextEquiv>
                    <Unicode>to, nisi quod conueniebat etiam prius illi</Unicode>
                </TextEquiv>
            </TextLine>
            <TextLine id="r3l8" custom="readingOrder {index:2;}">
                <Coords points="190,295 703,300 746,293 746,261 190,264"/>
                <Baseline points="195,290 222,290 249,289 276,289 304,288 331,288 358,287 386,287 413,286 440,286 468,286 495,286 522,286 549,286 577,286 604,286 631,286 659,286 686,286 713,287 741,287"/>
                <TextEquiv>
                    <Unicode>coniuncto, eo quod nullo modo differant in</Unicode>
                </TextEquiv>
            </TextLine>
            <TextLine id="r3l10" custom="readingOrder {index:3;}">
                <Coords points="194,330 748,335 748,293 194,297"/>
                <Baseline points="199,323 226,323 253,322 280,322 307,322 335,322 362,321 389,321 416,321 443,321 471,321 498,321 525,321 552,320 579,320 607,321 634,321 661,321 688,321 715,321 743,321"/>
                <TextEquiv>
                    <Unicode>suis rationibus formalibus, a simili ergo, si</Unicode>
                </TextEquiv>
            </TextLine>
            <TextLine id="r3l12" custom="readingOrder {index:4;}">
                <Coords points="194,366 746,364 729,326 668,340 641,324 621,337 194,331"/>
                <Baseline points="199,359 226,358 253,357 280,357 307,356 334,356 361,355 388,355 415,355 442,355 470,355 497,355 524,355 551,355 578,355 605,355 632,355 659,354 686,354 713,354 741,353"/>
                <TextEquiv>
                    <Unicode>intellectus Diuinus, &amp; natura nullo modo</Unicode>
                </TextEquiv>
            </TextLine>
            <TextLine id="r3l14" custom="readingOrder {index:5;}">
                <Coords points="190,404 733,396 753,392 753,372 190,373"/>
                <Baseline points="195,392 222,392 250,391 277,391 305,390 333,390 360,390 388,390 416,390 443,390 471,389 499,389 526,389 554,389 582,389 609,389 637,389 665,388 692,388 720,388 748,387"/>
                <TextEquiv>
                    <Unicode>differrent ex natura rei, quantum ad suas ra¬</Unicode>
                </TextEquiv>
            </TextLine>
            <TextLine id="r3l16" custom="readingOrder {index:6;}">
                <Coords points="193,434 743,431 729,395 192,405"/>
                <Baseline points="197,425 224,426 251,425 278,425 305,425 332,425 359,425 386,425 413,424 440,424 467,424 494,423 521,423 548,423 575,423 602,423 629,423 656,423 683,423 710,423 737,423"/>
                <TextEquiv>
                    <Unicode>tiones formales, &amp; per impossibile separarent,</Unicode>
                </TextEquiv>
            </TextLine>
            <TextLine id="r3l18" custom="readingOrder {index:7;}">
                <Coords points="193,469 748,473 748,431 193,434"/>
                <Baseline points="198,460 225,459 252,459 279,458 307,458 334,458 361,457 388,457 416,457 443,457 470,457 497,457 525,458 552,458 579,458 606,458 634,458 661,458 688,458 715,458 743,457"/>
                <TextEquiv>
                    <Unicode>illud attribuetur intellectui separato, quod</Unicode>
                </TextEquiv>
            </TextLine>
            <TextLine id="r3l20" custom="readingOrder {index:8;}">
                <Coords points="192,505 353,497 465,506 479,496 530,504 553,496 553,477 519,463 418,474 399,465 191,469"/>
                <Baseline points="196,496 221,495 246,494 271,493 296,493 321,492 346,492 372,492 397,492 422,492 447,492 472,491 497,491 522,491 548,492"/>
                <TextEquiv>
                    <Unicode>attribuebatur &amp; coniuncto.</Unicode>
                </TextEquiv>
            </TextLine>
            <TextLine id="r3l22" custom="readingOrder {index:9;}">
                <Coords points="206,533 710,537 751,530 751,505 580,488 536,507 296,496 206,509"/>
                <Baseline points="211,527 237,527 264,527 291,526 318,526 344,526 371,526 398,526 425,526 451,526 478,525 505,525 532,525 558,525 585,525 612,525 639,525 665,524 692,524 719,524 746,523"/>
                <TextEquiv>
                    <Unicode>8. Perfectiones attributales sunt actu in</Unicode>
                </TextEquiv>
            </TextLine>
            <TextLine id="r3l24" custom="readingOrder {index:10;}">
                <Coords points="189,571 731,568 738,532 189,537"/>
                <Baseline points="194,561 222,561 250,561 279,561 307,561 335,561 364,561 392,560 420,560 449,560 477,560 506,560 534,559 562,559 591,559 619,559 647,558 676,558 704,558 733,557"/>
                <TextEquiv>
                    <Unicode>Deo, ergo ex natura rei sunt formaliter di¬</Unicode>
                </TextEquiv>
            </TextLine>
            <TextLine id="r3l26" custom="readingOrder {index:11;}">
                <Coords points="193,601 742,603 730,565 510,579 192,568"/>
                <Baseline points="198,596 226,595 254,595 283,594 311,594 339,594 368,594 396,594 424,594 453,594 481,594 510,594 538,594 566,594 595,594 623,594 651,593 680,593 708,592 737,591"/>
                <TextEquiv>
                    <Unicode>stinctae, antecedens patet, quia, vel sunt ibi</Unicode>
                </TextEquiv>
            </TextLine>
            <TextLine id="r3l29" custom="readingOrder {index:12;}">
                <Coords points="192,636 321,647 629,629 672,646 744,629 743,601 191,607"/>
                <Baseline points="197,629 224,630 251,630 278,630 305,630 332,630 359,630 386,629 413,629 440,629 468,629 495,628 522,628 549,628 576,627 603,627 630,627 657,626 684,626 711,626 739,626"/>
                <TextEquiv>
                    <Unicode>actu, vel potentia, vel nec actu, nec poten¬</Unicode>
                </TextEquiv>
            </TextLine>
            <TextLine id="r3l30" custom="readingOrder {index:13;}">
                <Coords points="196,672 738,676 751,635 196,640"/>
                <Baseline points="201,664 228,664 255,664 282,663 310,663 337,663 364,663 391,662 419,662 446,662 473,662 500,661 528,661 555,661 582,661 609,661 637,661 664,661 691,661 718,661 746,661"/>
                <TextEquiv>
                    <Unicode>tia; non potest dici quod nullo modo, quia</Unicode>
                </TextEquiv>
            </TextLine>
            <TextLine id="r3l32" custom="readingOrder {index:14;}">
                <Coords points="192,704 742,706 742,674 720,669 192,670"/>
                <Baseline points="197,698 224,698 251,698 278,698 305,697 332,697 359,697 386,697 413,696 440,696 467,696 494,696 521,695 548,695 575,695 602,695 629,694 656,694 683,694 710,694 737,694"/>
                <TextEquiv>
                    <Unicode>in Deo est ponendum quicquid est melius</Unicode>
                </TextEquiv>
            </TextLine>
            <TextLine id="r3l34" custom="readingOrder {index:15;}">
                <Coords points="193,740 669,745 748,736 748,703 273,714 225,699 193,713"/>
                <Baseline points="198,732 225,732 252,732 279,732 307,732 334,732 361,731 388,731 416,731 443,731 470,730 497,730 525,730 552,730 579,729 606,729 634,729 661,729 688,729 715,729 743,729"/>
                <TextEquiv>
                    <Unicode>esse, quam non esse, vt patet superius per An</Unicode>
                </TextEquiv>
            </TextLine>
            <TextLine id="r3l38" custom="readingOrder {index:16;}">
                <Coords points="186,778 703,778 748,769 748,734 186,745"/>
                <Baseline points="191,766 218,766 246,766 273,766 301,766 329,766 356,766 384,765 411,765 439,765 467,765 494,764 522,764 549,764 577,763 605,763 632,763 660,763 687,763 715,763 743,763"/>
                <TextEquiv>
                    <Unicode>selmum. Nec potest dici, quod sint ibi secu¬</Unicode>
                </TextEquiv>
            </TextLine>
            <TextLine id="r3l40" custom="readingOrder {index:17;}">
                <Coords points="188,803 744,805 743,769 187,777"/>
                <Baseline points="193,800 220,800 247,800 274,800 302,800 329,799 356,799 384,799 411,799 438,798 466,798 493,798 520,797 547,797 575,797 602,797 629,797 657,797 684,797 711,797 739,798"/>
                <TextEquiv>
                    <Unicode>dum potentiam, quia Deus est actus purus, </Unicode>
                </TextEquiv>
            </TextLine>
            <TextLine id="r3l43" custom="readingOrder {index:18;}">
                <Coords points="194,849 748,836 725,803 193,813"/>
                <Baseline points="199,835 226,834 253,834 280,833 307,833 335,833 362,833 389,833 416,832 443,832 471,832 498,832 525,832 552,831 579,831 607,831 634,831 661,830 688,830 715,829 743,829"/>
                <TextEquiv>
                    <Unicode>cui nihil admiscetur de potentia. Relinqui¬ </Unicode>
                </TextEquiv>
            </TextLine>
            <TextLine id="r3l47" custom="readingOrder {index:19;}">
                <Coords points="195,875 740,872 740,838 195,850"/>
                <Baseline points="200,868 226,868 253,868 280,868 307,867 333,867 360,867 387,867 414,866 440,866 467,866 494,866 521,865 547,865 574,865 601,865 628,865 654,865 681,865 708,865 735,865"/>
                <TextEquiv>
                    <Unicode>tur ergo primum scilicet, quod sint ibi secu¬</Unicode>
                </TextEquiv>
            </TextLine>
            <TextLine id="r3l50" custom="readingOrder {index:20;}">
                <Coords points="196,909 745,908 744,880 724,871 195,876"/>
                <Baseline points="201,902 229,902 257,902 286,902 314,902 342,902 371,901 399,901 427,901 456,901 484,901 513,900 541,900 569,900 598,900 626,899 654,899 683,899 711,899 740,898"/>
                <TextEquiv>
                    <Unicode>dum actum, Consequentia patet, quia sem¬</Unicode>
                </TextEquiv>
            </TextLine>
            <TextLine id="r3l52" custom="readingOrder {index:21;}">
                <Coords points="190,953 274,938 397,953 452,938 610,946 610,918 576,906 190,918"/>
                <Baseline points="195,938 220,937 246,937 271,936 297,936 323,935 348,935 374,934 400,934 425,934 451,934 476,934 502,934 528,934 553,934 579,934 605,934"/>
                <TextEquiv>
                    <Unicode>per ad actum sequitur distinctio.</Unicode>
                </TextEquiv>
            </TextLine>
            <TextLine id="r3l54" custom="readingOrder {index:22;}">
                <Coords points="223,983 528,972 612,985 634,971 743,971 743,941 223,948"/>
                <Baseline points="228,969 253,969 279,969 304,969 330,969 355,969 381,969 406,969 432,969 457,969 483,968 508,968 534,968 559,967 585,967 610,967 636,967 661,966 687,966 712,966 738,966"/>
                <TextEquiv>
                    <Unicode>3 Probant etiam hoc idem ex parte ema¬</Unicode>
                </TextEquiv>
            </TextLine>
            <TextLine id="r3l56" custom="readingOrder {index:23;}">
                <Coords points="191,1011 746,1018 732,972 190,975"/>
                <Baseline points="195,1004 222,1004 249,1004 276,1003 304,1003 331,1003 358,1003 385,1003 413,1002 440,1002 467,1002 494,1002 522,1002 549,1002 576,1001 603,1001 631,1001 658,1001 685,1001 712,1001 740,1000"/>
                <TextEquiv>
                    <Unicode>nationum, sed istam dimitto vsque ad xiij. di¬</Unicode>
                </TextEquiv>
            </TextLine>
            <TextLine id="r3l58" custom="readingOrder {index:24;}">
                <Coords points="190,1050 700,1044 699,1018 655,1006 591,1019 496,1005 440,1019 189,1012"/>
                <Baseline points="195,1039 220,1038 245,1038 270,1038 295,1037 320,1037 345,1037 370,1037 395,1036 420,1036 445,1036 470,1036 495,1036 520,1036 545,1036 570,1035 595,1035 620,1035 645,1035 670,1035 695,1035"/>
                <TextEquiv>
                    <Unicode>stinctionem, vbi agam de emanationibus</Unicode>
                </TextEquiv>
            </TextLine>
            <TextLine id="r3l60" custom="readingOrder {index:25;}">
                <Coords points="228,1081 685,1079 740,1072 740,1046 228,1047"/>
                <Baseline points="233,1071 258,1071 283,1070 308,1070 333,1070 358,1070 383,1069 408,1069 433,1069 458,1069 484,1069 509,1069 534,1069 559,1070 584,1070 609,1070 634,1070 659,1070 684,1070 709,1069 735,1069"/>
                <TextEquiv>
                    <Unicode>lsta posito confirmatur multis auctorita¬</Unicode>
                </TextEquiv>
            </TextLine>
            <TextLine id="r3l62" custom="readingOrder {index:26;}">
                <Coords points="192,1117 739,1109 739,1079 722,1075 192,1079"/>
                <Baseline points="197,1106 223,1106 250,1106 277,1106 304,1105 331,1105 358,1105 384,1105 411,1105 438,1104 465,1104 492,1104 519,1104 546,1104 572,1104 599,1104 626,1104 653,1103 680,1103 707,1103 734,1102"/>
                <TextEquiv>
                    <Unicode>tibus, &amp; primo auctoritate Damasceni, lib¬ </Unicode>
                </TextEquiv>
            </TextLine>
            <TextLine id="r3l64" custom="readingOrder {index:27;}">
                <Coords points="186,1158 402,1140 738,1146 744,1110 186,1118"/>
                <Baseline points="191,1141 218,1141 245,1140 273,1139 300,1139 328,1139 355,1138 382,1138 410,1138 437,1138 465,1138 492,1138 519,1137 547,1137 574,1138 602,1138 629,1138 656,1138 684,1138 711,1138 739,1138"/>
                <TextEquiv>
                    <Unicode>primo cap. 12. vbi vult, quod Deus totum</Unicode>
                </TextEquiv>
            </TextLine>
            <TextLine id="r3l67" custom="readingOrder {index:28;}">
                <Coords points="194,1184 721,1186 740,1180 740,1142 194,1156"/>
                <Baseline points="199,1173 225,1174 252,1174 279,1174 306,1173 333,1173 359,1173 386,1173 413,1173 440,1172 467,1172 493,1172 520,1172 547,1171 574,1171 601,1171 627,1171 654,1171 681,1171 708,1171 735,1171"/>
                <TextEquiv>
                    <Unicode>esse in se ipso apprehendit velut quoddam</Unicode>
                </TextEquiv>
            </TextLine>
            <TextLine id="r3l69" custom="readingOrder {index:29;}">
                <Coords points="195,1220 721,1221 741,1214 741,1188 194,1184"/>
                <Baseline points="199,1208 225,1208 252,1208 279,1207 306,1207 333,1207 360,1207 386,1206 413,1206 440,1206 467,1206 494,1206 521,1206 548,1206 574,1205 601,1205 628,1205 655,1205 682,1205 709,1206 736,1206"/>
                <TextEquiv>
                    <Unicode>Pelagus substantiae infinitum, &amp; in eodem </Unicode>
                </TextEquiv>
            </TextLine>
            <TextLine id="r3l70" custom="readingOrder {index:30;}">
                <Coords points="192,1251 738,1244 737,1212 191,1221"/>
                <Baseline points="197,1243 223,1243 250,1242 277,1242 304,1242 331,1242 357,1241 384,1241 411,1241 438,1240 465,1240 491,1240 518,1240 545,1240 572,1240 599,1240 625,1239 652,1239 679,1239 706,1239 733,1239"/>
                <TextEquiv>
                    <Unicode>cap. dicit, quod caetera alia dicuntur de Deo</Unicode>
                </TextEquiv>
            </TextLine>
            <TextLine id="r3l72" custom="readingOrder {index:31;}">
                <Coords points="191,1285 711,1277 744,1292 744,1249 715,1243 191,1251"/>
                <Baseline points="196,1278 223,1277 250,1276 277,1276 304,1276 331,1275 358,1275 386,1275 413,1275 440,1274 467,1274 494,1274 521,1274 548,1274 576,1274 603,1274 630,1274 657,1274 684,1274 711,1274 739,1274"/>
                <TextEquiv>
                    <Unicode>affirmatiue, sicut bonum, sapiens, &amp; similia, </Unicode>
                </TextEquiv>
            </TextLine>
            <TextLine id="r3l75" custom="readingOrder {index:32;}">
                <Coords points="186,1323 728,1318 736,1288 186,1290"/>
                <Baseline points="191,1311 218,1311 245,1310 272,1310 299,1310 326,1310 353,1310 380,1309 407,1309 434,1309 461,1309 488,1309 515,1309 542,1309 569,1309 596,1308 623,1308 650,1308 677,1308 704,1307 731,1307"/>
                <TextEquiv>
                    <Unicode>non naturam Dei, sed quae sequuntur natu¬</Unicode>
                </TextEquiv>
            </TextLine>
            <TextLine id="r3l76" custom="readingOrder {index:33;}">
                <Coords points="190,1353 647,1346 716,1359 733,1353 733,1323 190,1326"/>
                <Baseline points="195,1345 221,1345 248,1344 274,1344 301,1344 328,1344 354,1343 381,1343 408,1343 434,1342 461,1342 488,1342 514,1342 541,1342 568,1342 594,1341 621,1341 648,1341 674,1341 701,1341 728,1342"/>
                <TextEquiv>
                    <Unicode>ram, vel quae circa naturam eius sunt osten¬</Unicode>
                </TextEquiv>
            </TextLine>
            <TextLine id="r3l78" custom="readingOrder {index:34;}">
                <Coords points="189,1387 700,1392 737,1386 737,1352 189,1353"/>
                <Baseline points="194,1378 220,1378 247,1378 274,1378 301,1377 328,1377 355,1377 382,1377 409,1377 436,1376 463,1376 489,1376 516,1376 543,1376 570,1375 597,1375 624,1375 651,1375 678,1375 705,1376 732,1376"/>
                <TextEquiv>
                    <Unicode>dunt, quod non haberet veritatem, nisi suppo</Unicode>
                </TextEquiv>
            </TextLine>
            <TextLine id="r3l80" custom="readingOrder {index:35;}">
                <Coords points="188,1422 734,1415 722,1383 187,1387"/>
                <Baseline points="193,1414 219,1414 246,1413 273,1413 300,1412 327,1412 353,1412 380,1411 407,1411 434,1411 461,1411 487,1410 514,1410 541,1410 568,1410 595,1410 621,1410 648,1410 675,1409 702,1409 729,1409"/>
                <TextEquiv>
                    <Unicode>sita distinctione ex natura rei; Non enim Di</Unicode>
                </TextEquiv>
            </TextLine>
            <TextLine id="r3l82" custom="readingOrder {index:36;}">
                <Coords points="190,1459 740,1453 739,1415 189,1423"/>
                <Baseline points="194,1447 221,1446 248,1446 275,1446 302,1446 329,1446 356,1445 383,1445 410,1445 437,1445 464,1445 491,1445 518,1445 545,1444 572,1444 599,1444 626,1444 653,1444 680,1444 707,1443 734,1443"/>
                <TextEquiv>
                    <Unicode>uina essentia potest dici Pelagus infinitum,</Unicode>
                </TextEquiv>
            </TextLine>
            <TextLine id="r3l84" custom="readingOrder {index:37;}">
                <Coords points="186,1495 738,1483 724,1448 185,1459"/>
                <Baseline points="191,1482 218,1482 245,1481 272,1481 299,1480 326,1480 353,1479 380,1479 407,1479 434,1479 462,1479 489,1478 516,1478 543,1478 570,1478 597,1478 624,1478 651,1478 678,1477 705,1477 733,1477"/>
                <TextEquiv>
                    <Unicode>per hoc quod multae rationes possint consti</Unicode>
                </TextEquiv>
            </TextLine>
            <TextLine id="r3l86" custom="readingOrder {index:38;}">
                <Coords points="188,1528 740,1516 739,1483 188,1496"/>
                <Baseline points="193,1514 220,1514 247,1514 274,1514 301,1514 328,1514 355,1514 382,1513 409,1513 436,1513 464,1513 491,1513 518,1513 545,1512 572,1512 599,1512 626,1512 653,1512 680,1512 707,1512 735,1512"/>
                <TextEquiv>
                    <Unicode>tui circa eam per actum intellectus, &amp; D. Au</Unicode>
                </TextEquiv>
            </TextLine>
            <TextLine id="r3l88" custom="readingOrder {index:39;}">
                <Coords points="182,1566 307,1548 734,1557 734,1519 182,1532"/>
                <Baseline points="187,1551 214,1550 241,1549 268,1548 295,1548 322,1547 349,1547 376,1547 403,1547 430,1547 458,1546 485,1546 512,1546 539,1546 566,1546 593,1546 620,1546 647,1546 674,1546 701,1546 729,1546"/>
                <TextEquiv>
                    <Unicode>gustinus de Trinitate cap. primo probat, </Unicode>
                </TextEquiv>
            </TextLine>
            <TextLine id="r3l90" custom="readingOrder {index:40;}">
                <Coords points="188,1591 739,1589 739,1561 395,1551 187,1565"/>
                <Baseline points="192,1581 219,1582 246,1582 273,1582 300,1582 327,1582 354,1582 381,1582 408,1581 435,1581 463,1581 490,1581 517,1580 544,1580 571,1580 598,1580 625,1580 652,1580 679,1580 706,1580 734,1581"/>
                <TextEquiv>
                    <Unicode>duas vel tres personas non esse aliud maius, </Unicode>
                </TextEquiv>
            </TextLine>
            <TextLine id="r3l92" custom="readingOrder {index:41;}">
                <Coords points="186,1624 645,1628 740,1619 740,1589 186,1591"/>
                <Baseline points="191,1617 218,1617 245,1617 272,1617 299,1616 327,1616 354,1616 381,1615 408,1615 435,1615 463,1615 490,1615 517,1614 544,1614 571,1614 599,1614 626,1614 653,1614 680,1613 707,1613 735,1613"/>
                <TextEquiv>
                    <Unicode>&amp; maius, per hoc scilicet, quia non sunt ali¬</Unicode>
                </TextEquiv>
            </TextLine>
            <TextLine id="r3l94" custom="readingOrder {index:42;}">
                <Coords points="188,1661 705,1659 736,1655 736,1617 188,1624"/>
                <Baseline points="193,1651 219,1650 246,1650 273,1650 300,1650 327,1650 354,1650 381,1649 408,1649 435,1649 462,1649 488,1649 515,1649 542,1648 569,1648 596,1648 623,1648 650,1648 677,1648 704,1648 731,1648"/>
                <TextEquiv>
                    <Unicode>quid verius, quae consequentia nihil valeret, </Unicode>
                </TextEquiv>
            </TextLine>
            <TextLine id="r3l96" custom="readingOrder {index:43;}">
                <Coords points="182,1695 707,1696 742,1691 742,1661 270,1652 182,1665"/>
                <Baseline points="187,1685 214,1684 242,1684 269,1684 297,1684 324,1683 352,1683 379,1683 407,1683 434,1682 462,1682 489,1682 517,1682 544,1681 572,1681 599,1681 627,1681 654,1681 682,1682 709,1682 737,1682"/>
                <TextEquiv>
                    <Unicode>nisi esset aliqua distinctio ex natura rei inter</Unicode>
                </TextEquiv>
            </TextLine>
            <TextLine id="r3l98" custom="readingOrder {index:44;}">
                <Coords points="185,1725 739,1720 739,1696 646,1686 185,1693"/>
                <Baseline points="190,1719 217,1719 244,1719 271,1719 298,1718 326,1718 353,1718 380,1718 407,1717 434,1717 462,1717 489,1717 516,1716 543,1716 570,1716 598,1716 625,1716 652,1716 679,1715 706,1715 734,1716"/>
                <TextEquiv>
                    <Unicode>magnitudinem, &amp; veritatem, &amp; pari ratione</Unicode>
                </TextEquiv>
            </TextLine>
            <TextLine id="r3l100" custom="readingOrder {index:45;}">
                <Coords points="189,1760 742,1765 742,1725 726,1723 189,1728"/>
                <Baseline points="194,1754 221,1754 248,1753 275,1753 302,1753 329,1753 356,1752 384,1752 411,1751 438,1751 465,1751 492,1750 519,1750 546,1750 574,1749 601,1749 628,1749 655,1749 682,1749 709,1749 737,1749"/>
                <TextEquiv>
                    <Unicode>inter alia attributa. Idem contra Maximi¬</Unicode>
                </TextEquiv>
            </TextLine>
            <TextLine id="r3l102" custom="readingOrder {index:46;}">
                <Coords points="184,1797 740,1796 740,1765 642,1754 184,1765"/>
                <Baseline points="189,1787 216,1787 243,1787 270,1787 298,1787 325,1787 352,1786 380,1786 407,1786 434,1786 462,1785 489,1785 516,1785 543,1784 571,1784 598,1784 625,1784 653,1783 680,1783 707,1783 735,1783"/>
                <TextEquiv>
                    <Unicode>num probat, quod sicut plures perfectiones</Unicode>
                </TextEquiv>
            </TextLine>
            <TextLine id="r3l104" custom="readingOrder {index:47;}">
                <Coords points="190,1837 740,1823 740,1796 718,1790 190,1794"/>
                <Baseline points="195,1823 222,1822 249,1821 276,1821 303,1820 330,1820 357,1819 384,1819 411,1818 438,1818 465,1818 492,1818 519,1818 546,1818 573,1818 600,1818 627,1818 654,1818 681,1817 708,1817 735,1817"/>
                <TextEquiv>
                    <Unicode>possunt esse in vna Diuina essentia sine ali¬</Unicode>
                </TextEquiv>
            </TextLine>
            <TextLine id="r3l107" custom="readingOrder {index:48;}">
                <Coords points="189,1869 678,1864 740,1858 740,1826 189,1839"/>
                <Baseline points="194,1856 221,1855 248,1855 275,1854 302,1854 329,1854 356,1854 383,1853 410,1853 437,1853 464,1853 491,1853 518,1853 545,1853 572,1853 599,1852 626,1852 653,1852 680,1852 707,1851 735,1851"/>
                <TextEquiv>
                    <Unicode>qua compositone, ita plures personae Diui¬</Unicode>
                </TextEquiv>
            </TextLine>
            <TextLine id="r3l108" custom="readingOrder {index:49;}">
                <Coords points="187,1897 731,1895 740,1867 187,1869"/>
                <Baseline points="192,1890 219,1890 246,1889 273,1889 300,1888 327,1888 354,1888 382,1887 409,1887 436,1886 463,1886 490,1886 517,1886 544,1885 572,1885 599,1885 626,1885 653,1885 680,1886 707,1886 735,1887"/>
                <TextEquiv>
                    <Unicode>nae possunt esse in vna Diuina essentia sine</Unicode>
                </TextEquiv>
            </TextLine>
            <TextLine id="r3l111" custom="readingOrder {index:50;}">
                <Coords points="186,1928 745,1930 745,1892 186,1903"/>
                <Baseline points="191,1924 218,1924 245,1923 273,1923 300,1922 328,1922 355,1922 383,1921 410,1921 438,1921 465,1921 492,1921 520,1921 547,1921 575,1921 602,1921 630,1921 657,1920 685,1920 712,1920 740,1920"/>
                <TextEquiv>
                    <Unicode>compositone, hoc autem argumentum non</Unicode>
                </TextEquiv>
            </TextLine>
            <TextLine id="r3l112" custom="readingOrder {index:51;}">
                <Coords points="186,1969 672,1969 739,1960 739,1925 186,1933"/>
                <Baseline points="191,1959 218,1958 245,1957 272,1957 299,1956 326,1956 353,1956 381,1955 408,1955 435,1954 462,1954 489,1954 516,1954 543,1954 571,1954 598,1954 625,1954 652,1954 679,1954 706,1954 734,1954"/>
                <TextEquiv>
                    <Unicode>concluderet si inter perfectiones attributales</Unicode>
                </TextEquiv>
            </TextLine>
            <TextLine id="r3l114" custom="readingOrder {index:52;}">
                <Coords points="188,2001 600,1991 714,2005 740,1992 740,1962 188,1968"/>
                <Baseline points="193,1991 220,1991 247,1991 274,1990 301,1990 328,1990 355,1989 382,1989 409,1989 436,1989 464,1989 491,1988 518,1988 545,1988 572,1988 599,1988 626,1988 653,1988 680,1988 707,1988 735,1988"/>
                <TextEquiv>
                    <Unicode>esset sola distinctio rationis; non enim sequi</Unicode>
                </TextEquiv>
            </TextLine>
            <TextLine id="r3l116" custom="readingOrder {index:53;}">
                <Coords points="193,2032 744,2033 744,1994 193,2001"/>
                <Baseline points="198,2026 225,2025 252,2025 279,2024 306,2024 333,2024 360,2023 387,2023 414,2023 441,2023 468,2023 495,2023 522,2022 549,2022 576,2022 603,2022 630,2022 657,2022 684,2022 711,2022 739,2022"/>
                <TextEquiv>
                    <Unicode>tur, quod si attributa, quae supponuntur di</Unicode>
                </TextEquiv>
            </TextLine>
            <TextLine id="r3l118" custom="readingOrder {index:54;}">
                <Coords points="186,2066 739,2060 739,2035 695,2027 661,2040 186,2029"/>
                <Baseline points="191,2059 218,2058 245,2058 272,2058 299,2058 326,2058 353,2057 381,2057 408,2057 435,2057 462,2056 489,2056 516,2056 543,2056 571,2056 598,2056 625,2055 652,2055 679,2055 706,2055 734,2056"/>
                <TextEquiv>
                    <Unicode>stingui sola ratione, non faciant composito¬</Unicode>
                </TextEquiv>
            </TextLine>
            <TextLine id="r3l120" custom="readingOrder {index:55;}">
                <Coords points="191,2100 713,2105 733,2100 733,2069 191,2070"/>
                <Baseline points="196,2094 222,2093 249,2092 275,2092 302,2091 329,2091 355,2091 382,2091 408,2091 435,2091 462,2091 488,2091 515,2091 541,2091 568,2091 595,2091 621,2091 648,2091 674,2091 701,2091 728,2090"/>
                <TextEquiv>
                    <Unicode>nem, quod etiam Diuinae personae, quae sup¬</Unicode>
                </TextEquiv>
            </TextLine>
            <TextLine id="r3l122" custom="readingOrder {index:56;}">
                <Coords points="190,2145 720,2139 742,2132 742,2094 190,2100"/>
                <Baseline points="195,2127 222,2127 249,2127 276,2127 303,2126 330,2126 357,2126 384,2126 411,2126 438,2126 466,2126 493,2126 520,2126 547,2126 574,2126 601,2126 628,2126 655,2126 682,2125 709,2125 737,2125"/>
                <TextEquiv>
                    <Unicode>ponuntur distingui realiter, non faciant con¬</Unicode>
                </TextEquiv>
            </TextLine>
            <TextEquiv>
                <Unicode>separetur ab albo, non tribueret illi separa¬
to, nisi quod conueniebat etiam prius illi
coniuncto, eo quod nullo modo differant in
suis rationibus formalibus, a simili ergo, si
intellectus Diuinus, &amp; natura nullo modo
differrent ex natura rei, quantum ad suas ra¬
tiones formales, &amp; per impossibile separarent,
illud attribuetur intellectui separato, quod
attribuebatur &amp; coniuncto.
8. Perfectiones attributales sunt actu in
Deo, ergo ex natura rei sunt formaliter di¬
stinctae, antecedens patet, quia, vel sunt ibi
actu, vel potentia, vel nec actu, nec poten¬
tia; non potest dici quod nullo modo, quia
in Deo est ponendum quicquid est melius
esse, quam non esse, vt patet superius per An
selmum. Nec potest dici, quod sint ibi secu¬
dum potentiam, quia Deus est actus purus, 
cui nihil admiscetur de potentia. Relinqui¬ 
tur ergo primum scilicet, quod sint ibi secu¬
dum actum, Consequentia patet, quia sem¬
per ad actum sequitur distinctio.
3 Probant etiam hoc idem ex parte ema¬
nationum, sed istam dimitto vsque ad xiij. di¬
stinctionem, vbi agam de emanationibus
lsta posito confirmatur multis auctorita¬
tibus, &amp; primo auctoritate Damasceni, lib¬ 
primo cap. 12. vbi vult, quod Deus totum
esse in se ipso apprehendit velut quoddam
Pelagus substantiae infinitum, &amp; in eodem 
cap. dicit, quod caetera alia dicuntur de Deo
affirmatiue, sicut bonum, sapiens, &amp; similia, 
non naturam Dei, sed quae sequuntur natu¬
ram, vel quae circa naturam eius sunt osten¬
dunt, quod non haberet veritatem, nisi suppo
sita distinctione ex natura rei; Non enim Di
uina essentia potest dici Pelagus infinitum,
per hoc quod multae rationes possint consti
tui circa eam per actum intellectus, &amp; D. Au
gustinus de Trinitate cap. primo probat, 
duas vel tres personas non esse aliud maius, 
&amp; maius, per hoc scilicet, quia non sunt ali¬
quid verius, quae consequentia nihil valeret, 
nisi esset aliqua distinctio ex natura rei inter
magnitudinem, &amp; veritatem, &amp; pari ratione
inter alia attributa. Idem contra Maximi¬
num probat, quod sicut plures perfectiones
possunt esse in vna Diuina essentia sine ali¬
qua compositone, ita plures personae Diui¬
nae possunt esse in vna Diuina essentia sine
compositone, hoc autem argumentum non
concluderet si inter perfectiones attributales
esset sola distinctio rationis; non enim sequi
tur, quod si attributa, quae supponuntur di
stingui sola ratione, non faciant composito¬
nem, quod etiam Diuinae personae, quae sup¬
ponuntur distingui realiter, non faciant con¬</Unicode>
            </TextEquiv>
        </TextRegion>
        <TextRegion orientation="0.0" id="TextRegion_1600389017323_1325" custom="readingOrder {index:1;}">
            <Coords points="765,149 1334,149 1332,2171 756,2171 757,2146"/>
            <TextLine id="r3l4" custom="readingOrder {index:0;}">
                <Coords points="773,240 835,224 1301,232 1334,224 1334,178 773,196"/>
                <Baseline points="778,219 805,220 833,220 860,220 888,220 915,220 943,220 970,220 998,220 1025,220 1053,220 1081,220 1108,220 1136,220 1163,220 1191,220 1218,220 1246,220 1273,221 1301,221 1329,222"/>
                <TextEquiv>
                    <Unicode>positonem, ista ergo est opinio cum suis motiuis.</Unicode>
                </TextEquiv>
            </TextLine>
            <TextLine id="line_1600389002263_1312" custom="readingOrder {index:1;}">
                <Coords points="811,259 997,260 1012,273 1079,259 1294,270 1339,256 1329,225 896,238 811,226"/>
                <Baseline points="816,254 846,254 876,253 906,253 937,253 967,253 997,253 1027,254 1058,254 1088,254 1118,254 1148,254 1179,254 1209,254 1239,254 1269,254 1300,253 1330,253 1334,252"/>
                <TextEquiv>
                    <Unicode>Contra quam opinionem consueuit a plu</Unicode>
                </TextEquiv>
            </TextLine>
            <TextLine id="line_1600389002264_1314" custom="readingOrder {index:2;}">
                <Coords points="778,296 1246,304 1339,292 1339,255 1293,270 1080,258 1016,272 778,258"/>
                <Baseline points="783,287 810,287 838,288 866,288 894,288 921,288 949,288 977,289 1005,289 1032,289 1060,289 1088,289 1116,289 1143,289 1171,289 1199,289 1227,289 1254,289 1282,289 1310,289 1334,289"/>
                <TextEquiv>
                    <Unicode>ribus diuersimode argui, sed inter omnes ra</Unicode>
                </TextEquiv>
            </TextLine>
            <TextLine id="r3l11" custom="readingOrder {index:3;}">
                <Coords points="780,327 1245,339 1331,325 1331,294 780,296"/>
                <Baseline points="785,322 812,322 839,322 866,322 893,322 920,322 947,322 974,322 1001,322 1028,322 1055,323 1082,323 1109,323 1136,323 1163,323 1190,323 1217,324 1244,324 1271,324 1298,324 1326,323"/>
                <TextEquiv>
                    <Unicode>tiones, quae adducuntur, solum quinque vi¬</Unicode>
                </TextEquiv>
            </TextLine>
            <TextLine id="r3l13" custom="readingOrder {index:4;}">
                <Coords points="779,361 984,360 1033,376 1068,362 1203,358 1203,330 1011,337 971,325 874,339 779,327"/>
                <Baseline points="784,357 809,357 835,357 861,356 887,356 913,356 939,357 965,357 991,357 1016,357 1042,357 1068,357 1094,357 1120,356 1146,356 1172,355 1198,354"/>
                <TextEquiv>
                    <Unicode>dentur esse alicuius ponderis.</Unicode>
                </TextEquiv>
            </TextLine>
            <TextLine id="r3l15" custom="readingOrder {index:5;}">
                <Coords points="804,397 1324,397 1324,360 804,365"/>
                <Baseline points="809,390 834,390 860,390 885,390 911,390 936,390 962,390 987,390 1013,390 1038,390 1064,390 1089,391 1115,391 1140,391 1166,391 1191,391 1217,391 1242,391 1268,391 1293,391 1319,392"/>
                <TextEquiv>
                    <Unicode>1 Si perfectiones attributales sunt distin</Unicode>
                </TextEquiv>
            </TextLine>
            <TextLine id="r3l17" custom="readingOrder {index:6;}">
                <Coords points="773,437 1329,431 1329,405 1282,395 985,408 773,394"/>
                <Baseline points="778,423 805,424 832,424 859,424 887,425 914,425 941,425 969,425 996,425 1023,425 1051,426 1078,426 1105,426 1132,426 1160,426 1187,426 1214,426 1242,425 1269,425 1296,425 1324,425"/>
                <TextEquiv>
                    <Unicode>ctae formaliter ex natura rei in Deo, sequitur</Unicode>
                </TextEquiv>
            </TextLine>
            <TextLine id="r3l19" custom="readingOrder {index:7;}">
                <Coords points="774,474 1337,467 1338,428 775,438"/>
                <Baseline points="779,457 806,457 834,458 861,458 889,459 917,459 944,459 972,459 1000,459 1027,459 1055,460 1083,460 1110,460 1138,460 1166,460 1193,460 1221,460 1249,459 1276,459 1304,459 1332,459"/>
                <TextEquiv>
                    <Unicode>quod in eo sint plures res absolutae, conse¬</Unicode>
                </TextEquiv>
            </TextLine>
            <TextLine id="line_1600389002266_1316" custom="readingOrder {index:8;}">
                <Coords points="776,512 812,497 1021,497 1039,511 1078,495 1339,500 1339,467 776,474"/>
                <Baseline points="781,491 810,492 839,492 869,492 898,493 928,493 957,493 986,493 1016,494 1045,494 1075,494 1104,494 1134,494 1163,494 1192,494 1222,493 1251,493 1281,493 1310,492 1334,492"/>
                <TextEquiv>
                    <Unicode>quens est falsum, ergo, &amp; antecedens; Fal¬</Unicode>
                </TextEquiv>
            </TextLine>
            <TextLine id="r3l23" custom="readingOrder {index:9;}">
                <Coords points="771,540 1286,535 1332,528 1332,496 1042,514 1008,497 771,500"/>
                <Baseline points="776,525 803,525 831,526 858,526 886,526 913,526 941,526 968,526 996,526 1023,526 1051,526 1079,526 1106,526 1134,526 1161,526 1189,526 1216,526 1244,527 1271,527 1299,527 1327,528"/>
                <TextEquiv>
                    <Unicode>sitas consequentis ab eis conceditur, Conse¬</Unicode>
                </TextEquiv>
            </TextLine>
            <TextLine id="r3l25" custom="readingOrder {index:10;}">
                <Coords points="773,571 1287,571 1328,566 1328,531 773,540"/>
                <Baseline points="778,559 805,560 832,560 859,561 887,561 914,562 941,562 968,562 996,562 1023,562 1050,561 1077,561 1105,561 1132,561 1159,561 1186,561 1214,561 1241,561 1268,561 1295,561 1323,562"/>
                <TextEquiv>
                    <Unicode>quentia probatur, quia sicut indistinctio ad</Unicode>
                </TextEquiv>
            </TextLine>
            <TextLine id="r3l27" custom="readingOrder {index:11;}">
                <Coords points="777,603 1328,604 1328,567 777,574"/>
                <Baseline points="782,593 809,594 836,594 863,594 890,594 917,594 944,594 971,594 998,594 1025,594 1052,594 1079,594 1106,594 1133,594 1160,594 1187,595 1214,595 1241,595 1268,595 1295,595 1323,596"/>
                <TextEquiv>
                    <Unicode>vnitatem, ita distinctio ad diuersitatem, sed </Unicode>
                </TextEquiv>
            </TextLine>
            <TextLine id="r3l28" custom="readingOrder {index:12;}">
                <Coords points="777,632 1324,638 1324,603 1310,600 777,603"/>
                <Baseline points="782,627 808,628 835,628 862,628 889,628 916,629 943,629 969,629 996,629 1023,629 1050,629 1077,629 1104,629 1131,629 1157,629 1184,629 1211,629 1238,629 1265,629 1292,630 1319,630"/>
                <TextEquiv>
                    <Unicode>ita se habet indistinctio ad vnitatem, quod</Unicode>
                </TextEquiv>
            </TextLine>
            <TextLine id="r3l31" custom="readingOrder {index:13;}">
                <Coords points="776,671 1322,669 1331,632 776,633"/>
                <Baseline points="781,664 808,664 835,664 862,663 890,663 917,663 944,663 971,663 999,663 1026,663 1053,663 1080,663 1108,663 1135,663 1162,663 1189,663 1217,663 1244,663 1271,663 1298,663 1326,663"/>
                <TextEquiv>
                    <Unicode>ea, quae sunt indistincta ex natura rei, sunt</Unicode>
                </TextEquiv>
            </TextLine>
            <TextLine id="r3l33" custom="readingOrder {index:14;}">
                <Coords points="777,703 1263,708 1329,703 1329,668 777,676"/>
                <Baseline points="782,696 809,696 836,696 863,697 890,697 917,697 944,698 971,698 998,698 1025,698 1053,698 1080,698 1107,698 1134,698 1161,698 1188,697 1215,697 1242,697 1269,697 1296,697 1324,697"/>
                <TextEquiv>
                    <Unicode>vna res, ergo ita se habebit distinctio ad di¬</Unicode>
                </TextEquiv>
            </TextLine>
            <TextLine id="r3l35" custom="readingOrder {index:15;}">
                <Coords points="771,738 1310,742 1328,739 1328,703 771,707"/>
                <Baseline points="776,729 803,730 830,730 858,730 885,731 912,731 940,731 967,731 994,732 1022,732 1049,732 1076,732 1104,732 1131,732 1158,732 1186,732 1213,732 1240,732 1268,732 1295,732 1323,732"/>
                <TextEquiv>
                    <Unicode>uersitatem, quod distincta ex natura rei, erunt</Unicode>
                </TextEquiv>
            </TextLine>
            <TextLine id="r3l37" custom="readingOrder {index:16;}">
                <Coords points="774,777 784,778 800,769 812,775 847,768 892,773 907,769 919,778 937,775 937,746 874,745 858,735 830,745 810,735 774,736"/>
                <Baseline points="779,764 804,763 830,763 855,765 881,765 906,766 932,765"/>
                <TextEquiv>
                    <Unicode>diuersae res.</Unicode>
                </TextEquiv>
            </TextLine>
            <TextLine id="r3l41" custom="readingOrder {index:17;}">
                <Coords points="805,805 1321,808 1321,766 805,773"/>
                <Baseline points="810,799 835,799 860,799 885,799 911,799 936,799 961,799 987,799 1012,799 1037,799 1063,799 1088,799 1113,799 1138,799 1164,799 1189,799 1214,799 1240,800 1265,800 1290,800 1316,800"/>
                <TextEquiv>
                    <Unicode>2 Si esset aliqua distinctio ex natura rei,</Unicode>
                </TextEquiv>
            </TextLine>
            <TextLine id="r3l44" custom="readingOrder {index:18;}">
                <Coords points="775,843 1319,843 1319,808 1292,802 989,816 775,800"/>
                <Baseline points="780,831 806,831 833,832 860,832 886,833 913,833 940,833 966,833 993,833 1020,833 1047,834 1073,834 1100,833 1127,833 1153,833 1180,833 1207,834 1233,834 1260,834 1287,834 1314,834"/>
                <TextEquiv>
                    <Unicode>quae tamen non poneret diuersas realitates, </Unicode>
                </TextEquiv>
            </TextLine>
            <TextLine id="r3l48" custom="readingOrder {index:19;}">
                <Coords points="781,872 1045,871 1068,884 1267,869 1317,882 1317,840 1301,836 781,844"/>
                <Baseline points="786,865 812,866 838,866 864,866 891,867 917,867 943,867 970,867 996,868 1022,868 1049,868 1075,868 1101,868 1127,868 1154,868 1180,867 1206,867 1233,867 1259,867 1285,867 1312,867"/>
                <TextEquiv>
                    <Unicode>sicut imaginatur ista opinio) sequeretur quod</Unicode>
                </TextEquiv>
            </TextLine>
            <TextLine id="r3l51" custom="readingOrder {index:20;}">
                <Coords points="771,906 1320,907 1320,880 1217,871 1068,885 1045,872 771,877"/>
                <Baseline points="776,899 804,900 832,900 861,900 889,901 917,901 946,901 974,901 1002,901 1031,902 1059,902 1088,902 1116,902 1144,902 1173,901 1201,901 1229,901 1258,901 1286,901 1315,901"/>
                <TextEquiv>
                    <Unicode>daretur distinctio media inter distinctionem</Unicode>
                </TextEquiv>
            </TextLine>
            <TextLine id="r3l53" custom="readingOrder {index:21;}">
                <Coords points="773,941 1327,945 1327,907 1299,904 848,917 773,905"/>
                <Baseline points="778,933 805,934 832,935 859,935 886,935 914,935 941,935 968,936 995,936 1022,936 1050,936 1077,935 1104,935 1131,935 1158,935 1186,935 1213,935 1240,935 1267,935 1294,935 1322,936"/>
                <TextEquiv>
                    <Unicode>realem, &amp; distinctionem secundum rationem,</Unicode>
                </TextEquiv>
            </TextLine>
            <TextLine id="r3l55" custom="readingOrder {index:22;}">
                <Coords points="770,978 1328,978 1328,946 1296,939 770,941"/>
                <Baseline points="775,969 802,969 829,969 857,969 884,969 912,969 939,969 966,969 994,970 1021,970 1049,970 1076,970 1103,970 1131,970 1158,970 1186,970 1213,970 1240,970 1268,970 1295,969 1323,969"/>
                <TextEquiv>
                    <Unicode>consequens est falsum, ergo &amp;c. Consequen</Unicode>
                </TextEquiv>
            </TextLine>
            <TextLine id="r3l57" custom="readingOrder {index:23;}">
                <Coords points="772,1008 1328,1008 1328,983 1292,974 1101,987 772,976"/>
                <Baseline points="777,1001 804,1002 831,1002 858,1003 886,1003 913,1003 940,1004 968,1004 995,1004 1022,1004 1050,1004 1077,1004 1104,1004 1131,1004 1159,1004 1186,1004 1213,1003 1241,1003 1268,1002 1295,1002 1323,1001"/>
                <TextEquiv>
                    <Unicode>tia videtur satis nota, quia cum talis distin¬</Unicode>
                </TextEquiv>
            </TextLine>
            <TextLine id="r3l59" custom="readingOrder {index:24;}">
                <Coords points="770,1045 1072,1054 1187,1039 1213,1054 1328,1040 1327,1017 1293,1006 769,1013"/>
                <Baseline points="775,1037 802,1037 829,1037 857,1037 884,1037 912,1037 939,1038 966,1038 994,1038 1021,1037 1049,1037 1076,1037 1103,1037 1131,1037 1158,1037 1186,1037 1213,1037 1240,1037 1268,1037 1295,1037 1323,1037"/>
                <TextEquiv>
                    <Unicode>ctio sit in re, circumscripta omni operatione</Unicode>
                </TextEquiv>
            </TextLine>
            <TextLine id="r3l61" custom="readingOrder {index:25;}">
                <Coords points="775,1075 1275,1081 1324,1076 1324,1042 775,1052"/>
                <Baseline points="780,1069 808,1069 836,1070 865,1071 893,1071 921,1071 950,1071 978,1071 1006,1071 1035,1071 1063,1071 1092,1071 1120,1071 1148,1071 1177,1070 1205,1070 1233,1071 1262,1071 1290,1071 1319,1072"/>
                <TextEquiv>
                    <Unicode>ntellectus, non erit secundum rationem, nec</Unicode>
                </TextEquiv>
            </TextLine>
            <TextLine id="r3l63" custom="readingOrder {index:26;}">
                <Coords points="766,1111 1283,1115 1320,1111 1320,1077 766,1079"/>
                <Baseline points="771,1104 798,1105 825,1105 852,1105 879,1105 907,1106 934,1106 961,1106 988,1105 1015,1105 1043,1105 1070,1105 1097,1105 1124,1105 1151,1105 1179,1105 1206,1105 1233,1105 1260,1105 1287,1105 1315,1106"/>
                <TextEquiv>
                    <Unicode>erit realis, quia non ponit diuersas realitates</Unicode>
                </TextEquiv>
            </TextLine>
            <TextLine id="r3l65" custom="readingOrder {index:27;}">
                <Coords points="770,1143 1271,1155 1333,1141 1333,1108 1091,1124 1054,1108 1019,1122 770,1113"/>
                <Baseline points="775,1139 802,1139 830,1140 857,1140 885,1140 913,1139 940,1139 968,1139 996,1139 1023,1139 1051,1139 1079,1139 1106,1138 1134,1138 1162,1138 1189,1138 1217,1138 1245,1138 1272,1138 1300,1138 1328,1138"/>
                <TextEquiv>
                    <Unicode>in eo in quo est, Falsitas consequentis pro¬</Unicode>
                </TextEquiv>
            </TextLine>
            <TextLine id="r3l66" custom="readingOrder {index:28;}">
                <Coords points="770,1179 1329,1180 1322,1141 1281,1155 769,1146"/>
                <Baseline points="775,1173 802,1173 829,1174 857,1173 884,1173 912,1173 939,1173 967,1173 994,1173 1022,1173 1049,1172 1076,1172 1104,1172 1131,1172 1159,1172 1186,1172 1214,1172 1241,1173 1269,1173 1296,1173 1324,1174"/>
                <TextEquiv>
                    <Unicode>batur, quia distinctio, &amp; indistinctio sunt pas</Unicode>
                </TextEquiv>
            </TextLine>
            <TextLine id="r3l68" custom="readingOrder {index:29;}">
                <Coords points="768,1213 1326,1216 1313,1177 767,1182"/>
                <Baseline points="773,1207 800,1207 827,1207 855,1208 882,1208 910,1208 937,1208 964,1208 992,1207 1019,1207 1047,1207 1074,1207 1101,1206 1129,1206 1156,1206 1184,1206 1211,1206 1238,1206 1266,1206 1293,1206 1321,1207"/>
                <TextEquiv>
                    <Unicode>siones entis, vel saltem se habent ad modum</Unicode>
                </TextEquiv>
            </TextLine>
            <TextLine id="r3l71" custom="readingOrder {index:30;}">
                <Coords points="764,1250 1299,1252 1322,1247 1322,1214 764,1215"/>
                <Baseline points="769,1241 796,1241 823,1241 851,1241 878,1242 906,1242 933,1242 960,1241 988,1241 1015,1241 1043,1241 1070,1241 1097,1241 1125,1241 1152,1241 1180,1241 1207,1241 1234,1241 1262,1241 1289,1241 1317,1242"/>
                <TextEquiv>
                    <Unicode>suae passionis, nulla autem passio excedit suum</Unicode>
                </TextEquiv>
            </TextLine>
            <TextLine id="r3l73" custom="readingOrder {index:31;}">
                <Coords points="766,1284 1328,1282 1328,1248 766,1247"/>
                <Baseline points="771,1274 798,1275 826,1275 853,1275 881,1275 909,1275 936,1276 964,1276 991,1276 1019,1276 1047,1275 1074,1275 1102,1275 1129,1275 1157,1275 1185,1275 1212,1275 1240,1275 1267,1275 1295,1275 1323,1275"/>
                <TextEquiv>
                    <Unicode>subiectum, cum ergo non sit dare medium</Unicode>
                </TextEquiv>
            </TextLine>
            <TextLine id="r3l74" custom="readingOrder {index:32;}">
                <Coords points="771,1313 1318,1318 1325,1285 771,1288"/>
                <Baseline points="776,1309 803,1309 830,1309 857,1309 884,1309 911,1309 938,1310 966,1310 993,1310 1020,1310 1047,1310 1074,1310 1101,1310 1128,1309 1156,1309 1183,1309 1210,1309 1237,1309 1264,1309 1291,1310 1319,1310"/>
                <TextEquiv>
                    <Unicode>inter ens reale, &amp; ens rationis, non erit nec</Unicode>
                </TextEquiv>
            </TextLine>
            <TextLine id="r3l77" custom="readingOrder {index:33;}">
                <Coords points="775,1353 1270,1358 1325,1351 1325,1316 775,1320"/>
                <Baseline points="780,1343 807,1343 834,1343 861,1343 888,1343 915,1343 942,1343 969,1343 996,1343 1023,1343 1050,1344 1077,1344 1104,1344 1131,1344 1158,1344 1185,1344 1212,1344 1239,1344 1266,1344 1293,1344 1320,1344"/>
                <TextEquiv>
                    <Unicode>etiam dare mediam distinctionem inter realem</Unicode>
                </TextEquiv>
            </TextLine>
            <TextLine id="r3l79" custom="readingOrder {index:34;}">
                <Coords points="770,1397 798,1387 827,1391 852,1381 880,1385 893,1394 920,1384 920,1355 886,1349 874,1355 854,1354 843,1347 830,1357 826,1354 814,1360 770,1350"/>
                <Baseline points="775,1379 803,1378 831,1377 859,1377 887,1378 915,1377"/>
                <TextEquiv>
                    <Unicode>&amp; rationis.</Unicode>
                </TextEquiv>
            </TextLine>
            <TextLine id="r3l81" custom="readingOrder {index:35;}">
                <Coords points="802,1426 829,1411 884,1428 904,1414 928,1427 944,1415 1328,1421 1328,1382 942,1377 894,1395 802,1393"/>
                <Baseline points="807,1414 832,1414 858,1413 884,1413 910,1412 936,1412 961,1412 987,1412 1013,1412 1039,1411 1065,1411 1090,1411 1116,1411 1142,1411 1168,1412 1194,1412 1219,1412 1245,1412 1271,1412 1297,1412 1323,1412"/>
                <TextEquiv>
                    <Unicode>3 Si propria ratio sapientiae remanet in</Unicode>
                </TextEquiv>
            </TextLine>
            <TextLine id="r3l83" custom="readingOrder {index:36;}">
                <Coords points="768,1454 1323,1452 1313,1417 768,1419"/>
                <Baseline points="773,1445 800,1445 827,1446 854,1446 882,1446 909,1446 936,1446 963,1446 991,1446 1018,1446 1045,1446 1072,1446 1100,1446 1127,1446 1154,1446 1181,1445 1209,1445 1236,1445 1263,1445 1290,1445 1318,1446"/>
                <TextEquiv>
                    <Unicode>Deo formaliter &amp; distincta a propria ratio¬</Unicode>
                </TextEquiv>
            </TextLine>
            <TextLine id="r3l85" custom="readingOrder {index:37;}">
                <Coords points="768,1492 1295,1493 1318,1488 1318,1453 768,1457"/>
                <Baseline points="773,1480 800,1480 827,1480 854,1480 881,1480 908,1480 935,1480 962,1480 989,1480 1016,1480 1043,1480 1070,1480 1097,1480 1124,1480 1151,1480 1178,1480 1205,1479 1232,1479 1259,1479 1286,1479 1313,1480"/>
                <TextEquiv>
                    <Unicode>ne iustitiae, &amp; sic de alijs attributis, sequitur</Unicode>
                </TextEquiv>
            </TextLine>
            <TextLine id="r3l87" custom="readingOrder {index:38;}">
                <Coords points="768,1526 1326,1522 1326,1486 768,1492"/>
                <Baseline points="773,1516 800,1515 827,1515 855,1514 882,1514 910,1514 937,1513 964,1513 992,1513 1019,1513 1047,1513 1074,1513 1101,1513 1129,1513 1156,1514 1184,1514 1211,1514 1238,1514 1266,1514 1293,1514 1321,1514"/>
                <TextEquiv>
                    <Unicode>que Deus non sit realiter iustus, nec realiter sa</Unicode>
                </TextEquiv>
            </TextLine>
            <TextLine id="r3l89" custom="readingOrder {index:39;}">
                <Coords points="773,1550 1323,1557 1323,1523 1296,1518 773,1528"/>
                <Baseline points="778,1547 805,1548 832,1548 859,1548 886,1548 913,1548 940,1548 967,1548 994,1548 1021,1548 1048,1548 1075,1548 1102,1547 1129,1547 1156,1547 1183,1547 1210,1547 1237,1548 1264,1548 1291,1548 1318,1548"/>
                <TextEquiv>
                    <Unicode>piens, sed solum formaliter, consequens est</Unicode>
                </TextEquiv>
            </TextLine>
            <TextLine id="r3l91" custom="readingOrder {index:40;}">
                <Coords points="775,1588 1313,1590 1300,1551 1211,1564 1136,1550 1093,1565 775,1553"/>
                <Baseline points="780,1581 806,1581 832,1582 859,1582 885,1582 912,1582 938,1582 964,1582 991,1582 1017,1582 1044,1582 1070,1582 1096,1582 1123,1581 1149,1581 1176,1581 1202,1581 1228,1582 1255,1582 1281,1582 1308,1583"/>
                <TextEquiv>
                    <Unicode>alsum ergo &amp; antecedens: Falsitas conse¬</Unicode>
                </TextEquiv>
            </TextLine>
            <TextLine id="r3l93" custom="readingOrder {index:41;}">
                <Coords points="772,1628 1320,1622 1320,1596 1242,1589 772,1588"/>
                <Baseline points="777,1616 803,1617 830,1617 857,1617 884,1617 911,1617 938,1617 965,1617 992,1616 1019,1616 1046,1616 1072,1616 1099,1616 1126,1616 1153,1616 1180,1616 1207,1616 1234,1616 1261,1617 1288,1617 1315,1618"/>
                <TextEquiv>
                    <Unicode>quentis est nota: Consequentia probatur, quia</Unicode>
                </TextEquiv>
            </TextLine>
            <TextLine id="r3l95" custom="readingOrder {index:42;}">
                <Coords points="783,1654 1319,1656 1319,1621 814,1631 783,1618"/>
                <Baseline points="788,1649 814,1649 840,1650 866,1650 893,1650 919,1650 945,1650 972,1650 998,1649 1024,1649 1051,1649 1077,1649 1103,1649 1129,1649 1156,1649 1182,1649 1208,1650 1235,1650 1261,1650 1287,1650 1314,1650"/>
                <TextEquiv>
                    <Unicode>secundum eos ) sapientia in Deo non dat es¬</Unicode>
                </TextEquiv>
            </TextLine>
            <TextLine id="r3l97" custom="readingOrder {index:43;}">
                <Coords points="762,1692 1323,1692 1323,1656 762,1660"/>
                <Baseline points="767,1683 794,1683 822,1684 849,1684 877,1684 904,1684 932,1683 959,1683 987,1683 1014,1683 1042,1683 1070,1683 1097,1683 1125,1683 1152,1683 1180,1683 1207,1683 1235,1684 1262,1684 1290,1684 1318,1684"/>
                <TextEquiv>
                    <Unicode>se sapiens, secundum quod est illud idem rea</Unicode>
                </TextEquiv>
            </TextLine>
            <TextLine id="r3l99" custom="readingOrder {index:44;}">
                <Coords points="763,1722 1164,1722 1186,1735 1318,1724 1318,1689 763,1693"/>
                <Baseline points="768,1717 795,1717 822,1718 849,1718 877,1718 904,1718 931,1718 958,1718 986,1717 1013,1717 1040,1717 1067,1717 1095,1717 1122,1717 1149,1717 1176,1717 1204,1718 1231,1718 1258,1718 1285,1718 1313,1718"/>
                <TextEquiv>
                    <Unicode>liter quod iustitia, sed secundum quod ab ea</Unicode>
                </TextEquiv>
            </TextLine>
            <TextLine id="r3l101" custom="readingOrder {index:45;}">
                <Coords points="768,1756 1325,1757 1325,1735 1290,1720 1186,1735 768,1726"/>
                <Baseline points="773,1751 800,1752 827,1752 855,1752 882,1752 909,1752 937,1752 964,1752 991,1752 1019,1752 1046,1752 1073,1752 1101,1752 1128,1751 1155,1751 1183,1751 1210,1751 1237,1751 1265,1751 1292,1752 1320,1752"/>
                <TextEquiv>
                    <Unicode>distingnitur formaliter. Et eodem modo iu¬</Unicode>
                </TextEquiv>
            </TextLine>
            <TextLine id="r3l103" custom="readingOrder {index:46;}">
                <Coords points="765,1793 1317,1797 1325,1757 765,1762"/>
                <Baseline points="770,1786 797,1786 825,1786 852,1786 880,1786 907,1786 935,1786 962,1786 990,1786 1017,1786 1045,1786 1072,1786 1100,1786 1127,1786 1155,1786 1182,1786 1210,1786 1237,1786 1265,1786 1292,1786 1320,1786"/>
                <TextEquiv>
                    <Unicode>stitia non dat esse iustum secundum quod est</Unicode>
                </TextEquiv>
            </TextLine>
            <TextLine id="r3l105" custom="readingOrder {index:47;}">
                <Coords points="775,1826 1325,1830 1325,1794 775,1796"/>
                <Baseline points="780,1819 807,1819 834,1820 861,1820 888,1820 915,1820 942,1820 969,1820 996,1819 1023,1819 1050,1819 1077,1819 1104,1819 1131,1819 1158,1819 1185,1819 1212,1820 1239,1820 1266,1820 1293,1820 1320,1821"/>
                <TextEquiv>
                    <Unicode>dem realiter cum sapientia, sed quatenus est</Unicode>
                </TextEquiv>
            </TextLine>
            <TextLine id="r3l106" custom="readingOrder {index:48;}">
                <Coords points="764,1864 1323,1866 1323,1829 1299,1824 764,1828"/>
                <Baseline points="769,1854 796,1854 823,1854 851,1854 878,1854 906,1853 933,1853 961,1853 988,1853 1016,1853 1043,1853 1070,1853 1098,1853 1125,1854 1153,1854 1180,1854 1208,1854 1235,1854 1263,1854 1290,1854 1318,1854"/>
                <TextEquiv>
                    <Unicode>ab ea distincta formaliter. Relinquitur ergo</Unicode>
                </TextEquiv>
            </TextLine>
            <TextLine id="r3l109" custom="readingOrder {index:49;}">
                <Coords points="766,1894 1317,1905 1309,1862 766,1862"/>
                <Baseline points="771,1889 798,1889 825,1889 852,1889 879,1888 906,1888 933,1888 960,1888 987,1888 1014,1888 1041,1888 1068,1888 1095,1888 1122,1888 1149,1888 1176,1888 1203,1889 1230,1889 1257,1889 1284,1889 1312,1890"/>
                <TextEquiv>
                    <Unicode>Deum esse solum formaliter sapientem, &amp;</Unicode>
                </TextEquiv>
            </TextLine>
            <TextLine id="r3l110" custom="readingOrder {index:50;}">
                <Coords points="766,1938 815,1925 873,1936 964,1925 1004,1934 1114,1929 1114,1892 1009,1902 1000,1893 960,1905 890,1892 867,1902 766,1897"/>
                <Baseline points="771,1923 797,1922 823,1922 849,1922 875,1921 901,1921 927,1921 953,1921 979,1922 1005,1922 1031,1922 1057,1922 1083,1922 1109,1921"/>
                <TextEquiv>
                    <Unicode>iustum, non autem realiter.</Unicode>
                </TextEquiv>
            </TextLine>
            <TextLine id="r3l113" custom="readingOrder {index:51;}">
                <Coords points="805,1971 829,1958 1307,1966 1315,1928 805,1935"/>
                <Baseline points="810,1957 835,1957 860,1957 885,1957 910,1957 935,1957 960,1957 985,1957 1010,1957 1035,1957 1060,1956 1085,1956 1110,1956 1135,1956 1160,1956 1185,1956 1210,1956 1235,1956 1260,1956 1285,1956 1310,1956"/>
                <TextEquiv>
                    <Unicode>4 Illa, quae sunt vnum maxima vnitate,</Unicode>
                </TextEquiv>
            </TextLine>
            <TextLine id="r3l115" custom="readingOrder {index:52;}">
                <Coords points="767,1999 1321,1997 1321,1971 1291,1961 813,1972 767,1954"/>
                <Baseline points="772,1989 799,1989 826,1989 853,1989 880,1990 908,1990 935,1989 962,1989 989,1990 1016,1989 1044,1990 1071,1990 1098,1990 1125,1989 1152,1989 1180,1989 1207,1989 1234,1989 1261,1989 1288,1989 1316,1989"/>
                <TextEquiv>
                    <Unicode>non habent aliquam distinctionem ex natu¬</Unicode>
                </TextEquiv>
            </TextLine>
            <TextLine id="r3l117" custom="readingOrder {index:53;}">
                <Coords points="768,2030 865,2043 923,2027 1327,2033 1327,1997 1275,1993 768,1996"/>
                <Baseline points="773,2025 800,2025 827,2025 855,2025 882,2025 910,2025 937,2024 965,2024 992,2024 1020,2024 1047,2024 1074,2024 1102,2024 1129,2024 1157,2024 1184,2024 1212,2024 1239,2024 1267,2024 1294,2024 1322,2024"/>
                <TextEquiv>
                    <Unicode>ra rei, perfectiones atributales in Deo sunt</Unicode>
                </TextEquiv>
            </TextLine>
            <TextLine id="r3l119" custom="readingOrder {index:54;}">
                <Coords points="770,2064 1318,2067 1318,2029 923,2027 866,2043 770,2030"/>
                <Baseline points="775,2059 801,2059 828,2058 855,2058 882,2058 909,2058 936,2058 963,2058 990,2058 1017,2058 1044,2058 1070,2058 1097,2059 1124,2059 1151,2059 1178,2059 1205,2058 1232,2058 1259,2058 1286,2058 1313,2057"/>
                <TextEquiv>
                    <Unicode>huiusmodi, ergo &amp;c. Maior est nota; Minor </Unicode>
                </TextEquiv>
            </TextLine>
            <TextLine id="r3l121" custom="readingOrder {index:55;}">
                <Coords points="776,2104 1265,2095 1301,2113 1325,2104 1325,2066 776,2068"/>
                <Baseline points="781,2092 809,2092 837,2093 866,2093 894,2093 922,2093 951,2093 979,2093 1007,2093 1036,2092 1064,2092 1093,2092 1121,2092 1149,2092 1178,2092 1206,2092 1234,2093 1263,2093 1291,2093 1320,2093"/>
                <TextEquiv>
                    <Unicode>probatur, quia (secundum ponentes hanc opi</Unicode>
                </TextEquiv>
            </TextLine>
            <TextLine id="r3l123" custom="readingOrder {index:56;}">
                <Coords points="773,2146 796,2133 951,2154 1070,2134 1173,2154 1244,2131 1312,2142 1329,2135 1329,2101 773,2105"/>
                <Baseline points="778,2127 805,2128 832,2128 859,2128 887,2128 914,2128 941,2128 969,2128 996,2128 1023,2128 1051,2127 1078,2127 1105,2127 1132,2127 1160,2127 1187,2127 1214,2127 1242,2128 1269,2128 1296,2128 1324,2128"/>
                <TextEquiv>
                    <Unicode>nionem) perfectiones attributales in Deo sunt</Unicode>
                </TextEquiv>
            </TextLine>
            <TextEquiv>
                <Unicode>positonem, ista ergo est opinio cum suis motiuis.
Contra quam opinionem consueuit a plu
ribus diuersimode argui, sed inter omnes ra
tiones, quae adducuntur, solum quinque vi¬
dentur esse alicuius ponderis.
1 Si perfectiones attributales sunt distin
ctae formaliter ex natura rei in Deo, sequitur
quod in eo sint plures res absolutae, conse¬
quens est falsum, ergo, &amp; antecedens; Fal¬
sitas consequentis ab eis conceditur, Conse¬
quentia probatur, quia sicut indistinctio ad
vnitatem, ita distinctio ad diuersitatem, sed 
ita se habet indistinctio ad vnitatem, quod
ea, quae sunt indistincta ex natura rei, sunt
vna res, ergo ita se habebit distinctio ad di¬
uersitatem, quod distincta ex natura rei, erunt
diuersae res.
2 Si esset aliqua distinctio ex natura rei,
quae tamen non poneret diuersas realitates, 
sicut imaginatur ista opinio) sequeretur quod
daretur distinctio media inter distinctionem
realem, &amp; distinctionem secundum rationem,
consequens est falsum, ergo &amp;c. Consequen
tia videtur satis nota, quia cum talis distin¬
ctio sit in re, circumscripta omni operatione
ntellectus, non erit secundum rationem, nec
erit realis, quia non ponit diuersas realitates
in eo in quo est, Falsitas consequentis pro¬
batur, quia distinctio, &amp; indistinctio sunt pas
siones entis, vel saltem se habent ad modum
suae passionis, nulla autem passio excedit suum
subiectum, cum ergo non sit dare medium
inter ens reale, &amp; ens rationis, non erit nec
etiam dare mediam distinctionem inter realem
&amp; rationis.
3 Si propria ratio sapientiae remanet in
Deo formaliter &amp; distincta a propria ratio¬
ne iustitiae, &amp; sic de alijs attributis, sequitur
que Deus non sit realiter iustus, nec realiter sa
piens, sed solum formaliter, consequens est
alsum ergo &amp; antecedens: Falsitas conse¬
quentis est nota: Consequentia probatur, quia
secundum eos ) sapientia in Deo non dat es¬
se sapiens, secundum quod est illud idem rea
liter quod iustitia, sed secundum quod ab ea
distingnitur formaliter. Et eodem modo iu¬
stitia non dat esse iustum secundum quod est
dem realiter cum sapientia, sed quatenus est
ab ea distincta formaliter. Relinquitur ergo
Deum esse solum formaliter sapientem, &amp;
iustum, non autem realiter.
4 Illa, quae sunt vnum maxima vnitate,
non habent aliquam distinctionem ex natu¬
ra rei, perfectiones atributales in Deo sunt
huiusmodi, ergo &amp;c. Maior est nota; Minor 
probatur, quia (secundum ponentes hanc opi
nionem) perfectiones attributales in Deo sunt</Unicode>
            </TextEquiv>
        </TextRegion>
    </Page>
</PcGts>
