1500 2341
202 172 754 230 vt vnum obiectum, non solum realiter, sed
206 215 760 255 etiam formaliter Antecedens conceditur ab
207 249 760 296 eis, Consequentiam probo; nam peto, unde
203 283 757 327 est, quod talis actus sit vnus realiter, & for¬
207 317 756 362 maliter: vel dices hoc ideo esse; quia diuina
214 351 751 393 Essentia, quae est obiectum adaequatum illius,
211 394 757 430 est vna realiter, & formaliter, & tunc habeo
219 422 757 463 propositum, scilicet, quod in ea non sit plura
206 454 764 499 litas talium formalitatum: vel dices, quod
208 487 755 528 hoc ideo est; quia ille actus est infinitus, &
205 521 757 562 illimitatus, non solum realiter, sed etiam for¬
204 557 756 600 maliter, ratione cuius illimitationis sub vna
202 584 757 634 realitate, & formalitate continet realitates, &
203 632 763 667 formalitates infinitorum actuum, & per con
209 658 750 704 sequens tantum potest, quantum si essent in
206 694 754 734 finiti actus; Quapropter dato, quod diuina
209 724 756 769 Essentia se obijciat isti actui sub infinitis for
205 761 758 802 malitatibus; iste tamen actus, qui realiter, &
200 794 752 836 formaliter est infinitus, potest per vnicam ra
206 825 755 866 tionem formalem intendere in omnes forma
202 859 757 910 litates attributorum, quae sunt in essentia; si
205 894 750 940 ergo sic dicatur plane habetur propositum;
210 935 753 969 nam sicut tu ponis quod iste actus ratione
202 964 759 1005 sue illimitationis contineat sub vnica realita
210 999 757 1039 te, & formalitate omnes realitates, & forma
206 1031 764 1072 litates infinitorum actuum absque aliqua di
204 1068 752 1106 stinctione, & per consequens tantum possit
210 1107 759 1146 quantum infiniti actus distincti, si essent, pa¬
205 1134 761 1178 ri ratione debes ponere quod diuina essen¬
203 1166 766 1210 tia, cum sit infinita realiter, & formalite, pos
215 1207 759 1242 it continere sub vna realitate, & formalitate
203 1239 754 1275 omnes realitates, & formalitates attributorum
206 1271 756 1312 sine omni distinctione; & per consequens tam
212 1301 754 1344 tum habeat de perfectione sub eius realita¬
210 1340 759 1379 te, & formalitate, quatum infinitae perfectio
208 1373 756 1417 nes creatae si essent, sub insinitis suis realita¬
206 1404 654 1445 tibus, & formalitatibus continerent
238 1438 757 1482 Nec valet si dicatur, quod ille actus, quo
215 1474 761 1513 Deus intuetur essentiam suam cum omni-
212 1502 761 1547 bus attributis est infinitus realiter tantum, &
214 1541 758 1580 hoc sufficit ad hoc, vt tantum possit, quantum
215 1573 766 1613 infiniti actus si essent: Nam sic dicendo inci¬
215 1605 767 1653 derent in illud quod volunt vitare, quia, quam
210 1650 764 1680 uis huiusmodi actus tantum possit, quantum
209 1675 765 1719 infiniti actus creati sub vna, & eadem reali¬
213 1707 765 1752 tate, non tamen tantum potest sub vna, &
218 1742 765 1780 eade formalitate, & sic non esset vnus actus
211 1776 763 1818 formaliter, quamuis sit vnus actus realiter,
215 1811 567 1859 quod ipsi intendunt vitare.
252 1844 766 1893 Quarto, si attributa manerent in Deo di¬
215 1879 761 1917 stincta secundum proprias rationes forma¬
223 1910 768 1954 les, sequeretur, quod darentur ibi diuersa es¬
214 1952 764 1989 se formaliter, consequens est falsum, ergo &
218 1981 768 2020 antecedens : Consequentia patet, & probo
215 2015 764 2057 Falsitatem consequentis, quia vel esse diui¬
215 2044 769 2092 num includit in suo intellectu formali & quid
216 2083 767 2138 ditatiuo esse cuiuslibet attributi, vel non, si
784 176 1346 224 includit, habeo propositum, si non includit;
791 217 1345 250 ergo per intellectum poterit abstrahi ab es¬
793 250 1340 287 sentia esse cuiuslibet attributi, hoc autem est
791 283 1342 327 salsum, & contra D. Dionysiums de diuinis
791 324 1347 360 nominibus, vbi dicit, quod Deus ita se totum
786 358 1338 397 praeaccepit esse, quod etiam praeaccepit cum
784 384 1340 423 esse diuino esse omnium attributorum, vnde
791 418 1336 458 si definiretur esse diuinum, esse omnium at¬
791 453 1339 502 tributorum caderet in sua definitione ergo
791 486 1343 532 non potest abstrahi secundum suam forma¬
788 520 1339 562 lem rationem ab esse attributi, facio namque
792 552 1337 601 vim in eo quod dicit D. Dionysius, praeacce¬
792 588 1339 633 pit, & non dicit absolute accepit, quia vbi est
790 626 1337 671 absoluta acceptio, ibi est possibilis aliqua se¬
795 660 1333 699 paratio, vel abstractio, sed vbi est preacceptio
783 690 1337 732 ibi est impossibilis abstractio, quia praeaccipe
786 732 1339 766 re idem est, quod in accipiendo praeuenire;
784 760 1337 796 oportet autem quod praeuentio intelligatur
783 794 1341 835 ante intellectum alicuius abstractionis, vel se¬
796 832 1340 866 parationis Concludo ergo quod in Deo non
785 864 1340 903 sunt plura esse formaliter distincta, sed vnum
793 894 1341 933 tantum esse formale diuinae essentiae, & om
784 926 1346 973 nium attributorum, & sic attributa non sunt
785 962 1343 1005 ibi distincta formaliter; & ista est intentio Po
795 998 1342 1035 Aug. 12. de Trinit cap 4 vbi dicit, quod in
795 1030 1339 1075 Deo idem est iustum esse, quod bonum esse,
788 1065 1340 1109 & idem bonum esse, quod iustum esse, & ali¬
797 1098 1237 1137 bi in Deo idem est sapere quod esse¬
831 1133 1332 1176 NVNCtertio. Ad rationes praefatae opi
790 1165 1039 1211 nionis respondetur.
830 1196 1346 1244 Ad primam, concedo totum scilicet, quod
788 1235 1338 1280 in Deo est ponendum quicquid dicit perfe¬
789 1271 1332 1313 ctionem simpliciter, & quod attributa secun
798 1303 1345 1341 dum formales rationes dicant perfectionem
791 1337 1343 1389 simpliciter, cum vero additur, quod ibi reser
790 1372 1341 1414 uantur distincta secundum formales ratio¬
792 1402 1345 1451 nes ex natura rei; dico quod de ipsis possu¬
791 1440 1343 1484 mus loqui dupliciter, vno modo prout sunt
795 1474 1343 1518 in creaturis limitata ad genus, & ad speciem,
796 1507 1349 1542 alio modo, prout sunt in Deo omnino illimi
794 1542 1345 1581 tata, si loquamur de attributis primo modo,
794 1580 1343 1615 dico quod secundum suas formales rationes
790 1609 1345 1652 sunt distincta ex natura rei, non solum for¬
793 1643 1346 1686 maliter, sed etiam realiter, si vero loquamur
798 1676 1345 1713 de eis secundo modo, sic dico quod ratione
799 1710 1347 1750 suae illimitationis, sicut sunt idem realiter,
796 1745 1346 1781 ita etiam sunt idem formaliter, vnde videtur
794 1776 1347 1819 quod ista ratio peccet per fallaciam conse¬
802 1810 1351 1858 sequentis, quia procedit a pluribus causis ve
799 1845 1109 1891 ritatis ad vnam tantum,
831 1880 1351 1920 Ad confirmationem, cum dicitur, quod si
799 1914 1347 1951 attributum non esset in Deo secundum suam
794 1950 1348 1988 rationem formalem, non esset ibi nisi secun¬
802 1981 1351 2029 dum esse cognitum, concedo, quamuis posset
797 2017 1348 2053 negari, hoc enim concesso adhuc non ha¬
800 2048 1357 2094 betur propositum, non enim oportet, quod
800 2085 1349 2139 si quodlibet est in Deo secundum suam ratio
