1500 2401
129 164 697 229 nem formalem, quod sit ibi formaliter distin
131 220 695 262 ctum ab alijs attributis: nam videmus (secun
135 258 697 296 dum eos ) quod omne attributum est in
132 294 696 340 Deo secundum suam realitatem, & tamen
130 325 694 374 propter hoc non est realiter distinctum ab
134 362 324 409 alijs attributis.
172 397 694 438 Propter quod videtur in isto processu es¬
132 429 694 472 se fallacia accidentis, accidit enim attribu¬
134 467 694 508 to prout est in aliquo, quod sit formaliter di
134 501 692 542 stinctum ab alio attributo, quia, nec distin¬
138 537 697 584 ctio realis, nec distinctio formalis facit per se
134 569 705 618 ad suam formalem, & realem inexistentiam.
140 606 699 654 Nam pari ratione posset argui, hoc attribu¬
134 640 700 688 tum est realiter in Deo, ergo est realiter di¬
137 677 706 720 stinctum ab alijs: Et sic confirmatio non est
135 709 705 756 ad propositum propter eandem rationem, si¬
135 746 702 791 cut nec etiam ratio, quia non nego quod non
139 782 703 823 sint vere, & realiter, & formaliter in Deo,
140 814 698 863 sed dico, quod sicut ex hoc quod sunt ibi rea
139 849 704 894 liter, non sequitur quod sint realiter distin¬
143 881 704 928 cta, ita etiam ex hec quod sunt ibi formali¬
136 923 704 959 ter, non sequitur quod sint ibi formaliter di¬
141 956 702 1000 stincta. Sicut exempli gratia, hic homo vere
146 990 704 1027 tealiter, & formalitet est homo, & vnus ho¬
141 1025 706 1069 mo, non tamen propter hoc sequitur, quod ratio
146 1057 708 1097 hominis, & vnius hominis sint distinctae in
147 1092 708 1136 hoc homine re ter, vel formaliter, cum di¬
145 1125 702 1177 cat Arist in primo Elencorum, quod eadem
143 1168 616 1212 est ratio hominis, & vnius hominis
174 1202 709 1239 Ad secundam nego Consequentiam, non
147 1234 705 1279 enim sequitur: quod nomina, per quae signisi
143 1270 705 1318 cantur attributa, sint svnonima; ad probatio¬
138 1304 706 1340 nem dico quod significant idem secundum
141 1345 706 1385 rem sub diuersis tationibus, quod sufficit ac
143 1377 708 1415 hoc vt non sint svnonima, cum vero vlterius
145 1409 707 1453 quaeritur, an significatum istorum nominum
149 1443 716 1486 sit compositum ex ente rei, & rationis; vel
142 1478 717 1522 sit tantum ens rei, vel rationis; dico quod est
154 1517 716 1555 tantum ens tei, connotat tamen ens rationis
150 1546 709 1598 propter modum significandi, vt exempli gra¬
149 1577 718 1624 tia, hoc nomen sapientia in Deo significat il
142 1618 712 1667 lud idem secundum rem, quod significat iu¬
150 1652 715 1700 stitia, quamuis haec res significata non signi¬
147 1692 709 1734 ficetur eodem modo, scilicet nomine sapien¬
148 1723 714 1769 tiae, & nomine iustitiae, quod prouenit ex alio,
139 1762 714 1799 & alio modo apprehendendi nostri intelle¬
151 1788 719 1834 ctus, modus enim significandi sequitur mo¬
149 1827 716 1875 dum intelligendi, & ideo cum significamus
149 1864 719 1907 diuinam perfectionem per nomen sapientie,
146 1901 717 1936 oportet, vt apprehendamus eam in ordine
145 1933 717 1978 ad sapientiam, ex qua consurgimus ad hoc
146 1973 722 2013 attribuendum Deo, cum vero significamus
149 2009 715 2049 eandem nomine iustitiae, oportet, vt appre¬
149 2034 716 2078 hendamus eam in ordine ad iustitiam creatam
150 2072 718 2121 quamuis ergo significatum vtriusque nomi¬
150 2115 718 2153 nis sit tantum ens rei, connotat tamen ens ra
136 2140 716 2193 tionis, nam illa res significata vtroque nomi¬
725 172 1293 226 ne se habet per modum rationis, quia conno
724 224 1295 262 tet esse appraehensum in habitudinem ad
727 256 1296 299 aliud, & ad aliud, & sic intelligo, quod signi
724 292 1289 330 ficatum horum nominum sit ens reale, con¬
726 327 1075 366 notans tamen ens rationis.
763 361 1301 401 Ad tertiam distinguo de cognitione intui
732 395 1299 433 tiua, nam vno modo potest aliquis intelle¬
728 431 1303 471 ctus habere cognitionem intuitiuam ex eo
726 466 1300 512 solum, quod intueatur rem actualiter existe¬
733 501 1298 539 tem, alio modo potest habere cognitionem
728 538 1288 576 intuitiuam, quia habet non solum cognitio¬
728 570 1294 617 nem illius actualis existentiae, sed etiam in¬
733 606 1291 653 tellectus eius se extendit ad omnia, quae pos¬
730 646 1296 691 sunt illi rei accidere, vel attribui, hac praemis
730 674 1305 724 sa distinctione, nego Maiorem acceptam se¬
731 715 1307 760 cundo modo; nam si omnia quae cognoscun¬
738 743 1303 785 tur cognitione intuitiua secundo modo es¬
737 781 1307 816 sent entia realia, tunc omnia entia rationis
737 814 1305 860 essent entia realia, quia fundamentum eorum
733 849 1311 899 est reale, & entia rationis semper accidunt,
739 889 1300 928 & attribuuntur alicui enti reali; constat au¬
738 923 1315 959 tem, quod intellectus diuinus perfecte intue
738 959 1306 996 tur omnia entia realia, ergo & eius intuitus
737 989 1302 1035 se extendet etam ad oia entia rationis, quae at¬
741 1022 1315 1067 tribuuntur entibus realibus, & sic Maior est
734 1059 1212 1098 falsa accepta secundo modo.
766 1091 1300 1142 Sed si accipiatur cognitio intuitiua primo
739 1132 1299 1176 modo, sic maior potest concedi, sed tunc Mi¬
737 1166 1311 1204 nor est falsa, non enim distinctio attributorum
742 1199 1311 1237 cognoscitur a diuino intellectu cognitione
743 1235 1304 1283 intuitiua primo mo accepta, ita quod sua cogni¬
743 1272 1305 1307 tio terminetur ad illam distinctionem, tan¬
741 1302 1309 1346 quam ad aliquid actualiter, & realiter exi¬
747 1340 1305 1375 stens in eius essentia, quia tunc bene esset co
744 1373 1306 1420 gnitio intuitiua primo modo, & haberent pro
759 1412 1309 1450 positum, Sed terminatur ad talem distinctio¬
744 1448 1315 1487 nem taque ad aliquid, quod est possibile attribui
749 1480 1305 1514 suae essentiae, de qua habet perfectam cognitionem,
745 1515 1304 1560 Vnde possumus secundum nostrum mo¬
744 1546 1306 1596 dum intelligendi imaginari talem ordinem
742 1583 1312 1621 in cognitione intuitiua diuina, vt primo in¬
749 1619 1311 1657 tellectus diuinus intueatur suam essentiam,
744 1652 1310 1689 secundum actualem existentiam, quam ha¬
747 1687 1316 1737 bet in suppositis, ad quem intuitum sequitur
744 1724 1307 1759 intuitus omnium creaturarum, quae reprae¬
752 1758 1320 1799 sentantur in eius essentia; ad intuitum auten
752 1794 1319 1832 essentiae, & creaturarum sequitur postea in¬
751 1829 1319 1869 tuitus omnium eorum, quae possunt ex crea
752 1863 1312 1911 turis diuinae essentiae atrribui ldeo cogni¬
748 1896 1316 1942 tio huius distinctionis non est intuitiua, nisi
750 1936 1318 1975 pro quanto includit, & supponit intuitiuam
749 1972 1317 2013 cognitionem essentiae, cui ista distinctio at¬
747 2001 1325 2046 tribuitur tanquam fundamento, & ex ea ori
751 2041 1311 2082 tur, nam ex perfecta cognitione essentiae pro
755 2071 1314 2117 uenit, quod intellectus se extendat ad omnia
751 2111 1314 2150 quae sibi possunt attribui, aequiuocatur ergo
751 2143 1317 2193 in ratione de cognitione intuitiua primo, &
