<?xml version="1.0" encoding="UTF-8" standalone="yes"?>
<PcGts xmlns="http://schema.primaresearch.org/PAGE/gts/pagecontent/2013-07-15" xmlns:xsi="http://www.w3.org/2001/XMLSchema-instance" xsi:schemaLocation="http://schema.primaresearch.org/PAGE/gts/pagecontent/2013-07-15 http://schema.primaresearch.org/PAGE/gts/pagecontent/2013-07-15/pagecontent.xsd">
    <Metadata>
        <Creator>prov=University of Rostock/Institute of Mathematics/CITlab|PLANET AI GmbH/Gundram Leifert/gundram.leifert@planet-ai.de:name=cod-P122zz-m2(htr_id=26330)::::v=2.6.6
prov=University of Rostock/Institute of Mathematics/CITlab|PLANET AI GmbH/Tobias Gruening/tobias.gruening@planet-ai.de:name=de.uros.citlab.module.baseline2polygon.B2PSeamMultiOriented:v=2.6.6
prov=University of Rostock/Institute of Mathematics/CITlab|PLANET AI GmbH/Tobias Gruening/tobias.gruening@planet-ai.de:name=/net_tf/LA73_249_0mod360.pb:de.uros.citlab.segmentation.CITlab_LA_ML:v=2.6.6
Transkribus</Creator>
        <Created>2020-02-27T16:44:32.535+01:00</Created>
        <LastChange>2020-09-29T04:00:23.724+02:00</LastChange>
        <TranskribusMetadata docId="330297" pageId="13057775" pageNr="171" tsid="41729967" status="IN_PROGRESS" userId="25065" imgUrl="https://files.transkribus.eu/Get?id=ZYRXSTDYFIXANVMFCWJWWQMW&amp;fileType=view" xmlUrl="https://files.transkribus.eu/Get?id=INKRBAZCONXGBXSRYWCGQBZB" imageId="9248316"/>
    </Metadata>
    <Page imageFilename="170.jpg" imageWidth="1500" imageHeight="2395">
        <ReadingOrder>
            <OrderedGroup id="ro_1601414230756" caption="Regions reading order">
                <RegionRefIndexed index="0" regionRef="TextRegion_1600463645576_32"/>
                <RegionRefIndexed index="1" regionRef="TextRegion_1600463645576_33"/>
            </OrderedGroup>
        </ReadingOrder>
        <TextRegion orientation="0.0" id="TextRegion_1600463645576_32" custom="readingOrder {index:0;}">
            <Coords points="144,90 727,90 745,2212 144,2212"/>
            <TextLine id="r3l4" custom="readingOrder {index:0;}">
                <Coords points="139,224 701,226 701,196 646,179 508,197 409,172 352,192 322,175 262,191 139,179"/>
                <Baseline points="144,215 171,215 199,214 226,214 254,214 282,214 309,214 337,214 364,214 392,214 420,214 447,214 475,215 502,215 530,215 558,215 585,216 613,216 640,216 668,216 696,216"/>
                <TextEquiv>
                    <Unicode>non prouenit ex dispositone rei intellectae,</Unicode>
                </TextEquiv>
            </TextLine>
            <TextLine id="r3l6" custom="readingOrder {index:1;}">
                <Coords points="141,268 683,265 707,261 708,226 141,233"/>
                <Baseline points="146,251 173,250 201,250 229,250 257,249 285,249 312,249 340,250 368,250 396,250 424,250 451,251 479,251 507,251 535,251 563,251 590,251 618,251 646,251 674,250 702,249"/>
                <TextEquiv>
                    <Unicode>quia cum ex se sit vna, &amp; simplex, vnica ap¬</Unicode>
                </TextEquiv>
            </TextLine>
            <TextLine id="r3l9" custom="readingOrder {index:2;}">
                <Coords points="147,290 703,297 703,259 642,254 147,266"/>
                <Baseline points="152,286 179,285 206,285 233,285 261,285 288,285 315,285 343,285 370,285 397,285 425,286 452,286 479,286 506,286 534,286 561,286 588,286 616,286 643,285 670,285 698,285"/>
                <TextEquiv>
                    <Unicode>prehensione perfecte apprehendi potest, alio</Unicode>
                </TextEquiv>
            </TextLine>
            <TextLine id="r3l10" custom="readingOrder {index:3;}">
                <Coords points="142,335 657,333 702,326 702,297 142,305"/>
                <Baseline points="147,319 174,319 202,319 229,319 257,319 284,319 312,320 339,320 367,320 394,320 422,320 449,320 477,320 504,320 532,320 559,320 587,320 614,320 642,319 669,319 697,319"/>
                <TextEquiv>
                    <Unicode>quin si ex natura sua non posset sic intelli¬</Unicode>
                </TextEquiv>
            </TextLine>
            <TextLine id="r3l13" custom="readingOrder {index:4;}">
                <Coords points="145,373 676,367 709,358 709,329 145,337"/>
                <Baseline points="150,356 177,356 205,355 233,355 260,355 288,355 316,355 343,355 371,355 399,356 427,356 454,356 482,356 510,355 537,355 565,355 593,355 620,355 648,354 676,354 704,354"/>
                <TextEquiv>
                    <Unicode>gi, tunc etiam intellectus Angelicus, &amp; Di¬</Unicode>
                </TextEquiv>
            </TextLine>
            <TextLine id="r3l14" custom="readingOrder {index:5;}">
                <Coords points="145,403 612,407 702,394 702,367 145,374"/>
                <Baseline points="150,392 177,391 204,390 232,390 259,390 286,390 314,390 341,389 368,389 396,390 423,390 450,390 478,390 505,390 532,390 560,390 587,390 614,390 642,390 669,389 697,389"/>
                <TextEquiv>
                    <Unicode>uinus procederet hoc modo in cognitionem</Unicode>
                </TextEquiv>
            </TextLine>
            <TextLine id="r3l17" custom="readingOrder {index:6;}">
                <Coords points="141,440 707,433 691,394 141,399"/>
                <Baseline points="146,426 173,425 201,425 229,425 257,425 285,424 312,424 340,424 368,424 396,424 424,424 451,424 479,424 507,424 535,424 563,424 590,424 618,424 646,424 674,423 702,423"/>
                <TextEquiv>
                    <Unicode>ipsius, quod est absurdum: Cogimur ergo di¬</Unicode>
                </TextEquiv>
            </TextLine>
            <TextLine id="r3l18" custom="readingOrder {index:7;}">
                <Coords points="143,469 709,468 709,433 403,442 298,428 143,445"/>
                <Baseline points="148,462 175,461 203,461 231,460 259,460 287,459 314,459 342,459 370,459 398,459 426,460 453,460 481,460 509,460 537,460 565,460 592,460 620,459 648,459 676,458 704,458"/>
                <TextEquiv>
                    <Unicode>cere hoc prouenire ex modo nostro intelli¬</Unicode>
                </TextEquiv>
            </TextLine>
            <TextLine id="r3l21" custom="readingOrder {index:8;}">
                <Coords points="144,512 650,510 704,501 704,465 144,469"/>
                <Baseline points="149,494 176,494 204,494 231,494 259,495 286,495 314,495 341,495 369,495 396,495 424,494 451,494 479,494 506,494 534,494 561,494 589,494 616,494 644,494 671,494 699,494"/>
                <TextEquiv>
                    <Unicode>gendi imperfecto, &amp; diminuto propter poten¬</Unicode>
                </TextEquiv>
            </TextLine>
            <TextLine id="r3l23" custom="readingOrder {index:9;}">
                <Coords points="147,538 668,546 705,535 705,502 147,514"/>
                <Baseline points="152,531 179,530 206,530 234,529 261,529 289,529 316,529 343,529 371,529 398,529 426,529 453,529 480,529 508,529 535,529 563,529 590,529 617,529 645,529 672,528 700,528"/>
                <TextEquiv>
                    <Unicode>tialitatem intellectus, qui est potentia cogno</Unicode>
                </TextEquiv>
            </TextLine>
            <TextLine id="r3l25" custom="readingOrder {index:10;}">
                <Coords points="147,573 712,571 711,539 694,535 146,539"/>
                <Baseline points="151,565 178,566 206,566 234,566 262,566 289,566 317,565 345,565 373,565 400,565 428,564 456,564 484,564 511,564 539,563 567,563 595,563 622,563 650,563 678,564 706,564"/>
                <TextEquiv>
                    <Unicode>scens, vt patet 3. de anima, vnde non potest</Unicode>
                </TextEquiv>
            </TextLine>
            <TextLine id="r3l27" custom="readingOrder {index:11;}">
                <Coords points="143,608 713,606 713,579 691,568 143,576"/>
                <Baseline points="148,599 176,599 204,599 232,599 260,599 288,599 316,599 344,599 372,599 400,599 428,599 456,599 484,599 512,599 540,599 568,599 596,598 624,598 652,597 680,597 708,596"/>
                <TextEquiv>
                    <Unicode>immediate ad perfectam cognitionem quid¬</Unicode>
                </TextEquiv>
            </TextLine>
            <TextLine id="r3l28" custom="readingOrder {index:12;}">
                <Coords points="145,642 620,648 710,637 710,604 145,612"/>
                <Baseline points="150,635 177,635 205,634 233,634 261,634 288,634 316,634 344,634 372,634 399,634 427,634 455,634 483,634 510,633 538,633 566,633 594,633 621,632 649,632 677,632 705,631"/>
                <TextEquiv>
                    <Unicode>ditatis rei peruenire, sed oportet quod va¬</Unicode>
                </TextEquiv>
            </TextLine>
            <TextLine id="r3l30" custom="readingOrder {index:13;}">
                <Coords points="147,675 281,688 715,676 705,637 277,652 147,640"/>
                <Baseline points="152,669 179,669 207,669 235,669 263,669 291,669 319,669 347,669 375,669 403,669 431,669 458,669 486,668 514,668 542,668 570,668 598,668 626,667 654,667 682,667 710,667"/>
                <TextEquiv>
                    <Unicode>dat de imperfecto ad perfectum, procedendo</Unicode>
                </TextEquiv>
            </TextLine>
            <TextLine id="r3l32" custom="readingOrder {index:14;}">
                <Coords points="144,722 333,708 659,720 708,711 708,675 144,687"/>
                <Baseline points="149,703 176,703 204,703 232,703 259,703 287,703 315,703 342,703 370,703 398,703 426,703 453,703 481,703 509,703 536,703 564,703 592,703 619,702 647,702 675,702 703,702"/>
                <TextEquiv>
                    <Unicode>per diuersos gradus cognitionis donec per¬</Unicode>
                </TextEquiv>
            </TextLine>
            <TextLine id="r3l34" custom="readingOrder {index:15;}">
                <Coords points="149,745 166,752 258,745 273,757 307,747 327,754 414,744 423,742 423,712 385,719 373,709 333,709 320,720 296,720 265,709 149,721"/>
                <Baseline points="154,738 180,738 206,738 233,738 259,738 286,738 312,738 338,738 365,737 391,737 418,737"/>
                <TextEquiv>
                    <Unicode>ueniat ad perfectum</Unicode>
                </TextEquiv>
            </TextLine>
            <TextLine id="r3l37" custom="readingOrder {index:16;}">
                <Coords points="186,787 672,785 709,779 709,743 186,746"/>
                <Baseline points="191,773 216,774 242,774 267,774 293,774 319,773 344,773 370,773 396,773 421,772 447,772 473,772 498,772 524,771 550,771 575,771 601,771 627,771 652,771 678,772 704,772"/>
                <TextEquiv>
                    <Unicode>Omnes autem isti gradus cognitionis, &amp; </Unicode>
                </TextEquiv>
            </TextLine>
            <TextLine id="r3l38" custom="readingOrder {index:17;}">
                <Coords points="147,816 717,818 717,784 687,778 147,783"/>
                <Baseline points="152,808 180,808 208,807 236,807 264,807 292,807 320,807 348,807 376,807 404,807 432,807 460,807 488,807 516,807 544,807 572,807 600,807 628,807 656,806 684,806 712,806"/>
                <TextEquiv>
                    <Unicode>diuersi conceptus quamuis sumantur a sim</Unicode>
                </TextEquiv>
            </TextLine>
            <TextLine id="r3l41" custom="readingOrder {index:18;}">
                <Coords points="143,861 314,847 625,859 713,849 713,818 143,820"/>
                <Baseline points="148,842 176,843 204,843 232,843 260,843 288,843 316,843 344,843 372,843 400,842 428,842 456,842 484,842 512,841 540,841 568,841 596,841 624,841 652,841 680,841 708,841"/>
                <TextEquiv>
                    <Unicode>plici quidditate rei cognoscendae, semper ta¬</Unicode>
                </TextEquiv>
            </TextLine>
            <TextLine id="r3l42" custom="readingOrder {index:19;}">
                <Coords points="146,884 664,888 713,884 713,856 146,862"/>
                <Baseline points="151,877 178,877 206,878 234,878 262,878 290,878 318,878 345,878 373,877 401,877 429,877 457,877 485,877 513,877 540,876 568,876 596,876 624,875 652,875 680,875 708,874"/>
                <TextEquiv>
                    <Unicode>men illa concipitur in habitudine ad di¬¬</Unicode>
                </TextEquiv>
            </TextLine>
            <TextLine id="r3l44" custom="readingOrder {index:20;}">
                <Coords points="144,917 680,926 704,918 704,881 144,893"/>
                <Baseline points="149,911 176,911 204,912 231,912 259,912 286,912 314,912 341,912 369,912 396,911 424,911 451,911 479,911 506,911 534,911 561,911 589,911 616,911 644,911 671,911 699,911"/>
                <TextEquiv>
                    <Unicode>uersas alias quidditates, cum quibus ha</Unicode>
                </TextEquiv>
            </TextLine>
            <TextLine id="r3l46" custom="readingOrder {index:21;}">
                <Coords points="144,957 683,959 704,952 704,918 144,921"/>
                <Baseline points="149,947 176,947 204,947 231,947 259,947 286,947 314,947 341,947 369,946 396,946 424,946 451,946 479,946 506,946 534,945 561,945 589,945 616,945 644,945 671,946 699,946"/>
                <TextEquiv>
                    <Unicode>bet conuenientiam, &amp; differentiam, ita</Unicode>
                </TextEquiv>
            </TextLine>
            <TextLine id="r3l48" custom="readingOrder {index:22;}">
                <Coords points="147,995 707,992 719,953 147,957"/>
                <Baseline points="152,983 180,983 208,983 236,983 264,983 292,982 320,982 348,982 376,982 404,982 433,982 461,982 489,981 517,981 545,981 573,981 601,981 629,981 657,981 685,981 714,981"/>
                <TextEquiv>
                    <Unicode>quod, &amp; si res principaliter intellecta sit</Unicode>
                </TextEquiv>
            </TextLine>
            <TextLine id="r3l50" custom="readingOrder {index:23;}">
                <Coords points="146,1023 667,1031 713,1025 713,992 146,996"/>
                <Baseline points="151,1017 178,1017 206,1017 234,1017 262,1017 290,1017 318,1017 345,1016 373,1016 401,1016 429,1016 457,1016 485,1016 513,1015 540,1015 568,1015 596,1015 624,1015 652,1015 680,1015 708,1015"/>
                <TextEquiv>
                    <Unicode>vna, res tamen cointellectae sunt plures, ad</Unicode>
                </TextEquiv>
            </TextLine>
            <TextLine id="r3l52" custom="readingOrder {index:24;}">
                <Coords points="146,1064 707,1059 707,1029 639,1023 374,1023 356,1037 146,1026"/>
                <Baseline points="151,1053 178,1053 206,1052 233,1052 261,1052 288,1052 316,1052 343,1052 371,1052 398,1052 426,1052 454,1052 481,1051 509,1051 536,1051 564,1051 591,1051 619,1051 646,1051 674,1051 702,1051"/>
                <TextEquiv>
                    <Unicode>quas comparata secundum conuenientiam </Unicode>
                </TextEquiv>
            </TextLine>
            <TextLine id="r3l55" custom="readingOrder {index:25;}">
                <Coords points="151,1098 715,1096 715,1067 663,1057 151,1064"/>
                <Baseline points="156,1088 183,1087 211,1087 239,1087 266,1087 294,1087 322,1087 349,1087 377,1086 405,1086 433,1086 460,1086 488,1086 516,1086 543,1086 571,1085 599,1085 626,1085 654,1085 682,1085 710,1085"/>
                <TextEquiv>
                    <Unicode>&amp; differentiam apprehenditur diuersis ap¬</Unicode>
                </TextEquiv>
            </TextLine>
            <TextLine id="r3l56" custom="readingOrder {index:26;}">
                <Coords points="155,1128 710,1132 710,1100 658,1091 595,1105 493,1091 155,1100"/>
                <Baseline points="160,1122 187,1122 214,1121 241,1121 269,1121 296,1121 323,1121 350,1121 378,1121 405,1121 432,1121 459,1121 487,1121 514,1121 541,1121 568,1121 596,1121 623,1120 650,1120 677,1120 705,1119"/>
                <TextEquiv>
                    <Unicode>prehensionibus, &amp; sub diuersis rationibus</Unicode>
                </TextEquiv>
            </TextLine>
            <TextLine id="r3l59" custom="readingOrder {index:27;}">
                <Coords points="149,1168 709,1161 708,1132 690,1127 149,1138"/>
                <Baseline points="154,1158 181,1157 209,1157 236,1157 264,1157 291,1156 319,1156 346,1156 374,1156 401,1156 429,1156 456,1156 484,1156 511,1155 539,1155 566,1155 594,1155 621,1155 649,1155 676,1156 704,1156"/>
                <TextEquiv>
                    <Unicode>1 Sic ergo patet, quod omnis distinctio secun</Unicode>
                </TextEquiv>
            </TextLine>
            <TextLine id="r3l61" custom="readingOrder {index:28;}">
                <Coords points="149,1203 713,1201 721,1165 149,1168"/>
                <Baseline points="154,1192 182,1192 210,1191 238,1191 266,1191 294,1191 322,1191 350,1191 378,1191 406,1191 435,1192 463,1192 491,1192 519,1192 547,1191 575,1191 603,1191 631,1191 659,1190 687,1190 716,1189"/>
                <TextEquiv>
                    <Unicode>dum ationem prouenit, vel ex natura, &amp; di-</Unicode>
                </TextEquiv>
            </TextLine>
            <TextLine id="r3l62" custom="readingOrder {index:29;}">
                <Coords points="148,1238 668,1238 715,1231 715,1200 148,1204"/>
                <Baseline points="153,1227 180,1226 208,1226 236,1226 264,1226 292,1226 320,1226 347,1226 375,1226 403,1226 431,1226 459,1226 487,1226 515,1226 542,1226 570,1226 598,1226 626,1226 654,1225 682,1225 710,1225"/>
                <TextEquiv>
                    <Unicode>spositone rei necessitantis intellectum, vt eam</Unicode>
                </TextEquiv>
            </TextLine>
            <TextLine id="r3l64" custom="readingOrder {index:30;}">
                <Coords points="149,1276 704,1272 712,1231 149,1238"/>
                <Baseline points="154,1262 181,1262 209,1261 236,1261 264,1261 292,1261 319,1261 347,1261 375,1261 402,1261 430,1261 458,1261 485,1261 513,1261 541,1261 568,1261 596,1261 624,1261 651,1260 679,1260 707,1259"/>
                <TextEquiv>
                    <Unicode>apprehendat sub diuersis rationibus, vel ex</Unicode>
                </TextEquiv>
            </TextLine>
            <TextLine id="r3l66" custom="readingOrder {index:31;}">
                <Coords points="151,1309 721,1305 721,1278 649,1266 151,1276"/>
                <Baseline points="156,1296 184,1296 212,1295 240,1295 268,1295 296,1295 324,1295 352,1295 380,1295 408,1295 436,1295 464,1295 492,1295 520,1295 548,1295 576,1295 604,1295 632,1295 660,1295 688,1295 716,1294"/>
                <TextEquiv>
                    <Unicode>nostio modo intelligendi non potentis eam </Unicode>
                </TextEquiv>
            </TextLine>
            <TextLine id="r3l68" custom="readingOrder {index:32;}">
                <Coords points="147,1344 682,1345 720,1337 720,1304 147,1311"/>
                <Baseline points="152,1332 180,1332 208,1331 236,1331 264,1331 292,1331 320,1331 349,1331 377,1331 405,1331 433,1331 461,1331 489,1331 517,1331 546,1331 574,1330 602,1330 630,1330 658,1330 686,1329 715,1329"/>
                <TextEquiv>
                    <Unicode>apprehendere sub vnica ratione, &amp; vtroque</Unicode>
                </TextEquiv>
            </TextLine>
            <TextLine id="r3l71" custom="readingOrder {index:33;}">
                <Coords points="149,1379 696,1380 711,1343 149,1345"/>
                <Baseline points="154,1366 181,1365 209,1365 236,1365 264,1365 292,1365 319,1365 347,1365 374,1365 402,1365 430,1366 457,1366 485,1366 512,1366 540,1366 568,1365 595,1365 623,1365 650,1365 678,1364 706,1364"/>
                <TextEquiv>
                    <Unicode>modo ( vt visum est) distinctio secundum ra¬</Unicode>
                </TextEquiv>
            </TextLine>
            <TextLine id="r3l72" custom="readingOrder {index:34;}">
                <Coords points="152,1414 665,1415 723,1408 723,1371 152,1381"/>
                <Baseline points="157,1400 185,1400 213,1400 241,1400 269,1400 297,1400 325,1400 353,1400 381,1400 409,1400 437,1400 465,1400 493,1400 521,1399 549,1399 577,1399 605,1399 633,1399 661,1399 689,1400 718,1400"/>
                <TextEquiv>
                    <Unicode>tionem supponit aliqua realiter distincta, ad</Unicode>
                </TextEquiv>
            </TextLine>
            <TextLine id="r3l74" custom="readingOrder {index:35;}">
                <Coords points="148,1454 348,1440 707,1451 717,1410 148,1415"/>
                <Baseline points="153,1435 182,1435 211,1435 241,1436 270,1436 300,1436 329,1436 358,1436 388,1436 417,1436 447,1435 476,1435 506,1435 535,1435 564,1435 594,1435 623,1435 653,1435 682,1434 712,1434"/>
                <TextEquiv>
                    <Unicode>quae comparata res illa, quae est fundamentum</Unicode>
                </TextEquiv>
            </TextLine>
            <TextLine id="r3l76" custom="readingOrder {index:36;}">
                <Coords points="150,1483 625,1487 718,1478 718,1447 150,1452"/>
                <Baseline points="155,1470 182,1470 210,1470 238,1470 266,1470 294,1470 322,1470 350,1470 378,1470 406,1470 434,1470 461,1470 489,1469 517,1469 545,1469 573,1469 601,1469 629,1469 657,1469 685,1469 713,1470"/>
                <TextEquiv>
                    <Unicode>distinctionis secundum rationem, apprehen¬</Unicode>
                </TextEquiv>
            </TextLine>
            <TextLine id="r3l78" custom="readingOrder {index:37;}">
                <Coords points="148,1516 724,1515 723,1481 699,1478 147,1482"/>
                <Baseline points="152,1505 180,1505 208,1505 236,1505 265,1505 293,1505 321,1505 350,1505 378,1505 406,1504 435,1504 463,1504 491,1504 519,1503 548,1503 576,1503 604,1503 633,1503 661,1503 689,1504 718,1504"/>
                <TextEquiv>
                    <Unicode>ditur sub diuersis rationibus. Erit ergo haec</Unicode>
                </TextEquiv>
            </TextLine>
            <TextLine id="r3l80" custom="readingOrder {index:38;}">
                <Coords points="156,1564 223,1545 711,1551 717,1510 156,1519"/>
                <Baseline points="161,1539 188,1539 216,1539 243,1539 271,1539 298,1539 326,1539 353,1539 381,1539 408,1539 436,1539 464,1539 491,1539 519,1539 546,1539 574,1539 601,1539 629,1538 656,1538 684,1538 712,1538"/>
                <TextEquiv>
                    <Unicode>probatio vniuersaliter vera. s.quod distinctio</Unicode>
                </TextEquiv>
            </TextLine>
            <TextLine id="r3l83" custom="readingOrder {index:39;}">
                <Coords points="155,1586 641,1589 725,1581 725,1548 223,1545 155,1568"/>
                <Baseline points="160,1576 188,1576 216,1576 244,1575 272,1575 300,1575 328,1575 356,1575 384,1575 412,1575 440,1574 468,1574 496,1574 524,1574 552,1574 580,1573 608,1573 636,1573 664,1573 692,1573 720,1573"/>
                <TextEquiv>
                    <Unicode>secundum rationem supponit distinctionem</Unicode>
                </TextEquiv>
            </TextLine>
            <TextLine id="r3l84" custom="readingOrder {index:40;}">
                <Coords points="155,1622 660,1624 721,1618 721,1583 155,1586"/>
                <Baseline points="160,1610 187,1610 215,1610 243,1609 271,1609 299,1609 326,1609 354,1609 382,1608 410,1608 438,1608 465,1608 493,1608 521,1608 549,1608 577,1608 604,1608 632,1608 660,1608 688,1608 716,1608"/>
                <TextEquiv>
                    <Unicode>realem, distinctio attributorum est secundum</Unicode>
                </TextEquiv>
            </TextLine>
            <TextLine id="r3l86" custom="readingOrder {index:41;}">
                <Coords points="156,1652 677,1657 718,1651 718,1618 156,1623"/>
                <Baseline points="161,1644 188,1644 216,1644 243,1644 271,1644 299,1644 326,1644 354,1643 381,1643 409,1643 437,1643 464,1643 492,1643 519,1643 547,1643 575,1643 602,1643 630,1643 657,1643 685,1643 713,1643"/>
                <TextEquiv>
                    <Unicode>rationem, vt suppositum est ex declaratio in</Unicode>
                </TextEquiv>
            </TextLine>
            <TextLine id="r3l88" custom="readingOrder {index:42;}">
                <Coords points="152,1691 721,1689 721,1655 703,1651 152,1652"/>
                <Baseline points="157,1679 186,1679 215,1679 245,1679 274,1679 304,1679 333,1679 362,1679 392,1679 421,1679 451,1679 480,1679 510,1679 539,1678 568,1678 598,1678 627,1678 657,1678 686,1677 716,1677"/>
                <TextEquiv>
                    <Unicode>hac quaestione, e go necessario supponit di¬</Unicode>
                </TextEquiv>
            </TextLine>
            <TextLine id="r3l91" custom="readingOrder {index:43;}">
                <Coords points="153,1719 715,1720 706,1687 153,1690"/>
                <Baseline points="158,1713 185,1713 213,1713 240,1713 268,1713 296,1713 323,1713 351,1713 378,1714 406,1714 434,1714 461,1714 489,1714 516,1714 544,1714 572,1714 599,1713 627,1713 654,1713 682,1713 710,1713"/>
                <TextEquiv>
                    <Unicode>stinctionem realem aut ab intra, aut ab ex</Unicode>
                </TextEquiv>
            </TextLine>
            <TextLine id="r3l93" custom="readingOrder {index:44;}">
                <Coords points="160,1756 723,1760 723,1720 160,1722"/>
                <Baseline points="165,1750 192,1749 220,1749 247,1748 275,1748 303,1748 330,1748 358,1748 386,1748 413,1748 441,1748 469,1748 496,1748 524,1748 552,1748 579,1748 607,1748 635,1748 662,1748 690,1747 718,1747"/>
                <TextEquiv>
                    <Unicode>tra, non ab intra, quia ibi non datur distinctio</Unicode>
                </TextEquiv>
            </TextLine>
            <TextLine id="r3l94" custom="readingOrder {index:45;}">
                <Coords points="151,1796 724,1790 708,1759 150,1764"/>
                <Baseline points="155,1783 183,1784 211,1784 239,1784 267,1784 295,1784 323,1783 352,1783 380,1783 408,1783 436,1783 464,1783 492,1783 520,1783 549,1782 577,1782 605,1782 633,1782 661,1782 689,1782 718,1782"/>
                <TextEquiv>
                    <Unicode>realis praeter distinctionem personarum, ex</Unicode>
                </TextEquiv>
            </TextLine>
            <TextLine id="r3l96" custom="readingOrder {index:46;}">
                <Coords points="162,1834 369,1821 679,1835 721,1827 721,1799 162,1800"/>
                <Baseline points="167,1819 194,1819 221,1819 249,1819 276,1819 304,1818 331,1818 359,1818 386,1818 414,1818 441,1818 468,1817 496,1817 523,1817 551,1817 578,1817 606,1817 633,1817 661,1817 688,1817 716,1817"/>
                <TextEquiv>
                    <Unicode>qua non posset sumi sufficienter distinctio</Unicode>
                </TextEquiv>
            </TextLine>
            <TextLine id="r3l99" custom="readingOrder {index:47;}">
                <Coords points="152,1865 668,1871 731,1860 731,1828 152,1838"/>
                <Baseline points="157,1853 185,1853 213,1853 242,1853 270,1854 299,1854 327,1854 356,1854 384,1854 413,1854 441,1853 469,1853 498,1853 526,1853 555,1853 583,1853 612,1852 640,1852 669,1852 697,1852 726,1851"/>
                <TextEquiv>
                    <Unicode>omnium attributorum, ergo sequitur quod</Unicode>
                </TextEquiv>
            </TextLine>
            <TextLine id="r3l100" custom="readingOrder {index:48;}">
                <Coords points="159,1898 720,1900 720,1864 692,1860 159,1864"/>
                <Baseline points="164,1888 191,1888 219,1888 246,1888 274,1888 301,1888 329,1888 356,1888 384,1888 411,1888 439,1888 467,1887 494,1887 522,1887 549,1887 577,1887 604,1887 632,1887 659,1887 687,1887 715,1887"/>
                <TextEquiv>
                    <Unicode>supponat distinctionem realem ab extra, &amp;</Unicode>
                </TextEquiv>
            </TextLine>
            <TextLine id="r3l102" custom="readingOrder {index:49;}">
                <Coords points="162,1935 706,1934 706,1901 674,1897 162,1895"/>
                <Baseline points="167,1923 193,1923 220,1923 247,1922 273,1922 300,1922 327,1922 353,1922 380,1922 407,1922 434,1922 460,1922 487,1922 514,1922 540,1922 567,1922 594,1922 620,1922 647,1922 674,1921 701,1921"/>
                <TextEquiv>
                    <Unicode>sic patet primum, quod erat declarandum </Unicode>
                </TextEquiv>
            </TextLine>
            <TextLine id="r3l104" custom="readingOrder {index:50;}">
                <Coords points="195,1967 726,1968 726,1939 708,1931 195,1934"/>
                <Baseline points="200,1958 226,1958 252,1957 278,1957 304,1957 330,1957 356,1957 382,1957 408,1957 434,1957 460,1957 486,1957 512,1957 538,1957 564,1957 590,1957 616,1956 642,1956 668,1956 694,1956 721,1955"/>
                <TextEquiv>
                    <Unicode>Secundo ostendo, quod praefata distinctio</Unicode>
                </TextEquiv>
            </TextLine>
            <TextLine id="r3l107" custom="readingOrder {index:51;}">
                <Coords points="166,2006 728,2002 716,1968 166,1967"/>
                <Baseline points="171,1991 198,1991 226,1992 253,1992 281,1992 309,1992 336,1992 364,1992 391,1992 419,1992 447,1992 474,1992 502,1992 529,1992 557,1992 585,1992 612,1992 640,1992 667,1991 695,1991 723,1991"/>
                <TextEquiv>
                    <Unicode>priatur ex modo intelligendi intellectus crea</Unicode>
                </TextEquiv>
            </TextLine>
            <TextLine id="r3l108" custom="readingOrder {index:52;}">
                <Coords points="166,2041 381,2043 406,2029 470,2045 687,2042 725,2036 725,2000 166,2007"/>
                <Baseline points="171,2028 198,2027 225,2027 253,2027 280,2027 308,2027 335,2027 363,2027 390,2027 418,2027 445,2027 472,2027 500,2027 527,2027 555,2027 582,2027 610,2027 637,2026 665,2026 692,2025 720,2025"/>
                <TextEquiv>
                    <Unicode>ti, &amp; non diuini, &amp; hoc probo dupliciter. Pri</Unicode>
                </TextEquiv>
            </TextLine>
            <TextLine id="r3l110" custom="readingOrder {index:53;}">
                <Coords points="160,2082 303,2067 704,2077 731,2074 731,2041 160,2043"/>
                <Baseline points="165,2062 193,2062 221,2061 249,2061 277,2061 305,2061 333,2061 361,2061 389,2062 417,2062 445,2062 473,2062 501,2062 529,2062 557,2061 585,2061 613,2061 641,2061 669,2061 697,2060 726,2060"/>
                <TextEquiv>
                    <Unicode>mo sic, distinctio attributorum non prouenit</Unicode>
                </TextEquiv>
            </TextLine>
            <TextLine id="r3l113" custom="readingOrder {index:54;}">
                <Coords points="163,2103 731,2101 731,2077 659,2067 586,2081 473,2067 163,2077"/>
                <Baseline points="168,2098 195,2097 223,2097 251,2097 279,2097 307,2096 335,2096 363,2096 391,2096 419,2096 447,2096 474,2096 502,2096 530,2096 558,2096 586,2096 614,2095 642,2095 670,2095 698,2095 726,2095"/>
                <TextEquiv>
                    <Unicode>ex natura ipsorum attributorum necessitan¬</Unicode>
                </TextEquiv>
            </TextLine>
            <TextLine id="r3l114" custom="readingOrder {index:55;}">
                <Coords points="159,2147 352,2133 430,2151 713,2146 734,2135 734,2107 199,2102 159,2117"/>
                <Baseline points="164,2133 192,2132 220,2132 248,2132 277,2132 305,2132 333,2131 361,2131 390,2131 418,2131 446,2131 474,2131 503,2131 531,2131 559,2130 587,2130 616,2130 644,2130 672,2130 700,2129 729,2129"/>
                <TextEquiv>
                    <Unicode>te intellectum ad apprehendendum eam sub</Unicode>
                </TextEquiv>
            </TextLine>
            <TextLine id="r3l116" custom="readingOrder {index:56;}">
                <Coords points="166,2181 730,2181 730,2151 687,2137 166,2148"/>
                <Baseline points="171,2167 198,2167 226,2167 254,2168 281,2168 309,2167 337,2167 364,2167 392,2167 420,2167 448,2167 475,2167 503,2166 531,2166 558,2166 586,2166 614,2166 641,2165 669,2165 697,2165 725,2165"/>
                <TextEquiv>
                    <Unicode>tali distinctione, nec ex modo intelligendi in¬</Unicode>
                </TextEquiv>
            </TextLine>
            <TextEquiv>
                <Unicode>non prouenit ex dispositone rei intellectae,
quia cum ex se sit vna, &amp; simplex, vnica ap¬
prehensione perfecte apprehendi potest, alio
quin si ex natura sua non posset sic intelli¬
gi, tunc etiam intellectus Angelicus, &amp; Di¬
uinus procederet hoc modo in cognitionem
ipsius, quod est absurdum: Cogimur ergo di¬
cere hoc prouenire ex modo nostro intelli¬
gendi imperfecto, &amp; diminuto propter poten¬
tialitatem intellectus, qui est potentia cogno
scens, vt patet 3. de anima, vnde non potest
immediate ad perfectam cognitionem quid¬
ditatis rei peruenire, sed oportet quod va¬
dat de imperfecto ad perfectum, procedendo
per diuersos gradus cognitionis donec per¬
ueniat ad perfectum
Omnes autem isti gradus cognitionis, &amp; 
diuersi conceptus quamuis sumantur a sim
plici quidditate rei cognoscendae, semper ta¬
men illa concipitur in habitudine ad di¬¬
uersas alias quidditates, cum quibus ha
bet conuenientiam, &amp; differentiam, ita
quod, &amp; si res principaliter intellecta sit
vna, res tamen cointellectae sunt plures, ad
quas comparata secundum conuenientiam 
&amp; differentiam apprehenditur diuersis ap¬
prehensionibus, &amp; sub diuersis rationibus
1 Sic ergo patet, quod omnis distinctio secun
dum ationem prouenit, vel ex natura, &amp; di-
spositone rei necessitantis intellectum, vt eam
apprehendat sub diuersis rationibus, vel ex
nostio modo intelligendi non potentis eam 
apprehendere sub vnica ratione, &amp; vtroque
modo ( vt visum est) distinctio secundum ra¬
tionem supponit aliqua realiter distincta, ad
quae comparata res illa, quae est fundamentum
distinctionis secundum rationem, apprehen¬
ditur sub diuersis rationibus. Erit ergo haec
probatio vniuersaliter vera. s.quod distinctio
secundum rationem supponit distinctionem
realem, distinctio attributorum est secundum
rationem, vt suppositum est ex declaratio in
hac quaestione, e go necessario supponit di¬
stinctionem realem aut ab intra, aut ab ex
tra, non ab intra, quia ibi non datur distinctio
realis praeter distinctionem personarum, ex
qua non posset sumi sufficienter distinctio
omnium attributorum, ergo sequitur quod
supponat distinctionem realem ab extra, &amp;
sic patet primum, quod erat declarandum 
Secundo ostendo, quod praefata distinctio
priatur ex modo intelligendi intellectus crea
ti, &amp; non diuini, &amp; hoc probo dupliciter. Pri
mo sic, distinctio attributorum non prouenit
ex natura ipsorum attributorum necessitan¬
te intellectum ad apprehendendum eam sub
tali distinctione, nec ex modo intelligendi in¬</Unicode>
            </TextEquiv>
        </TextRegion>
        <TextRegion orientation="0.0" id="TextRegion_1600463645576_33" custom="readingOrder {index:1;}">
            <Coords points="727,90 1328,90 1328,2212 745,2212"/>
            <TextLine id="r3l5" custom="readingOrder {index:0;}">
                <Coords points="735,227 1046,234 1176,218 1219,235 1305,224 1305,182 735,185"/>
                <Baseline points="740,216 768,215 796,215 824,215 852,215 880,215 908,215 936,215 964,215 992,215 1020,215 1048,215 1076,216 1104,216 1132,216 1160,216 1188,216 1216,216 1244,216 1272,216 1300,215"/>
                <TextEquiv>
                    <Unicode>tellectus diuini, ergo sequitur, quod proue¬</Unicode>
                </TextEquiv>
            </TextLine>
            <TextLine id="r3l7" custom="readingOrder {index:1;}">
                <Coords points="736,258 1286,263 1301,224 736,226"/>
                <Baseline points="741,250 768,250 796,250 824,250 852,250 879,250 907,251 935,251 963,251 990,251 1018,251 1046,251 1074,251 1101,252 1129,252 1157,252 1185,252 1212,252 1240,252 1268,251 1296,251"/>
                <TextEquiv>
                    <Unicode>niat ex modo intelligendi intellectus creati</Unicode>
                </TextEquiv>
            </TextLine>
            <TextLine id="r3l8" custom="readingOrder {index:2;}">
                <Coords points="738,292 1289,297 1299,257 738,260"/>
                <Baseline points="743,286 770,286 798,285 825,285 853,285 880,285 908,285 935,285 963,285 990,285 1018,286 1045,286 1073,286 1100,286 1128,286 1155,286 1183,286 1210,286 1238,286 1265,286 1293,286"/>
                <TextEquiv>
                    <Unicode>Antecedens probatur, quia si proueniret ex</Unicode>
                </TextEquiv>
            </TextLine>
            <TextLine id="r3l11" custom="readingOrder {index:3;}">
                <Coords points="736,331 1307,328 1307,293 736,291"/>
                <Baseline points="741,319 769,319 797,320 825,320 853,320 881,320 909,320 937,320 965,320 993,320 1021,320 1049,320 1077,320 1105,320 1133,320 1161,320 1189,320 1217,320 1245,320 1273,320 1302,321"/>
                <TextEquiv>
                    <Unicode>natura attributorum, sequeretur, quod intel</Unicode>
                </TextEquiv>
            </TextLine>
            <TextLine id="r3l12" custom="readingOrder {index:4;}">
                <Coords points="736,365 1305,361 1296,326 1074,325 1045,339 736,324"/>
                <Baseline points="741,354 770,354 799,354 829,354 858,354 888,354 917,355 946,355 976,355 1005,355 1035,355 1064,355 1094,355 1123,355 1152,355 1182,356 1211,356 1241,356 1270,355 1300,355"/>
                <TextEquiv>
                    <Unicode>lectus diuinus non perfecte cognosceret suam</Unicode>
                </TextEquiv>
            </TextLine>
            <TextLine id="r3l15" custom="readingOrder {index:5;}">
                <Coords points="748,395 1306,399 1306,363 1292,362 748,364"/>
                <Baseline points="753,390 780,390 807,390 835,389 862,389 890,389 917,389 944,389 972,389 999,389 1027,389 1054,389 1081,389 1109,389 1136,389 1164,390 1191,390 1218,390 1246,390 1273,390 1301,390"/>
                <TextEquiv>
                    <Unicode>perfectionem importatam per attributa, nisi</Unicode>
                </TextEquiv>
            </TextLine>
            <TextLine id="r3l16" custom="readingOrder {index:6;}">
                <Coords points="747,431 1292,435 1305,400 748,396"/>
                <Baseline points="752,423 779,423 806,423 834,424 861,424 888,424 916,424 943,424 970,424 998,424 1025,424 1052,424 1080,424 1107,424 1134,424 1162,424 1189,424 1216,424 1244,424 1271,424 1299,424"/>
                <TextEquiv>
                    <Unicode>in habitudine ad diuersas perfectiones crea¬</Unicode>
                </TextEquiv>
            </TextLine>
            <TextLine id="r3l19" custom="readingOrder {index:7;}">
                <Coords points="736,465 1277,468 1304,466 1304,433 736,435"/>
                <Baseline points="741,459 768,459 796,459 824,459 852,459 880,459 908,459 936,459 964,459 992,459 1020,459 1047,459 1075,459 1103,459 1131,459 1159,459 1187,459 1215,459 1243,459 1271,459 1299,459"/>
                <TextEquiv>
                    <Unicode>tas; consequens est falsum ergo, &amp; antecedens:</Unicode>
                </TextEquiv>
            </TextLine>
            <TextLine id="r3l20" custom="readingOrder {index:8;}">
                <Coords points="740,504 1313,507 1313,475 1293,464 740,468"/>
                <Baseline points="745,493 773,493 801,493 829,494 857,494 885,494 913,494 942,494 970,494 998,493 1026,493 1054,493 1082,493 1110,493 1139,493 1167,493 1195,493 1223,494 1251,494 1279,494 1308,495"/>
                <TextEquiv>
                    <Unicode>Falsitas patet, quia diuina perfectio cum sit</Unicode>
                </TextEquiv>
            </TextLine>
            <TextLine id="r3l22" custom="readingOrder {index:9;}">
                <Coords points="744,534 950,535 964,549 994,535 1308,537 1297,502 744,503"/>
                <Baseline points="749,528 776,528 804,528 832,529 859,529 887,529 915,529 942,528 970,528 998,528 1026,528 1053,528 1081,528 1109,527 1136,527 1164,527 1192,528 1219,528 1247,528 1275,529 1303,529"/>
                <TextEquiv>
                    <Unicode>absoluta, &amp; independens non coexigit crea¬</Unicode>
                </TextEquiv>
            </TextLine>
            <TextLine id="r3l24" custom="readingOrder {index:10;}">
                <Coords points="744,570 1086,581 1242,567 1268,585 1314,571 1314,546 1270,533 966,548 744,534"/>
                <Baseline points="749,564 777,564 805,563 833,563 861,563 889,563 917,563 945,563 973,563 1001,563 1029,563 1057,563 1085,563 1113,563 1141,564 1169,564 1197,564 1225,564 1253,564 1281,564 1309,564"/>
                <TextEquiv>
                    <Unicode>turam ad sui perfectam cognitionem, sed per</Unicode>
                </TextEquiv>
            </TextLine>
            <TextLine id="r3l26" custom="readingOrder {index:11;}">
                <Coords points="740,606 1314,611 1314,575 1262,584 1242,567 1081,581 740,570"/>
                <Baseline points="745,598 773,598 801,598 829,598 857,598 886,598 914,598 942,598 970,598 998,598 1027,598 1055,598 1083,598 1111,598 1139,598 1168,598 1196,598 1224,598 1252,598 1280,598 1309,598"/>
                <TextEquiv>
                    <Unicode>diuinum intelligere fertur super propriam</Unicode>
                </TextEquiv>
            </TextLine>
            <TextLine id="r3l29" custom="readingOrder {index:12;}">
                <Coords points="743,653 798,639 1310,643 1310,607 1293,604 1184,618 1164,605 744,608"/>
                <Baseline points="749,633 776,633 804,633 832,633 860,633 888,633 915,633 943,633 971,633 999,633 1027,633 1054,633 1082,633 1110,633 1138,633 1166,633 1193,633 1221,633 1249,633 1277,634 1305,634"/>
                <TextEquiv>
                    <Unicode>perfectionem absolutam, vt absoluta est, &amp;</Unicode>
                </TextEquiv>
            </TextLine>
            <TextLine id="r3l31" custom="readingOrder {index:13;}">
                <Coords points="743,674 1267,685 1311,675 1311,646 797,639 743,652"/>
                <Baseline points="748,667 775,668 803,668 831,668 859,668 887,668 915,668 943,668 971,668 999,668 1027,668 1054,668 1082,668 1110,668 1138,668 1166,668 1194,668 1222,668 1250,668 1278,669 1306,669"/>
                <TextEquiv>
                    <Unicode>ita sine omni habitudine ad creaturam pont</Unicode>
                </TextEquiv>
            </TextLine>
            <TextLine id="r3l33" custom="readingOrder {index:14;}">
                <Coords points="741,711 1317,716 1310,679 741,678"/>
                <Baseline points="746,701 774,702 802,702 830,703 859,703 887,703 915,703 944,703 972,703 1000,703 1029,703 1057,702 1085,702 1113,702 1142,702 1170,702 1198,702 1227,703 1255,703 1283,703 1312,704"/>
                <TextEquiv>
                    <Unicode>cognoscere suam: intrinsecam perfectionem,</Unicode>
                </TextEquiv>
            </TextLine>
            <TextLine id="r3l35" custom="readingOrder {index:15;}">
                <Coords points="742,744 1310,747 1310,714 1291,710 742,711"/>
                <Baseline points="747,737 774,737 802,737 830,737 858,737 886,737 914,737 942,738 970,738 998,738 1026,738 1053,738 1081,738 1109,738 1137,738 1165,738 1193,737 1221,737 1249,737 1277,737 1305,736"/>
                <TextEquiv>
                    <Unicode>non sic autem est de ldeis, quae includunt</Unicode>
                </TextEquiv>
            </TextLine>
            <TextLine id="r3l36" custom="readingOrder {index:16;}">
                <Coords points="742,782 1251,779 1313,794 1313,747 1264,742 742,744"/>
                <Baseline points="747,771 775,771 803,772 831,772 859,773 887,773 915,773 943,773 971,774 999,774 1027,774 1055,774 1083,774 1111,774 1139,773 1167,773 1195,773 1223,773 1251,773 1279,772 1308,772"/>
                <TextEquiv>
                    <Unicode>necessariam habitudinem ad ldeata, vt supe</Unicode>
                </TextEquiv>
            </TextLine>
            <TextLine id="r3l39" custom="readingOrder {index:17;}">
                <Coords points="746,821 808,812 820,819 953,815 953,786 932,778 912,786 900,778 870,779 852,788 839,779 812,778 796,787 773,780 746,783"/>
                <Baseline points="751,806 779,806 807,807 835,807 863,807 891,808 919,808 948,807"/>
                <TextEquiv>
                    <Unicode>rius dictum est.</Unicode>
                </TextEquiv>
            </TextLine>
            <TextLine id="r3l40" custom="readingOrder {index:18;}">
                <Coords points="779,855 1314,849 1314,817 1289,811 779,816"/>
                <Baseline points="784,841 810,842 836,842 862,843 889,843 915,843 941,843 967,843 994,843 1020,843 1046,843 1072,843 1099,843 1125,843 1151,843 1177,842 1204,842 1230,842 1256,842 1282,842 1309,842"/>
                <TextEquiv>
                    <Unicode>Nec potest dici quod talis distinctio pro¬</Unicode>
                </TextEquiv>
            </TextLine>
            <TextLine id="r3l43" custom="readingOrder {index:19;}">
                <Coords points="748,884 1310,887 1310,854 1287,847 1266,861 1042,845 748,854"/>
                <Baseline points="753,876 780,877 808,877 835,877 863,877 891,878 918,878 946,878 973,878 1001,878 1029,878 1056,878 1084,878 1111,877 1139,877 1167,877 1194,877 1222,877 1249,877 1277,878 1305,878"/>
                <TextEquiv>
                    <Unicode>ueniat ex modo intelligendi intellectus diui</Unicode>
                </TextEquiv>
            </TextLine>
            <TextLine id="r3l45" custom="readingOrder {index:20;}">
                <Coords points="742,921 1313,921 1313,895 1262,880 1201,896 1116,879 1049,895 742,884"/>
                <Baseline points="747,911 775,912 803,912 831,912 859,912 887,912 915,912 943,912 971,912 999,912 1027,912 1055,912 1083,912 1111,912 1139,912 1167,912 1195,912 1223,912 1251,912 1279,912 1308,912"/>
                <TextEquiv>
                    <Unicode>ni, quia quod aliquis intellectus apprehen¬</Unicode>
                </TextEquiv>
            </TextLine>
            <TextLine id="r3l47" custom="readingOrder {index:21;}">
                <Coords points="750,960 1212,961 1309,952 1309,920 1196,934 1139,917 750,923"/>
                <Baseline points="755,947 782,947 809,947 837,947 864,947 892,947 919,947 947,947 974,947 1002,947 1029,947 1056,947 1084,947 1111,947 1139,947 1166,947 1194,947 1221,947 1249,947 1276,947 1304,947"/>
                <TextEquiv>
                    <Unicode>dat rem diuersis apprehensionibus, &amp; sub d</Unicode>
                </TextEquiv>
            </TextLine>
            <TextLine id="r3l49" custom="readingOrder {index:22;}">
                <Coords points="748,995 1194,986 1310,1000 1310,965 1278,952 748,960"/>
                <Baseline points="753,983 780,983 808,983 835,983 863,983 891,983 918,983 946,982 973,982 1001,982 1029,982 1056,982 1084,982 1111,982 1139,982 1167,982 1194,982 1222,982 1249,982 1277,982 1305,983"/>
                <TextEquiv>
                    <Unicode>uersis rationibus, dummodo possit appreher</Unicode>
                </TextEquiv>
            </TextLine>
            <TextLine id="r3l51" custom="readingOrder {index:23;}">
                <Coords points="754,1024 1317,1032 1317,1000 1266,990 754,990"/>
                <Baseline points="759,1017 786,1017 814,1017 841,1017 869,1017 897,1017 924,1017 952,1017 980,1017 1007,1017 1035,1017 1063,1017 1090,1017 1118,1017 1146,1017 1173,1017 1201,1017 1229,1017 1256,1017 1284,1016 1312,1016"/>
                <TextEquiv>
                    <Unicode>di perfecte sub vnica ratione, hoc arguit im¬</Unicode>
                </TextEquiv>
            </TextLine>
            <TextLine id="r3l53" custom="readingOrder {index:24;}">
                <Coords points="755,1060 1317,1061 1317,1032 1247,1022 755,1030"/>
                <Baseline points="760,1052 787,1052 815,1052 842,1052 870,1052 898,1052 925,1053 953,1053 980,1053 1008,1053 1036,1053 1063,1053 1091,1052 1118,1052 1146,1052 1174,1052 1201,1052 1229,1051 1256,1051 1284,1051 1312,1050"/>
                <TextEquiv>
                    <Unicode>perfectionem in intellectu, quae non est po¬</Unicode>
                </TextEquiv>
            </TextLine>
            <TextLine id="r3l54" custom="readingOrder {index:25;}">
                <Coords points="748,1093 1242,1103 1318,1098 1318,1061 748,1068"/>
                <Baseline points="753,1087 781,1087 809,1087 837,1087 865,1087 893,1087 921,1087 949,1087 977,1087 1005,1087 1033,1087 1061,1087 1089,1087 1117,1086 1145,1086 1173,1086 1201,1086 1229,1086 1257,1086 1285,1086 1313,1086"/>
                <TextEquiv>
                    <Unicode>nenda in intellectu diuino, qui potest perfe¬</Unicode>
                </TextEquiv>
            </TextLine>
            <TextLine id="r3l57" custom="readingOrder {index:26;}">
                <Coords points="748,1133 1309,1136 1315,1092 748,1095"/>
                <Baseline points="753,1122 780,1122 808,1122 836,1122 864,1122 892,1122 920,1122 947,1122 975,1122 1003,1122 1031,1122 1059,1122 1087,1121 1115,1121 1142,1121 1170,1121 1198,1121 1226,1121 1254,1122 1282,1122 1310,1122"/>
                <TextEquiv>
                    <Unicode>cte apprehendere essentiam sub vna ratione,</Unicode>
                </TextEquiv>
            </TextLine>
            <TextLine id="r3l58" custom="readingOrder {index:27;}">
                <Coords points="746,1170 1312,1169 1312,1136 1287,1127 746,1134"/>
                <Baseline points="751,1157 778,1157 806,1157 834,1158 862,1158 890,1158 917,1158 945,1158 973,1158 1001,1157 1029,1157 1056,1157 1084,1157 1112,1156 1140,1156 1168,1156 1195,1156 1223,1156 1251,1156 1279,1156 1307,1156"/>
                <TextEquiv>
                    <Unicode>cum sit simplicissima in se ipsa, sequitur ergo</Unicode>
                </TextEquiv>
            </TextLine>
            <TextLine id="r3l60" custom="readingOrder {index:28;}">
                <Coords points="748,1204 1321,1203 1321,1170 1259,1162 748,1168"/>
                <Baseline points="753,1191 781,1191 809,1192 837,1192 865,1192 893,1192 921,1192 950,1192 978,1192 1006,1192 1034,1192 1062,1191 1090,1191 1118,1191 1147,1191 1175,1191 1203,1191 1231,1191 1259,1191 1287,1191 1316,1192"/>
                <TextEquiv>
                    <Unicode>quod distinctio attributorum proueniat ex</Unicode>
                </TextEquiv>
            </TextLine>
            <TextLine id="r3l63" custom="readingOrder {index:29;}">
                <Coords points="750,1238 1305,1237 1323,1232 1323,1200 750,1203"/>
                <Baseline points="755,1225 783,1226 811,1227 839,1227 867,1227 895,1228 923,1228 952,1228 980,1228 1008,1227 1036,1227 1064,1227 1092,1227 1120,1226 1149,1226 1177,1226 1205,1226 1233,1225 1261,1225 1289,1225 1318,1226"/>
                <TextEquiv>
                    <Unicode>imperfecto modo intelligendi intellectus no</Unicode>
                </TextEquiv>
            </TextLine>
            <TextLine id="r3l65" custom="readingOrder {index:30;}">
                <Coords points="759,1269 1323,1272 1323,1234 1285,1231 759,1237"/>
                <Baseline points="764,1262 791,1262 819,1261 847,1261 874,1261 902,1261 930,1261 957,1262 985,1262 1013,1262 1041,1262 1068,1262 1096,1262 1124,1261 1151,1261 1179,1261 1207,1261 1234,1261 1262,1261 1290,1260 1318,1260"/>
                <TextEquiv>
                    <Unicode>stri, non potentis perfecie apprehendere diui</Unicode>
                </TextEquiv>
            </TextLine>
            <TextLine id="r3l67" custom="readingOrder {index:31;}">
                <Coords points="754,1302 1244,1311 1298,1304 1298,1268 1127,1281 754,1271"/>
                <Baseline points="759,1295 785,1296 812,1296 839,1296 865,1297 892,1297 919,1297 945,1297 972,1297 999,1297 1026,1297 1052,1297 1079,1296 1106,1296 1132,1296 1159,1296 1186,1296 1212,1296 1239,1295 1266,1295 1293,1295"/>
                <TextEquiv>
                    <Unicode>nam perfectionem, prout est in se totaliter,</Unicode>
                </TextEquiv>
            </TextLine>
            <TextLine id="r3l69" custom="readingOrder {index:32;}">
                <Coords points="782,1336 1298,1348 1320,1341 1320,1299 782,1306"/>
                <Baseline points="787,1331 813,1331 839,1331 866,1332 892,1332 919,1332 945,1332 971,1332 998,1332 1024,1332 1051,1332 1077,1331 1103,1331 1130,1331 1156,1331 1183,1331 1209,1330 1235,1330 1262,1330 1288,1330 1315,1330"/>
                <TextEquiv>
                    <Unicode>Hinc est quod Doctor AEgidius dicit, quod</Unicode>
                </TextEquiv>
            </TextLine>
            <TextLine id="r3l70" custom="readingOrder {index:33;}">
                <Coords points="748,1376 1314,1375 1314,1344 1283,1336 912,1351 895,1335 748,1336"/>
                <Baseline points="753,1365 780,1365 808,1365 836,1365 864,1365 892,1365 919,1366 947,1366 975,1366 1003,1366 1031,1366 1058,1366 1086,1366 1114,1366 1142,1365 1170,1365 1197,1365 1225,1365 1253,1365 1281,1365 1309,1365"/>
                <TextEquiv>
                    <Unicode>istis attributis vno modo pro immediato fun</Unicode>
                </TextEquiv>
            </TextLine>
            <TextLine id="r3l73" custom="readingOrder {index:34;}">
                <Coords points="755,1409 1318,1407 1318,1375 1297,1372 1077,1384 928,1369 845,1385 755,1372"/>
                <Baseline points="760,1400 787,1401 815,1401 842,1401 870,1401 898,1401 925,1401 953,1401 981,1401 1008,1401 1036,1401 1064,1401 1091,1401 1119,1401 1147,1401 1174,1401 1202,1401 1230,1400 1257,1400 1285,1400 1313,1399"/>
                <TextEquiv>
                    <Unicode>damento respondet perfectio creata, &amp; alio</Unicode>
                </TextEquiv>
            </TextLine>
            <TextLine id="r3l75" custom="readingOrder {index:35;}">
                <Coords points="751,1441 1321,1442 1321,1417 1282,1406 751,1412"/>
                <Baseline points="756,1436 784,1436 812,1436 840,1436 868,1436 896,1436 924,1436 952,1436 980,1436 1008,1436 1036,1436 1064,1436 1092,1436 1120,1436 1148,1436 1176,1435 1204,1435 1232,1435 1260,1435 1288,1435 1316,1435"/>
                <TextEquiv>
                    <Unicode>modo diuina perfectio, nam si considetemus</Unicode>
                </TextEquiv>
            </TextLine>
            <TextLine id="r3l77" custom="readingOrder {index:36;}">
                <Coords points="752,1480 1320,1478 1320,1442 752,1442"/>
                <Baseline points="757,1470 784,1470 812,1471 840,1471 868,1471 896,1471 924,1471 952,1471 980,1470 1008,1470 1036,1470 1063,1470 1091,1470 1119,1470 1147,1469 1175,1469 1203,1469 1231,1469 1259,1470 1287,1470 1315,1470"/>
                <TextEquiv>
                    <Unicode>nomina attributorum vt sunt imposita perfe</Unicode>
                </TextEquiv>
            </TextLine>
            <TextLine id="r3l79" custom="readingOrder {index:37;}">
                <Coords points="754,1511 1316,1521 1316,1487 1245,1476 754,1480"/>
                <Baseline points="759,1504 786,1504 814,1505 841,1505 869,1505 897,1505 924,1505 952,1505 979,1505 1007,1505 1035,1505 1062,1505 1090,1505 1117,1505 1145,1505 1173,1505 1200,1505 1228,1505 1255,1505 1283,1506 1311,1506"/>
                <TextEquiv>
                    <Unicode>ctionibus creatis, quae sunt nobis prius nore,</Unicode>
                </TextEquiv>
            </TextLine>
            <TextLine id="r3l81" custom="readingOrder {index:38;}">
                <Coords points="754,1547 1312,1551 1296,1512 754,1511"/>
                <Baseline points="759,1539 786,1540 813,1540 841,1540 868,1540 896,1540 923,1540 950,1540 978,1540 1005,1540 1033,1540 1060,1540 1087,1540 1115,1540 1142,1540 1170,1540 1197,1540 1224,1540 1252,1540 1279,1540 1307,1539"/>
                <TextEquiv>
                    <Unicode>sic habent pro fundamento immedia on ipsa¬</Unicode>
                </TextEquiv>
            </TextLine>
            <TextLine id="r3l82" custom="readingOrder {index:39;}">
                <Coords points="754,1591 1323,1581 1323,1551 754,1547"/>
                <Baseline points="759,1574 788,1574 817,1574 847,1574 876,1575 906,1575 935,1575 964,1575 994,1575 1023,1575 1053,1575 1082,1575 1112,1575 1141,1575 1170,1575 1200,1575 1229,1574 1259,1574 1288,1574 1318,1573"/>
                <TextEquiv>
                    <Unicode>perfectiones creatas, sed si consideremus ra¬</Unicode>
                </TextEquiv>
            </TextLine>
            <TextLine id="r3l85" custom="readingOrder {index:40;}">
                <Coords points="761,1619 1319,1617 1307,1582 761,1582"/>
                <Baseline points="766,1610 793,1609 820,1609 848,1609 875,1609 903,1609 930,1609 957,1609 985,1609 1012,1609 1040,1610 1067,1610 1094,1610 1122,1610 1149,1610 1177,1610 1204,1609 1231,1609 1259,1609 1286,1609 1314,1608"/>
                <TextEquiv>
                    <Unicode>tionem a qua ista nomina sunt imposita, quia</Unicode>
                </TextEquiv>
            </TextLine>
            <TextLine id="r3l87" custom="readingOrder {index:41;}">
                <Coords points="757,1652 1322,1653 1310,1616 757,1621"/>
                <Baseline points="762,1646 789,1645 817,1645 845,1645 873,1644 900,1644 928,1644 956,1644 984,1644 1011,1644 1039,1644 1067,1644 1095,1644 1122,1644 1150,1644 1178,1644 1206,1644 1233,1644 1261,1644 1289,1643 1317,1643"/>
                <TextEquiv>
                    <Unicode>sunt imposita ad significandum perfectionem</Unicode>
                </TextEquiv>
            </TextLine>
            <TextLine id="r3l89" custom="readingOrder {index:42;}">
                <Coords points="752,1688 1327,1691 1327,1651 1145,1663 904,1649 855,1664 752,1651"/>
                <Baseline points="757,1679 785,1679 813,1679 841,1679 870,1679 898,1679 926,1679 954,1679 983,1679 1011,1679 1039,1679 1067,1679 1096,1679 1124,1679 1152,1679 1180,1679 1209,1679 1237,1679 1265,1679 1293,1679 1322,1679"/>
                <TextEquiv>
                    <Unicode>simpliciter, quae prius, &amp; verius in Deo, quam</Unicode>
                </TextEquiv>
            </TextLine>
            <TextLine id="r3l90" custom="readingOrder {index:43;}">
                <Coords points="755,1723 1327,1723 1327,1691 1277,1700 1248,1685 755,1688"/>
                <Baseline points="760,1714 788,1714 816,1714 844,1714 872,1714 900,1714 928,1714 956,1714 984,1714 1012,1714 1041,1714 1069,1714 1097,1714 1125,1714 1153,1714 1181,1714 1209,1713 1237,1713 1265,1713 1293,1713 1322,1713"/>
                <TextEquiv>
                    <Unicode>in creatura; sic habent pro imediato funda¬</Unicode>
                </TextEquiv>
            </TextLine>
            <TextLine id="r3l92" custom="readingOrder {index:44;}">
                <Coords points="754,1756 965,1769 983,1753 1325,1756 1325,1730 1294,1720 754,1721"/>
                <Baseline points="759,1748 787,1748 815,1748 843,1749 871,1749 899,1749 927,1749 955,1749 983,1749 1011,1749 1039,1749 1067,1749 1095,1749 1123,1749 1151,1749 1179,1749 1207,1748 1235,1748 1263,1749 1291,1749 1320,1749"/>
                <TextEquiv>
                    <Unicode>mento diuinam perfectionem, vnde assimilat</Unicode>
                </TextEquiv>
            </TextLine>
            <TextLine id="r3l95" custom="readingOrder {index:45;}">
                <Coords points="761,1793 1327,1801 1327,1765 1287,1756 983,1753 964,1768 761,1754"/>
                <Baseline points="766,1784 793,1784 821,1783 849,1783 877,1783 905,1783 932,1783 960,1783 988,1783 1016,1783 1044,1783 1071,1783 1099,1783 1127,1783 1155,1783 1183,1783 1210,1783 1238,1783 1266,1783 1294,1783 1322,1783"/>
                <TextEquiv>
                    <Unicode>conceptiones attributorum conceptionibus</Unicode>
                </TextEquiv>
            </TextLine>
            <TextLine id="r3l97" custom="readingOrder {index:46;}">
                <Coords points="760,1830 1324,1829 1324,1799 1292,1791 760,1795"/>
                <Baseline points="765,1819 792,1819 820,1819 848,1819 875,1819 903,1819 931,1819 958,1819 986,1819 1014,1819 1042,1819 1069,1819 1097,1819 1125,1819 1152,1819 1180,1819 1208,1818 1235,1818 1263,1818 1291,1818 1319,1818"/>
                <TextEquiv>
                    <Unicode>Mathematicorum, nam sicut conceptu Ma¬</Unicode>
                </TextEquiv>
            </TextLine>
            <TextLine id="r3l98" custom="readingOrder {index:47;}">
                <Coords points="761,1864 1331,1866 1331,1828 761,1830"/>
                <Baseline points="766,1853 794,1853 822,1854 850,1854 878,1854 906,1854 934,1854 962,1854 990,1853 1018,1853 1046,1853 1074,1853 1102,1853 1130,1853 1158,1853 1186,1853 1214,1853 1242,1854 1270,1854 1298,1854 1326,1855"/>
                <TextEquiv>
                    <Unicode>thematici vere cadunt super rem naturalem,</Unicode>
                </TextEquiv>
            </TextLine>
            <TextLine id="r3l101" custom="readingOrder {index:48;}">
                <Coords points="760,1897 1320,1905 1320,1868 1298,1861 760,1864"/>
                <Baseline points="765,1888 792,1888 820,1888 847,1888 875,1888 902,1888 930,1888 957,1888 985,1888 1012,1888 1040,1888 1067,1888 1095,1888 1122,1888 1150,1888 1177,1888 1205,1889 1232,1889 1260,1889 1287,1890 1315,1890"/>
                <TextEquiv>
                    <Unicode>hoc tamen non est secundum esse natu ale, quod</Unicode>
                </TextEquiv>
            </TextLine>
            <TextLine id="r3l103" custom="readingOrder {index:49;}">
                <Coords points="762,1934 1212,1929 1326,1944 1326,1901 1284,1896 762,1898"/>
                <Baseline points="767,1923 794,1923 822,1923 850,1923 877,1924 905,1924 933,1924 960,1924 988,1924 1016,1924 1044,1924 1071,1923 1099,1923 1127,1923 1154,1923 1182,1923 1210,1923 1237,1923 1265,1923 1293,1923 1321,1923"/>
                <TextEquiv>
                    <Unicode>habent in rerum natura: ita suo modo conce</Unicode>
                </TextEquiv>
            </TextLine>
            <TextLine id="r3l105" custom="readingOrder {index:50;}">
                <Coords points="766,1963 1279,1975 1326,1962 1307,1935 1213,1929 766,1933"/>
                <Baseline points="771,1957 798,1957 826,1957 853,1957 881,1957 908,1958 936,1958 963,1958 991,1958 1018,1958 1046,1958 1073,1958 1101,1958 1128,1957 1156,1957 1183,1957 1211,1957 1238,1957 1266,1957 1293,1957 1321,1957"/>
                <TextEquiv>
                    <Unicode>ptus attributi vere cadit super diuinam per¬</Unicode>
                </TextEquiv>
            </TextLine>
            <TextLine id="r3l106" custom="readingOrder {index:51;}">
                <Coords points="762,2002 1330,2003 1330,1975 1293,1962 1279,1975 762,1973"/>
                <Baseline points="767,1991 794,1991 822,1992 850,1992 878,1992 906,1992 934,1993 962,1993 990,1993 1018,1992 1046,1992 1073,1992 1101,1992 1129,1992 1157,1992 1185,1992 1213,1992 1241,1991 1269,1991 1297,1991 1325,1991"/>
                <TextEquiv>
                    <Unicode>fectionem, non tamen eodem modo, quo ha¬</Unicode>
                </TextEquiv>
            </TextLine>
            <TextLine id="r3l109" custom="readingOrder {index:52;}">
                <Coords points="762,2036 1324,2036 1324,2004 762,2002"/>
                <Baseline points="767,2027 794,2027 822,2027 849,2027 877,2028 905,2028 932,2028 960,2028 987,2027 1015,2027 1043,2027 1070,2027 1098,2027 1125,2027 1153,2027 1181,2027 1208,2027 1236,2027 1263,2027 1291,2027 1319,2027"/>
                <TextEquiv>
                    <Unicode>bet esse in Deo, idque totum contingit propter</Unicode>
                </TextEquiv>
            </TextLine>
            <TextLine id="r3l111" custom="readingOrder {index:53;}">
                <Coords points="764,2076 1274,2079 1333,2072 1333,2036 764,2038"/>
                <Baseline points="769,2061 798,2061 827,2062 857,2062 886,2062 916,2062 945,2062 974,2062 1004,2062 1033,2062 1063,2062 1092,2062 1122,2062 1151,2062 1180,2062 1210,2061 1239,2061 1269,2061 1298,2061 1328,2062"/>
                <TextEquiv>
                    <Unicode>defectum nostri intellectus, qui non potest</Unicode>
                </TextEquiv>
            </TextLine>
            <TextLine id="r3l112" custom="readingOrder {index:54;}">
                <Coords points="769,2105 1328,2110 1328,2070 769,2075"/>
                <Baseline points="774,2096 801,2096 828,2096 856,2096 883,2096 911,2096 938,2096 966,2096 993,2096 1021,2096 1048,2096 1075,2096 1103,2096 1130,2096 1158,2096 1185,2096 1213,2096 1240,2096 1268,2096 1295,2096 1323,2095"/>
                <TextEquiv>
                    <Unicode>vno conceptu apprehendere infinitatem di¬</Unicode>
                </TextEquiv>
            </TextLine>
            <TextLine id="r3l115" custom="readingOrder {index:55;}">
                <Coords points="758,2137 1295,2134 1326,2149 1312,2103 758,2105"/>
                <Baseline points="763,2131 790,2131 818,2131 846,2131 874,2131 902,2131 930,2131 958,2131 986,2131 1014,2131 1042,2131 1069,2131 1097,2132 1125,2132 1153,2132 1181,2132 1209,2132 1237,2132 1265,2132 1293,2131 1321,2131"/>
                <TextEquiv>
                    <Unicode>uinae perfectionis, quam habet in Deo, &amp; sic</Unicode>
                </TextEquiv>
            </TextLine>
            <TextLine id="r3l117" custom="readingOrder {index:56;}">
                <Coords points="758,2185 1052,2191 1105,2172 1275,2171 1332,2186 1332,2155 1308,2140 758,2138"/>
                <Baseline points="763,2167 791,2167 819,2167 847,2167 875,2167 904,2167 932,2167 960,2167 988,2167 1016,2167 1045,2167 1073,2167 1101,2167 1129,2167 1157,2166 1186,2166 1214,2166 1242,2166 1270,2166 1298,2166 1327,2166"/>
                <TextEquiv>
                    <Unicode>hmoi distictio est attribuenda intellectui nmo.¬</Unicode>
                </TextEquiv>
            </TextLine>
            <TextEquiv>
                <Unicode>tellectus diuini, ergo sequitur, quod proue¬
niat ex modo intelligendi intellectus creati
Antecedens probatur, quia si proueniret ex
natura attributorum, sequeretur, quod intel
lectus diuinus non perfecte cognosceret suam
perfectionem importatam per attributa, nisi
in habitudine ad diuersas perfectiones crea¬
tas; consequens est falsum ergo, &amp; antecedens:
Falsitas patet, quia diuina perfectio cum sit
absoluta, &amp; independens non coexigit crea¬
turam ad sui perfectam cognitionem, sed per
diuinum intelligere fertur super propriam
perfectionem absolutam, vt absoluta est, &amp;
ita sine omni habitudine ad creaturam pont
cognoscere suam: intrinsecam perfectionem,
non sic autem est de ldeis, quae includunt
necessariam habitudinem ad ldeata, vt supe
rius dictum est.
Nec potest dici quod talis distinctio pro¬
ueniat ex modo intelligendi intellectus diui
ni, quia quod aliquis intellectus apprehen¬
dat rem diuersis apprehensionibus, &amp; sub d
uersis rationibus, dummodo possit appreher
di perfecte sub vnica ratione, hoc arguit im¬
perfectionem in intellectu, quae non est po¬
nenda in intellectu diuino, qui potest perfe¬
cte apprehendere essentiam sub vna ratione,
cum sit simplicissima in se ipsa, sequitur ergo
quod distinctio attributorum proueniat ex
imperfecto modo intelligendi intellectus no
stri, non potentis perfecie apprehendere diui
nam perfectionem, prout est in se totaliter,
Hinc est quod Doctor AEgidius dicit, quod
istis attributis vno modo pro immediato fun
damento respondet perfectio creata, &amp; alio
modo diuina perfectio, nam si considetemus
nomina attributorum vt sunt imposita perfe
ctionibus creatis, quae sunt nobis prius nore,
sic habent pro fundamento immedia on ipsa¬
perfectiones creatas, sed si consideremus ra¬
tionem a qua ista nomina sunt imposita, quia
sunt imposita ad significandum perfectionem
simpliciter, quae prius, &amp; verius in Deo, quam
in creatura; sic habent pro imediato funda¬
mento diuinam perfectionem, vnde assimilat
conceptiones attributorum conceptionibus
Mathematicorum, nam sicut conceptu Ma¬
thematici vere cadunt super rem naturalem,
hoc tamen non est secundum esse natu ale, quod
habent in rerum natura: ita suo modo conce
ptus attributi vere cadit super diuinam per¬
fectionem, non tamen eodem modo, quo ha¬
bet esse in Deo, idque totum contingit propter
defectum nostri intellectus, qui non potest
vno conceptu apprehendere infinitatem di¬
uinae perfectionis, quam habet in Deo, &amp; sic
hmoi distictio est attribuenda intellectui nmo.¬</Unicode>
            </TextEquiv>
        </TextRegion>
    </Page>
</PcGts>
