1500 2378
235 168 757 224 Hoc autem confirmo per secundam ratio
177 212 759 262 nem sic. Vbi conceptus, & res concepta sunt
196 250 760 294 penitus adaequata, tanta est simplicitas in re
194 280 756 330 concepta, quanta est in conceptu, & e con¬
192 319 756 362 uerso, aliter non essent omuino adaequata, sed
194 354 759 395 conceptus ille, quo Deus concipit essentiam
196 390 754 433 & essentia concepta sunt penitus adaequata,
194 424 750 464 vt omnes concedunt: ergo &c. Cum igitui
189 458 753 499 conceptus, quo concipitur essentia sit vni¬
199 489 757 533 cus, & simplex non solum secudum rem, sed
200 523 764 565 etiam secundum rationem, sequitur quod es
199 561 757 599 sentia concepta concipiatur vt vnica est, &
196 598 756 641 simplex secundum rem, & secuudum ratio¬
195 630 751 674 nem, & per consequens diuersae rationes at
195 669 758 706 tributorum non constituuntur circa eam
186 699 755 740 per intellectum diuinum. Quod autem ille
190 736 748 776 conceptus diuinus sit simplex secundum re
193 772 757 810 non est dubium, sed quod sit simplex secun¬
202 801 759 844 dum rationem probo, quia ille conceptus cum
198 837 763 882 dicat perfectionem habet rationem vnius at
193 876 754 913 tributi; quodlibet autem attributum secun¬
195 902 760 946 dum habitudinem ad intra habet vnam sim¬
195 942 758 994 plicem rationem, secundum quam distingui¬
201 976 473 1022 tur ab alijs attributis.
234 1012 761 1053 Concludo ergo quantum ad totam quae¬
197 1044 768 1084 stionem, quod in Deo est distinctio, & plura
202 1080 765 1119 litas attributorum, non tamen ex natura rei,
199 1120 767 1157 sicut ponebat prima opinio, sed secundum ra
199 1146 765 1190 tionem, non quidem per actum diuini intel¬
199 1188 764 1228 lectus, negociatiuum ab intra, sicut ponebat.
198 1217 758 1259 secunda opinio; nec ab intra per simplicem
195 1254 762 1295 intuitum, sicut ponebat tertia opinio; nec etiam
207 1293 760 1338 per actum eiusdem comparatiuum ab extra,
204 1324 758 1369 sicut ponebat quarta opinio, sed est per actu
206 1361 764 1398 intellectus creati non valentis apprenendere
199 1393 768 1435 diuinam perfectionem, sicut est in se ipsa vni
198 1427 765 1477 ca, & simplex, sed apprehendit eam per di¬
203 1461 767 1503 uersas perfectiones creatas, propter quod im
206 1494 766 1546 ponit illi diuersa nomina, & format diuersas
201 1532 761 1580 propositones de ea: quae se habent secundum
203 1576 752 1611 quandam similitudinem ad propositiones.
202 1601 751 1647 quas format de creaturis; & haec est inten¬
198 1637 755 1677 tio vltimae opinionis, quam sequor, & etiam
210 1672 754 1708 Commentatoris in xij Metapn comento; o
201 1704 760 1743 vbi loquens de propositonibus formatis de
205 1739 759 1781 Deo, & de quacunque substantia imateriali,
201 1774 756 1817 in qua forte credit esse tantam simplicitatem,
202 1805 758 1849 quanta est in Deo, vult, quod in illis propo
209 1842 755 1889 sitionibus non distinguatur praedicatum a
203 1871 759 1925 subiecto, nisi secundum rationem; vnde idem
201 1911 768 1949 circa finem illius commenti omnem aliam
204 1950 762 1990 distinctionem negat a Deo. Vult insuper in
207 1982 761 2019 eodem commento hanc multitudinem, &
201 2017 769 2059 distinctionem esse sumptam ab extra per
202 2049 763 2094 quandam similitudinem, ideo dicit, differen
207 2086 763 2129 tiam in Deo, & in alijs substantijs abstractis
203 2126 773 2172 est secundum assimilationem, prout in tali¬
790 171 1345 221 bus intellectus accipit duo, quorum propor
790 219 1344 258 tio est alterius ad alterum, sicut proportio
790 251 1349 294 praedicati ad subiectum &c. Nec potest dici
795 282 1346 330 quod intelligat de intellectu diuino, quasi
790 322 1348 364 ipse faciat hanc distinctionem: Quia ibi non
793 354 1347 392 tacit mentionem, nisi de intellectu nostro,
790 387 1344 427 de quo omnia intelligit, quae ibi dicit, & pa¬
786 427 1355 466 tet per verba sequentia, vnde subdit, intelle¬
787 461 1346 497 ctus potest intelligere duobus modis, & ra¬
787 491 1351 535 tione dispositonis, & sub ratione dispositi;
793 526 1349 562 & hoc secundum similitudinem ad proposi¬
783 564 1344 608 tionem cathegoricam, &c. Constat autem,
782 596 1347 635 haec non verificari nisi de intellectu nostro;
782 632 1348 671 vt clarius patebit legenti, & sic clara est con
782 663 991 709 clusio intenta
825 698 1354 737 Contra tamen hanc conclusionem argui
792 732 1345 773 tur multipliciter primo, quia dictum fuit,
791 768 1351 809 quod est aliqua distinctio secundum ratio¬
791 801 1349 846 nem, quae prouenit ex ipsa natura rei, & quae
786 835 1354 882 dam alia, quae oritur ex nostro modo intel¬
793 868 1353 917 ligendi, quod videtur falsum; nam illa di¬
795 900 1351 950 stinctio, quae oritur ex natura rei videtur es¬
790 941 1355 979 se realis, & non rationis; illa vero, quae oritur
792 977 1351 1016 solum ex nostro modo intelligendi videtur
799 1008 1075 1055 esse vana, & fictitia.
825 1041 1357 1090 Ad hoc dico, aliquam distinctionem ori¬
788 1077 1344 1124 ri ex natura rei posse intelligi dupliciter,
795 1117 1350 1155 vno modo, quia circumscripto omni actu in
795 1148 1355 1191 tellectus, adhuc est in rerum natura, & tunc
791 1187 1353 1224 distinctio illa est realis; alio modo, quia res
795 1216 1350 1259 sic est disposita, quod non potest perfecte
796 1258 1349 1292 cognosci, nisi in habitudine ad diuersa, & tuo
791 1291 1353 1330 aliquo modo necessitat intellectum, vt ap¬
792 1327 1351 1368 prehendat eam sub diuersis rationibus, & sic
797 1355 1349 1398 non est realis nisi fundamentaliter, formali
794 1395 1350 1433 ter autem, & contemplatiue, fit per rationem.
831 1421 1359 1463 Ad aliam partem difficultatis dico simili
793 1459 1347 1505 ter, quod potest distinctio oriri ex nostro
791 1502 1346 1533 modo intelligendi dupliciter : Vno modo,
787 1532 1349 1573 repugnanter naturae rei, & tunc distinctio
789 1566 1347 1600 est vana, & fictitia. Alio modo non repugnam
787 1601 1357 1636 ter naturae rei intellectae, quauis illa natura
793 1634 1353 1677 hunc modum intelligendi sibi non determi¬
794 1668 1350 1707 net, nec intellectum ad sic intelligendum
789 1703 1348 1745 necessitet, sed ex imperfectione intellectus
788 1744 1350 1786 proueniat, & hoc modo distinctio non est va
792 1773 986 1818 na, nec fictitia
823 1804 1349 1847 Secudo dubitatur, quia dictum est, quod
788 1843 1347 1885 distinctio inter attributa non oritur ex natu
790 1877 1347 1919 ra ipsorum, sed ex nostro modo intelligendi,
797 1910 1352 1954 quod est dubium, videmus enim, quod quam
797 1953 1355 1989 to aliqua natura est perfectior, tanto sub plu
787 1980 1346 2016 ribus distinctis rationibus potest concipi, vt
799 2010 1352 2059 patet de anima intellectiua; natura autem di
798 2047 1198 2091 uina est perfectissima; ergo &c
821 2089 1346 2124 Ad hoc dico, quod quando res intellecta
790 2118 1349 2175 aliquo modo superat intellectum, tunc quam
