1500 2378
161 182 723 236 to est perfectior, tanto concipitur sub pluri
163 221 722 259 bus distinctis rationibus; Nam pluralitas ra
158 257 713 297 tionum ostendit excessum rei supra intelle¬
160 290 723 328 ctum, & per consequens suam maiorem per
160 326 718 364 fectionem: at vbi res intellecta est omnino
159 361 715 399 adaequata intellectui, ibi magnitudo perfe¬
167 397 713 436 ctionis non arguit pluralitatem rationum,
161 433 721 469 cum nullus ibi sit excessus: & ita est in pro¬
155 465 714 510 posito de diuina essentia respectu intellect
158 503 717 539 diuini, sed respectu intellectus nostri, vbi est
150 533 718 570 excessus, magnitudo suae perfectionis bene
153 574 720 622 arguit pluralitatem perfectionum, & rationum.
194 596 725 640 Tertio dubitatur, quia dictum est, quod
150 640 718 674 distinctio attributorum oritur ex nostro mo
158 675 712 710 do intelligendi, & ab excessu diuinae perfe¬
159 708 715 743 ctionis; si enim hoc esset verum, tunc intel¬
155 744 717 783 lectus noster circa quodlibet attributum con
159 778 713 821 stitueret distinctionem multorum attributo
151 812 721 851 rum, siquidem non solum essentia, sed etiam
157 846 719 885 quodlibet attributum secundum se excedit
150 879 712 919 intellectum nostrum, qui deficit a cognitio¬
154 914 717 949 ne essentiae, & a cognitione cuiuslibet attri¬
149 950 716 994 buti secundum se, & sic quodlibet attributum
159 983 425 1030 esset multa attributa
190 1017 712 1056 Respondeo, quod distinctio inter attribu
158 1058 719 1103 ta non est ex parte rei importatae, & significa
154 1093 718 1126 tae per nomina attributalia, cum sit vna res
155 1124 717 1164 diuina per omnia illa nomina significata, sed
159 1158 721 1196 est ibi distinctio propter modum significandi,
156 1190 714 1237 qui est sumptus a perfectionibus creatis: Ali
158 1229 721 1270 ter ergo excedit nostrum intellectum vnum
150 1263 708 1298 attributum, & aliter essentia, nam vnum at
156 1299 720 1334 tributum excedit intellectum nostrum solunm
154 1331 714 1382 quantum ad rem signisicatam, quia signifi¬
159 1373 710 1407 cat eandem rem quam significat essentia cum
158 1400 721 1443 omnibus attributis, non tamen excedit quam
158 1435 721 1479 tum ad nostrum modum intelligendi, cum
150 1470 717 1510 enim intelligimus diuinam perfectionem si¬
159 1506 705 1550 gnificatam per nomen vnius attributi, intel
155 1541 711 1586 ligimus eam in habitudine ad aliquam per¬
155 1574 709 1611 fectionem creatam, quo modo non excedis
152 1608 709 1650 intellectum nostrum quamuis in se accepta
162 1647 706 1682 excedat: sed diuina essentia excedit intelle¬
152 1681 717 1718 ctum nostrum non solum quantum ad rem
155 1714 717 1752 significatam, sed etiam quantum ad modum
155 1749 697 1792 significandi, nam cum intelligimus eam, ap
163 1781 705 1825 prehendimus illam esse quasi fundamentum
152 1814 707 1862 infinitarum perfectionum, secundum quem
153 1851 707 1893 modum non potest comparari ad aliquam es¬
150 1887 709 1927 sentiam creatam, & ex hoc comprehendimus,
148 1921 698 1966 quod omnimodo excedit nostrum intelle
148 1954 703 1998 ctum: quapropter ex suo modo significan¬
151 1990 711 2036 di non possumus eam comparare ad vnam
151 2024 703 2070 tantum perfectionem creatam, sed ad infi¬
152 2056 707 2097 nitas si essent, & ideo non est mirum si in¬
156 2092 708 2132 tellectus circa ipsam constituit multitudnem
154 2128 715 2183 rationum attributalium: vnum vero attribu
752 175 1312 227 tum ex suo modo significandi non compara
750 227 1307 262 tur, nisi ad aliquam perfectionem determina
752 261 1310 297 ti generis; & ideo intellectus, vt sic, non po¬
751 296 1314 338 test circa ipsum constituere aliquam plura¬
751 325 865 372 litatem.
752 361 1314 407 Quarto dubitatur, quia dicium est, quod
752 397 1310 436 intellectus diuinus non intelligit eam sub
754 430 1315 471 istis distinctis rationibus, hoc autem, vel est
752 463 1306 504 ex parte essentiae, vel ex parte intellectus;
749 504 1311 549 non primum, quia essentia dese sic est intel¬
752 533 1317 577 ligibilis, alioquin nec intellectus creatus pos
748 571 1306 614 set eam sic intelligere, nisi vane, & fictitie.
752 608 1309 644 non secundum, quia per Com. xij Metaph¬
754 642 1312 680 com. 38 intellectus noster est natus diuide¬
754 681 1308 722 re adunata inesse, multo ergo magis intelle¬
753 708 1313 754 ctus diuinus, qui est virtuosit, & pspicacior.
786 744 1310 783 Respondeo, quod hoc est ex parte essen¬
746 778 1309 816 tiae, quae sub vna ratione potest adaequare, &
748 813 1305 854 explere totum intellectum diuinum, & etiam
746 845 1306 889 est ex parte intellectus diuini, qui potest ap¬
757 884 1313 929 prehendere illam sicuti est in se ipsa; & quia
750 920 1308 958 hoc modo nullam habet distinctionem, ideo
750 957 1311 997 non apprehendit eam sub distinctis rationi¬
742 985 1310 1029 bus; & cum probatur quod essentia ex par¬
748 1023 1311 1064 te sui est intelligibilis sub distinctis rationi¬
753 1057 1311 1100 bus, concedo, quia modus iste intelligendi
751 1088 1309 1136 illi non repugnat, non tamen necessitat in¬
749 1130 1312 1168 tellectum ad sic intelligendum, ita ut non
754 1160 1311 1204 possit intelligere alio modo, & perfectiori;
757 1200 1305 1240 verum est ergo, quod quantum est de se, po
745 1233 1301 1275 test intelligi vtroque modo, non tamen respe¬
745 1268 1307 1311 ctu eiusdem intellectus, quia respectu no¬
754 1298 1303 1339 stri apprehenditur sub distinctis rationibus,
751 1333 1303 1372 respectu vero diuini, qui eam imediate attin
752 1369 1305 1415 git, sub vna ratione apprehenditur nec ob¬
755 1411 1310 1444 tat quod intellectus sit natus diuidere adu
752 1436 1310 1482 nata in esse, uam quod intellectus noster di
754 1473 1302 1509 uidat adunata in esse non est ex imperfectio¬
748 1510 1310 1546 ne eius, sed quia res sic est disposita, quod
747 1543 1303 1583 non potest perfecte apprehendi nisi in habitu
751 1574 1304 1616 dine ad diuersa, propter quod necessitat in¬
748 1609 1301 1653 tellectum ad sic apprehendendum, & diui
746 1647 1307 1685 dendum eam: hoc autem non habet locum
745 1677 1309 1726 in proposito, quia intellectus diuinus perfe¬
749 1714 1298 1758 cte apprehendit essentiam sine omni tali di
743 1748 881 1787 stinctione.
752 1774 1305 1831 Quinto dubitatur, quia si intellectus di¬
745 1822 1300 1861 uinus non intelligit suam essentiam sub istis
742 1852 1305 1894 distinctis rationibus attributalibus, videtur
746 1890 1305 1929 quod eas ignoret, & quod ignoret totam di
742 1923 1300 1968 stinctionem attributorum, quod est ab¬
736 1953 861 1994 surdum.
774 1986 1302 2040 Respondeo, quod tripliciter potest intel¬
739 2026 1307 2068 ligi intellectum diuinum non intelligere di¬
738 2062 1296 2101 stinctionem attributorum: vno modo, quia
738 2102 1300 2140 non intelligit praefatam distinctionem prae¬
740 2132 1302 2185 existere in suo obiecto, puta in essentia, sicut
