1500 2370
187 167 749 218 imaginatur opinio, quae ponit formalitates,
184 215 747 251 & sic concedo, non intelligere talem distin¬
187 248 744 291 ctionem: Alio modo, quia praefata distinctio
182 281 747 328 non cadit sub suo modo intelligendi, sicut
184 314 750 353 imaginatur opinio ponens, quod haec distin¬
189 349 753 388 ctio oriatur per actum diuini intellectus, &
186 390 737 426 quia istam opinionem non teneo: concedo
183 423 749 464 quod diuinus intellectus non intelligat, di¬
194 453 753 502 stinctionem attributorum, quasi cadat sub
188 485 755 527 suo modo intelligendi, siquidem intelligit
193 527 755 567 propriam essentiam sub vna tantum ratione
192 566 707 596 adaequantae totam virtutem intellectus.
219 594 753 640 Tertio modo potest intelligi, quod non
186 629 746 673 intelligat praefatam distinctionem tanquam
184 665 748 706 aliquid constitutum circa suam essentiam per
186 696 747 741 actum intellectus creati, & sic nego, nam quam¬
187 741 753 775 uis intellectus diuinus non intelligat praefa¬
183 762 752 805 tam distinctionem tanquam aliquid praeexi¬
182 803 746 844 stens in obiecto, quod est essentia, nec tamquam
182 837 746 880 aliquid cadens sub suo modo intelligendi,
190 872 746 910 intelligit tamen ipsam tanquam aliquid con
186 900 751 948 sequens, & attributum suae essentiae per actum
186 937 752 987 alterius intellectus, & sic non ignorat hanc
190 970 744 1015 distinctionem, sicut etiam dicimus, quod itell
185 1010 750 1055 git rationem generis, & differentiae in quid¬
185 1044 746 1090 ditate creata, non quasi pexistentia in ea, nec
190 1081 754 1124 quasi cadentia sub suo modo intelligendi, quia
190 1113 752 1159 tunc intelligeret modo nostro, sed tanquam
190 1152 747 1193 consequentia, & attributa ipsi quidditati ex
184 1179 755 1221 nostro modo intelligendi; & sic patet quid
183 1216 588 1270 sentio circa totam quaestionem.
196 1284 715 1333 AD RATIONES PRINCIPALES.
266 1355 751 1395 D primam, nego consequentiam, &
183 1364 752 1429 cum probatur, quia perfectiones attri
184 1419 752 1468 butales sunt realiter distinctae, dico, quod est
185 1459 744 1502 verum vbi sunt limitatae ad genus, & ad spe¬
184 1491 757 1532 ciem, vt in creatura; non autem vbi sunt om
188 1533 756 1574 nino illimitatae & mutuo se includentes, vt
187 1565 293 1604 in Deo.
222 1595 754 1636 Ad secundam nego minorem, & cum pro
186 1632 754 1679 batur, quia perfectiones attributales sunt in
185 1664 753 1710 Deo realiter, concedo, non tamen ex hoc se¬
190 1703 762 1748 quitur, quod eorum pluralitas, & distinctio
191 1735 650 1776 sit realis, vt superius est ostensum
233 1771 761 1808 Ad tertiam dico, quod, talis pluralitas est
191 1807 757 1849 in Deo solum secundum rationem, & est sum¬
199 1845 760 1885 pta ab extra; non tamen propter hoc sequi¬
190 1879 754 1922 tur, quod attributa non denominent Deum,
197 1904 750 1948 nisi in habitudine ad extra, quia sicut dictu
193 1946 761 1988 fuit, in suo significato non important habi¬
193 1977 760 2015 tudinem: Posset tamen concedi, quod prout
192 2013 764 2060 inter ea est distinctio, Deum non denominent
191 2050 755 2093 nisi in habitudine ad extra. Patet ergo, quo¬
194 2078 761 2128 modo cum vnitate essentiae possit stare plu¬
197 2116 475 2169 ralitas attributorum.
824 157 1328 219 QV.AESTIO TERTIA.
784 243 1337 288 Vtrum cum vnitate essentiae stet pluralitas
845 281 1180 327 personarum.
821 519 1338 564 ARGVITVR NEGATIVR
782 582 1345 636 1Q Icut se habet natura ad suppositum, ita
787 620 1342 674 A suppositum ad naturam, sed natura sic
777 657 1341 698 se habet ad suppositum, quod illa, quae per se
784 691 1348 734 habet suppositum, sicut substantia, non pluri¬
784 726 1341 768 ficatur, nisi plurificato supposito; ergo & sup
784 760 1338 802 positum non poterit plurificari, nisi plurifi¬
779 800 1345 839 cata natura Maior videtur nota, quia natura
779 835 1346 874 & suppositum licet sint idem, praecipue in
785 868 1343 909 Deo tamen, vel se mutuo consequuntur, quia
783 898 1346 941 vnum non inuenitur sine altero, vel saltem vnum
784 938 1343 978 non potest esse sine altero. Minor etiam ap¬
785 974 1345 1016 paret, nam quamuis in vno supposito crea¬
776 1014 1344 1049 to sint multae naturae, vna tamen sola est,
779 1042 1346 1095 cuius est illud suppositum, puta ipsa sub¬
780 1076 888 1118 sta ntia
807 1111 1350 1149 2 Si pluralitas personarum staret cum
784 1142 1350 1183 vnitate essentiae sequeretur, quod vna res es¬
777 1180 1344 1225 set plures, quod est falsum, quia implicatur
778 1209 1342 1259 contradictio: Consequentiam probo, suppo¬
773 1251 1346 1288 no enim, quod plures personae in Deo sint
786 1285 1342 1321 plures res, sic enim loquuntur sancti: Vnde
781 1316 1338 1360 P. Aug. in principio lib de Doctrina Christis
784 1347 1340 1394 na ait, res, quibus fruendum est, sunt Pater.
782 1389 1348 1430 Filius, & Spiritus Sanctus, suppono etiam,
779 1429 1346 1467 quod in Deo persona sit idem quod essen¬
782 1459 1347 1498 tia, alioquin esset ibi composito, quibus sup¬
791 1489 1344 1533 positis patet consequentia, nam si essentia est
781 1520 1348 1569 idem quod quaelibet persona, & plures perso
786 1565 1348 1601 nae sunt plures res, sequitur, quod vna res sit
792 1595 936 1644 plures res.
778 1665 1342 1708 AD OPPOSITVM ARGVITVR
823 1735 1346 1781 Er Fidem Catholicam debemus saluare
812 1767 1340 1809 Trinitatem personarum, ita vt non de¬
784 1804 1344 1840 rogemus vnitati essentiae, quia vtrumque ca¬
790 1838 1176 1885 dit sub articulo Fidei, ergo &c.
825 1869 1344 1909 RESPONDEO in hac quaestione
785 1910 1352 1945 tres articuli sunt videndi, prout insinuant ar
791 1943 1039 1988 gumenta adducta.
851 1951 1350 2019 An natura creata possit plurificari sine
787 2009 1035 2056 suppositis
813 2047 1354 2089 2 An supposita diuina differant realiter,
820 2081 1356 2123 3 An pluralitas personarum repugnet v¬
784 2113 1001 2172 nitati essentiae.
