1500 2364
218 169 773 223 modo produceretur, vel nullo modo acqui¬
214 213 779 256 reret esse in suppositis; & per consequens
223 252 771 295 esset necesse esse: vel saltem cogeremur di¬
221 283 781 327 cere quod nullo modo haberet esse, quod est
219 317 775 358 absurdum, quia tunc simul esset, & non es¬
223 354 775 391 set: nam inquantum sua supposita essent, &
223 390 773 433 non possent esse sine ea, natura esset,; inquam
222 427 779 466 tum vero non acquireret esse in ipsis, non es
218 462 778 500 set; idcirco qui arbitraretur possibile, in crea
226 499 781 533 turis supposita plurificari, manente eadem
219 535 775 568 natura, quemadmodum est in Deo, incide¬
225 562 782 601 ret in errorem Platonis ponentis quidditaten
219 592 786 632 separatam a suis suppositis secundum esse, vt
217 628 786 676 patet 7. Metaph nam dicens, quod plura sup
220 667 771 711 posita possint fieri sub eadem natura, cogi¬
218 697 777 737 tur dicere quod illa natura non producatur
220 738 774 774 cum suppositis, nec acquirat esse in eis, &
219 766 782 815 per consequens erit separata ab eis secundum
217 803 770 845 esse, quod erat error Platonis, Vt patet per
217 844 779 882 Arist. & Com. 7. Metaph com 20 vbi con
222 870 784 912 cludit, quod cum quidditates non habeant
219 903 782 952 proprium esse distinctum a suis suppositis, si
228 940 785 985 ponantur ab eis separatae secundum esse, non
219 974 785 1016 habebunt aliquod esse; & sic erunt, & non
219 1013 775 1051 erunt, nam quia ponuntur entia, erunt, &
219 1043 781 1088 quia ponuntur non esse in suppositis, non
219 1075 778 1124 erunt, & ita potest dici in proposito de natu
213 1119 779 1156 ra, quae non plurificaretur plurificatis sup¬
223 1139 781 1195 positis, patet igitur secunda conclusio, & quid
218 1181 779 1225 quaerebantur, scilicet, in creaturis supposi¬
217 1216 781 1257 tum, & naturam sic esse adaequata, vt non
221 1247 775 1296 possit plurificari vnum non plurificato alte¬
214 1283 772 1332 ro, quod non est dicendum in diuinis, vt pa¬
210 1319 560 1360 tebit in sequenti articulo.
282 1390 716 1436 ARTICVLVS SECVNDVS
214 1458 785 1504 An Diuina supposita distinguantur realiter
297 1490 695 1544 inter se, ita vt sint plures res
234 1696 770 1733 SIrca hoc errarunt Sabelliani dicentes,
222 1716 771 1783 , quod diuinae personae non erant reali
221 1768 769 1813 ter distinctae, vt tamen saluarent auctorita¬
213 1806 775 1844 tes Sacrae Scripturae, quae euidenter expri¬
216 1837 770 1880 munt in diuinis esse Patrem, Filium, & Spi
219 1871 763 1908 ritum Sanctum, dicebant, quod vna, & ea¬
221 1904 775 1947 dem persona, quandoque vno, quandoque alte
216 1938 769 1978 ro nomine appellabatur, ad quod dicendum
214 1978 773 2018 mouebantur, quia non videbant, quomodo
216 2010 772 2049 realis distinctio personarum posset stare cum
212 2043 773 2081 vnitate essentiae, sed hoc non obstat, vt pa¬
210 2076 555 2122 tebit in sequenti articulo.
246 2097 769 2165 Dicendum est ergo cum Fide Catholica,
806 164 1372 220 quod Diuinae personae realiter sunt distin¬
814 214 1370 257 ctae: quam conclusionem nequimus proba¬
811 253 1371 287 re ratione naturali, quia simpliciter est nobis
818 284 1368 326 tradita per Fidem: sed quibusdam alijs (etiam
808 316 1374 357 de Fide) suppositis, puta quod in diuinis sit
814 358 1373 398 vera generatio, & vera processio, possumus
807 389 1372 426 statim praefatam conclusionem probare, nam
806 421 1377 462 impossibile est, quod vna, & eadem persona
815 454 1373 493 sit vere gignens, & vere genita, & vere pro¬
810 489 1370 531 cedens, & vere producta; At in diuinis est
814 523 1369 562 vna persona vere gignens, & altera vere ge
810 558 1379 597 nita, vna producens, & altera producta; ergo
815 591 1369 627 Diuinae personae distinguuntur inter se reali¬
813 625 1379 667 ter. Verum quia hoc totum a Sacra Scriptu
808 668 1375 701 ra est acceptum, & auctoritate Ecclesiae com
814 696 1367 738 probatum; idcirco sufficiant pro hac conclu
812 732 1371 774 sione auctoritates, quas Magister inducit in
812 764 1372 810 litera; & plures aliae, quas dimitto breuitatis
808 797 1377 842 causa: Concludo ergo cum D. Athanasio, qui
806 834 1371 870 fidem vniuersalis Ecclesiae profitetur in svm
810 867 1365 909 bolo, quod alia est persona batris, alia Filij¬
815 902 1363 938 alia Spiritus Sancti; vbi autem est alietas,
807 935 1369 977 ibi est vera pluralitas realis: sunt ergo Dini
808 975 1362 1019 nae personae realiter distinctae, & per conse¬
813 1009 1366 1048 quens plures res, quia nomen rei verissime
809 1040 1071 1088 dicitur de supposito.
863 1114 1350 1153 ARTICVLVS TERTIVS
818 1180 1362 1218 Vtrum realis pluralitas personarum repu¬
949 1212 1231 1263 gnet vnitati essentiae.
847 1384 1367 1430 Irca hunc articulum errarunt Arria¬
817 1419 1362 1467 ni, qui, vt saluarent distinctionem por
809 1454 1367 1498 sonarum, negabant vnitatem essentiae, sicut
807 1487 1367 1527 Sabelliani, vt saluarent vnitatem essentiae ne
809 1525 1362 1570 gabant distinctionem personarum. Frrauit
810 1556 1359 1599 insuper circa hoc Abbas loachim, qui etiam
804 1597 1362 1634 negabat vnitatem essentiae, licet aliter quam
806 1629 1361 1665 Arriani, cuius opinio specialiter est damna¬
813 1661 1359 1698 ta ab Ecclesia in illa decretali, quae incipit,
810 1694 1363 1736 damnamus, &c. Horum errores non prose¬
810 1731 1364 1774 quor in speciali, quia nimis longum esset, sed
802 1767 1364 1808 cum Fide Catholica intendo ostendere, quod
802 1809 1354 1840 non repugnent ad inuicem vnitas essentiae.
807 1833 1361 1877 & pluralitas personarum, tota ergo difficul¬
800 1868 1350 1905 tas huius articuli, & totius quaestionis est
804 1904 1355 1949 videre quomodo ista duo possint stare simul
831 1939 1351 1982 Ad quod respondent quidam in hac se¬
807 1973 1356 2008 cunda distinctione, vbi credunt se inducero
804 2009 1361 2051 rationes necessarias ad probandum, quod in
803 2042 1353 2081 Diuina essentia sit vera productio ad intra
802 2076 1356 2123 & quia ad veram productionem sequitur rea¬
802 2111 1360 2163 lis distinctio, si vnitas essentiae stat cum ve¬
