1500 2372
224 173 785 225 tur cogitatio in formis quae tamen non est
231 220 778 262 verbum teste P. Aug. 15. de Trinitate dicent,
226 255 779 294 tormatam cogitationem de ea re quam scimus,
230 286 784 331 verbum esse: si tamen intellectus cum obiecto
225 324 781 359 praesente esset principium productiuum ver
226 358 780 399 bi (vt isti dicunt) tunc supposita praesentiali¬
225 397 779 439 tate obiecti, semper & necessario producere
222 426 596 467 tur verbum, quod est falsum.
256 458 775 500 Vlterius dico, quod haec ratio peccat in
218 497 782 545 forma, & petit principium, nam cum dicunt
223 530 785 576 quod intellectus habens obiectum intelligi¬
216 566 778 604 bile sibi praesens, est principium productiuum
223 599 779 649 verbi, haec proposito potest duobus modis
214 632 785 685 intelligi, vno modo, quod praesente obiecto
220 667 787 706 sit principium productiuum verbi, supposita
224 707 784 744 indigentia ex parte intelligentis, sicut est in
222 739 787 779 nobis, qui ad perfecte cognoscendum obie¬
233 773 781 821 ctum indigemus verbo producto, & sic acci¬
228 805 780 857 piendo propositionem quamuis possit esse
225 841 781 885 nota naturaliter, non tamen valet eis ad pro
224 879 784 917 positum, quia in Deo non est productio ver¬
223 908 783 953 bi isto modo: Alio modo potest intelligi, quod
222 943 781 992 intellectus praesente obiecto sit principium
216 979 785 1027 productiuum verbi, remota oni indigentia
222 1016 782 1054 & supposita plena sufficientia ex parte intel
216 1050 784 1090 ligentis, & sic proposito habet veritatem in
219 1083 785 1127 solo Deo, non est tamen nota sine lumine Fi
217 1113 783 1154 dei; velle ergo probare, in Deo esse veram pro
217 1152 785 1191 ductionem ad intra hoc pacto, est probare
222 1184 778 1229 idem per idem, & ignotum per aeque ignotum.
251 1219 778 1260 Similiter secunda ratio perit principium;
222 1258 778 1295 nam cum dicunt in minori propositone, quod
220 1287 784 1336 productio ad intra dicit perfectionem simpli
217 1324 786 1364 citer, quamuis haec proposito in se sit veris¬
213 1358 782 1400 sima, non est tamen nota naturaliter; quia ex
217 1393 785 1436 tra diuinam naturam non inuenitur produ¬
221 1428 779 1466 ctio intrinseca in aliqua natura nobis nota,
226 1465 780 1508 ex qua possimus deducere productionem ad
220 1499 782 1541 intra esse perfectionem simpliciter, & per con
224 1526 787 1569 sequens ponendam esse in Deo; velle ergo
224 1572 780 1608 probare per istam propositionem, quod in
223 1598 787 1640 Deo sit productio ad intra, est probare, hoc
214 1632 781 1686 per eandem productionem, & sic idem per
216 1672 311 1713 idem.
246 1696 781 1745 In probatione etiam quam adducunt pr hac
216 1706 248 1741 e
216 1738 766 1782 propositone est similiter peritio principij
222 1770 778 1812 Nam cum dicunt, quod necessitas est condi
214 1805 785 1849 tio importans perfectionem, concedatur, quam
223 1844 785 1880 uis posset negari; adhuc tamen non habetur
222 1873 780 1918 intentum, cum vero vlterius addunt produm
226 1907 779 1948 ctionem dicere ex se aliquam perfectionem:
223 1944 781 1982 dico, quod duplex est productio, vna cuius
224 1979 788 2019 notitia habetur lumine naturali, & de ista est
214 2012 778 2058 falsum simpliciter, quod non dicat imperfe¬
230 2050 780 2092 ctionem saltem ex parte producti quia sup¬
230 2078 784 2125 ponit ipsum esse in potentia, productio enim
226 2120 790 2163 prout nobis est nota naturaliter, semper in
814 164 1373 229 producto importat exitum de potentia ad a¬
818 220 1373 264 ctum. Alia est productio quae nullum impor
810 261 1370 297 tat exitum de potentia ad actum, nec ex pat
814 289 1368 329 te producentis, nec ex parte producti, & de
815 321 1371 360 ista bene verum est, quod non dicit aliquam
815 356 1372 398 imperfectionem: sed quod sit aliqua talis in
808 393 1377 429 rerum natura, hoc non est notum lumine na
814 425 1372 470 turali, immo naturaliter videtur contiarium;
818 459 1375 500 est vtique notum lumine Fidei in cuius veri¬
810 495 1376 533 tate supponimus esse talem productionem i
812 529 1375 572 natura diuina solum. Si quis ergo ex pro¬
819 563 1367 603 ductione quae non dicit imperfectionem ve¬
817 595 1373 634 lit probare productionem in Deo esse, pro¬
823 628 1371 676 babit illam productionem per eandem pro¬
816 669 1270 709 ductionem, & sic peret principium
852 701 1376 741 Nec tertia ratio concludit, nam concessa
817 739 1375 775 maiore, dico ad minorem, quod quamuis
816 771 1370 815 pioposito sit vera, non potest tamen euidem
819 813 1372 846 ter probari, quod productio ad extra sit li¬
815 834 1371 886 bera, & contingens, immo magis contrarium
817 879 1376 917 apparet scilicet, quod sit necessaria, ex ista
823 913 1369 953 ergo propositone non habetu euidens pro¬
817 940 1295 990 batio, & ideo proceditur per ignota.
852 974 1370 1019 Videtur ergo mihi aliter esse dicendum;
814 1008 1378 1048 Pro cuius rei explicatione primo ostendam
818 1045 1376 1086 huiusmodi compossibilitatem distinctionis di
819 1080 1375 1119 uinarum personarum cum vnitate essentiae,
817 1113 1380 1161 per se directe non posse efficaciter probari ra
817 1154 1371 1187 tione naturali Secundo compossibilitatem
812 1185 1377 1225 vnitatis cum Trinitate posse sustineri, & de
812 1219 1370 1254 fendi contra quascunque rationes. Tertio po¬
817 1250 1373 1289 se aliquo modo Trinitatem persuaderi ratio
814 1287 1371 1330 nibus, & praecipue Riccardi in suo libro de
818 1320 935 1366 Trinitate
858 1352 1368 1397 Quantum ad primum dico, quod si hu¬
810 1391 1374 1434 iusmodi compossibilitas posset probari per
818 1425 1376 1463 aliquam rationem naturalem, illa ratio, vel
817 1460 1375 1498 esset sumpta ex ipso Deo, prout habet habi¬
821 1491 1375 1535 tudinem ad creaturas, vel ex ipsis creaturis,
811 1527 1371 1567 secundum quod habent habitudinem ad Deum;
816 1560 1372 1610 sed neutro horum modorum potest inueniri
810 1594 1369 1636 aliqua ratio; ergo &c. Maior patet per hoc,
822 1626 1370 1675 quia omnes veritates, quas de Deo efficaci¬
821 1672 1369 1707 ter probamus, vel probamus ex habitudine
818 1699 1377 1739 Dei ad creaturas, vel e conuerso, vtrioque n¬
812 1733 1372 1775 modo Deus nobis innotescit lumine natura
812 1765 1376 1805 li, si autem alio modo innotescit, hoc etiam
823 1808 1365 1850 est alio lumine supernaturali: nunc probo
818 1836 1367 1883 minorem quantum ad ambas partes, & pri¬
812 1871 1366 1912 mo ex habitudine Dei ad creaturas, nam onis
812 1909 1371 1948 talis habitndo, vel est in ratione efficientis,
814 1943 1369 1982 vel in ratione finis, vel in ratione formae,
818 1974 1371 2018 sed omnes praefatae habitudines ducunt nos
817 2007 1371 2048 in cognitionem Dei, prout est vnus in essen
818 2041 1375 2083 tia, & non trinus in personis, quia etsi sint di
820 2081 1375 2118 stinctae personae, omnes tamen secundum
820 2115 1377 2171 eandem habitudinem efficientis, vel finis re
