1500 2376
142 168 719 232 feruntur ad creaturas, teste P. Augustino;
151 222 703 260 de Trin. cap. 20. vbi dicit, Patrem, Filium
152 259 716 296 & Spiritum Sanctum relatiue ad creaturam
147 287 705 338 dici vnum Creatorem, & vnum Dominnm,
146 324 707 366 & hoc est, quia omnes tres personae habeni
149 359 713 407 vnam virtutem creatiuam, & sicut non plu¬
144 396 709 442 rificatur ibi habitudo causae efficientis pro¬
150 433 706 473 pter vnam virtutem productiuam, ita pari ra
147 465 709 503 tione non debet plurificari habitudo causae
143 497 706 538 finalis propter vnam bonitatem reductiuam
142 533 701 579 in se omnia, nec habitudo causae formalis, p
145 566 702 609 pter vnam actualitatem representatiuam om-
145 603 711 643 nium, ex nulla ergo habitudine potest sumi
143 638 705 681 efficax ratio, qua probetur realis distinctio
139 673 704 712 personarum, & compossibilitas istorum cum
147 708 709 745 vnitate essentiae; & sic patet minor quantum
138 738 375 783 ad vnam partem.
169 774 708 815 Probo eandem, quo ad aliam partem, scili
144 812 702 851 cet ex habitudine creaturae ad Deum. Nam
141 846 705 885 omnis habitudo creaturae ad Deum vel est
143 883 702 926 ex eo quod effectus Dei est, vel ex eo quod
147 913 702 960 similitudo: non potest autem sumi aliqua ra
140 952 698 989 tio ad propositum ex habitudine, quam cres
143 987 705 1024 turae habent ad Deum primo modo, quia qua
147 1018 704 1064 tenus effectus Dei sunt, vnam, & eandem ha
149 1051 699 1093 bitudinem habent ad omnes tres personas,
141 1088 701 1126 nam si tres personae habent habitudinem v¬
147 1125 699 1164 nius principij, & causae ad creaturam, opor¬
143 1157 709 1196 tet etiam quod creatura habeat habitudinem
141 1192 698 1231 ad illas in ratione vnius effectus, & vnius
138 1226 702 1273 principiati. Ex neutra ergo parte potest su¬
139 1261 691 1304 mi ratio euidens distinctionis personarum
143 1294 701 1336 & per consequens, nec compossibilitatis cu
140 1329 703 1375 vnitate essentiae, nec etiam sumi potest ex ha
141 1364 704 1400 bitudine creaturae ad Deum in quantum est
137 1397 702 1438 fimilitudo Dei, quia haec similitudo non at¬
147 1432 705 1477 tenditur nisi ratione imaginis, vel vertigij,
138 1471 706 1507 neutra autem similitudo valet ad probandum
140 1506 703 1544 propositum, quia nec in vestigio, nec in ima
142 1535 702 1579 gine inuenimus, quod aliqua realiter distin
149 1571 703 1607 cta possint habere eandem essentiam, & haec
138 1606 275 1646 de primo,
179 1637 703 1681 SECVND O ostendo, compossibilita¬
144 1645 165 1683 Si
138 1680 708 1718 tem horum duorum scilicet vnitatis, & Tri
146 1714 706 1750 nitatis posse defendi contra quascunque ratio
143 1743 705 1787 nes in contrarium adductas, quod apparebit,
139 1776 703 1818 si reuocabimus ad memoriam ea, quae sunt
138 1812 699 1851 dicta in primo art. huius quaest ideo enim in
141 1848 697 1884 ereaturis suppositum non potest plurificari.
138 1885 701 1924 non plurificata natura, quia nullum creatum
138 1919 705 1959 est necesse esse; idcirco oportet, eum acqui¬
144 1948 701 1998 rere esse in suo supposito, & per consequens
139 1991 704 2033 simul produci in esse cum eo, & quia eorum,
147 2023 707 2062 quae sunt simul, si producantur in esse, vnum
138 2056 711 2103 non potest plurificari sine altero, ergo impos
139 2089 701 2132 sibile erit, in creaturis plurificare supposita
143 2126 706 2171 non plurificata natura, vnde, si per impos¬
742 181 1309 233 sibile poneretur aliqua natura creata necesse
747 227 1308 272 esse, non appareret propter quid esset impos
742 259 1301 311 sibilis plurificatio suppositi sine plurificatio,
746 290 1301 342 ne nature, quia tunc natura non acquireret
738 328 1301 371 esse in suppositis, nec produceretur in esse
743 361 1299 410 cum eis, sicut forte imaginabatur Plato, &
743 396 1305 443 sicut exemplo possemus declarare, multi n¬
737 435 1308 480 credunt, fuisse de intentione Com intelle¬
745 463 1284 511 ctum esse formam hominis, non obstante
735 499 1295 548 ipsum esse vnum in omnibus, quod si ita es¬
739 541 1301 585 set, cogerentur isti saluare duo, quae viden¬
735 570 1302 613 tur omnino incompossibilia, puta intellectum
743 611 1296 647 esse formam dantem esse cuilibet homini, &
735 639 1295 692 tamen non plurificari acplurificatiouem ho
732 671 1293 718 miuum. Si ergo queratur ab istis quomodo
740 706 1304 760 hoc est possibile, non video quod possint as
731 746 1301 794 signare meliorem causam, quam illam, quae
736 780 1302 827 dicta est, scilicet quia intellectus est quoddam
736 816 1290 854 necesse esse ex se; & ideo non aequirit esse in
731 847 1296 889 suppositis hominum; idcirco non potest con
743 882 1296 924 produci, nec cum eis plurificari: ergo ratio
740 914 1302 968 nes, quae probarent naturam plurificari, plu
740 948 1292 992 rificatis suppositis, deberent inniti huic fun¬
735 984 1296 1042 damento, quod natura acquirit esse in sup¬
737 1020 1290 1065 posito, & simul cum eo in esse producitur,
729 1058 1297 1101 ac plurificatur : Hoc autem fundamentum
734 1087 1298 1142 non habet locum in diuina natura, quia cum
735 1122 1297 1177 sit necesse esse, non acquirit esse in supposito
741 1159 1293 1211 & ideo plurificatis suppositis diuinis non plu
735 1196 1297 1232 rificatur ipsa, omnes ergo rationes contrariae
737 1230 1302 1270 (quia inniterentur huic fundamento) non at
743 1259 1297 1306 tingerent ad improbandam hanc Fidei no¬
739 1298 1287 1340 strae veritatem, & sic facile poterunt solui.
773 1335 1294 1378 Occurrunt tamen tres dubitationes con¬
741 1364 1301 1420 tra huiusmodi dicta; Prima est, quia si omnes
735 1401 1298 1447 rationes, quae fiunt contra hanc veritatem
737 1438 1296 1479 possint tolli, ergo cum solutio dubitationum
736 1473 1299 1512 sit manifestatio veritatis sequitur, praefatam
745 1504 1294 1548 veritatem posse manifestari, & demonstrari,
735 1537 1222 1577 cuius contratium superius fuit dictum,
767 1568 1293 1621 Ad hoc dico, quod sicut praefatae rationes
731 1609 1296 1646 non attingunt ad huiusmodi veritatem im¬
741 1644 1297 1684 probandam: ita nec earum solutiones proce
736 1685 1296 1727 dunt ad eam manifestandam, & demonstram
740 1708 1131 1756 dam: & sic ratio non procedit.
775 1746 1302 1794 Secudo dubitatur, nam dictum est, quod
732 1774 1295 1824 natura Diuina est necesse esse, ideo non ac¬
743 1820 1288 1863 quirit esse in suppositis; nec cum eis produm.
735 1854 1295 1890 citur: si haec ratio esset vera, tunc nullum di
736 1882 1300 1920 uinum suppositum posset produci, quia quod¬
734 1917 1291 1960 libet est necesse esse, cum dictum sit superius;
738 1953 1301 1987 suppositum, & naturam diuinam esse eius¬
736 1986 952 2034 dem necessitatis.
777 2014 1295 2062 Ad hoc dico, quod ei, quod est necesse es
736 2057 1297 2105 se repugnat productio deducens ipsum de
743 2090 1300 2134 non esse ad esse, non tamen repugnat illi pro
744 2124 1302 2183 ductio, quae est simplex communicatio, qua
