1500 2344
146 169 710 223 si ens, & vnum fuerint genera vniuersalia,
135 213 714 256 ta ita vt dicantur de praedicamentis vniuoce,
158 245 713 290 necesse est, vt intellecta non habeant diffe¬
154 282 639 324 rentias, quibus differant abinuicem.
164 311 721 360 Praeterea ex 4. Metaph colligitur hoc ad
158 351 713 386 mentem Arist. quia si ens esset vnius ratio¬
159 385 721 428 nis, frustra laboraret ad ostendendum, quo
163 421 715 459 modo de ente posset esse vna scientia, cum
156 452 719 496 multipliciter dicatur, nulla enim ibi esset cau
150 484 721 527 sa dubitandi si diceretur vniuoce, & sub vna
159 523 628 565 ratione de contentis sub ipso.
200 555 718 594 Et decimo Metaph vust Arist. quod ens
159 586 727 633 non praedicat aliquid ad alterum praeter quod,
154 629 720 669 vel quale, vel quantum, vbi dicit iComent.
163 661 721 700 com. 8. quod ens significat vnumquodque
154 690 722 737 eorum praedicamentorum multipliciter, quia
166 724 719 764 essentiae, & quidditates ipsorum sunt diuer¬
167 762 728 807 sae, & non est eis aliquid commune, & pau¬
167 796 723 839 cis interpositis addit, non inuenitur aliquid.
163 830 733 871 quod sit vnum commune praedicamento sub
157 863 723 910 stantiae, & qualitatis, Sed dicitur de eis prin
169 900 724 941 cipaliter, sicut hoc nomen ens, ex quibus
164 932 726 978 apparet, quod tam Arist. quam Com. inten
158 976 711 1007 dunt excludere ab ente vnitatem rationis.
160 1004 730 1036 Praeterea tertio physicorum enumeratis
171 1033 729 1081 praedicamentis, in quibus reperitur motus,
174 1076 730 1111 dicit Arist. quod commune eis non est acci¬
166 1102 727 1149 pere, & Comment. ibidem com. 4 subdit,
166 1135 736 1178 impossibile, est inuenire aliquod vnum com
162 1176 733 1214 mune istis praedicamentis, in quibus est mo¬
163 1206 734 1249 tus, quod non sit vnum eorum, nec aliquod
160 1239 738 1280 aliorum praedicamentorum, & addit, infra in
167 1274 732 1315 tendebat declarare Aristo. quod quia motus
171 1306 737 1348 non dicitur vniuoce, ideo dicitur secundum
172 1341 737 1389 prius, & posterius, ex quibus verbis potest
172 1384 726 1422 formari talis ratio: Si diuersis praedicamen¬
169 1411 733 1453 tis posset esse aliquid commune vninoce di¬
168 1442 731 1484 ctum, videretur maxime quod illis quatuor,
166 1475 738 1516 in quibus est motus, communis esset ipse mo
176 1511 733 1554 tus: sed hoc non est, vt patet hic per Com
177 1545 461 1592 ergo &c.
206 1578 737 1622 Concludo ergo, quod ratio entis dicta de
183 1619 735 1654 decem praedicamentis, non est vna ratio con¬
181 1646 733 1692 munis, vniuoce dicta de eis, multo ergo mi-
177 1685 734 1724 nus pro ut dicitur de Deo, & creaturis Mo¬
174 1717 732 1762 tiua autem praedictae opinionis non cogunt,
178 1752 732 1793 sicut patebit in fine quaestionis, quando
179 1787 330 1832 soluentur.
222 1855 700 1906 ARTICVLVS SECVNDVS
176 1919 734 1959 An ens quamuis non habeat vnam rationem
215 1959 707 2009 vniuocam: habeat tamen vnum com¬
327 1988 602 2035 munem conceptum.
742 177 1289 221 A D hoc respondent aliqui affirmatiue¬
746 212 1296 263 4 A volunt enim, quod ens habeat vnum
749 252 1296 290 communem conceptum, & in hoc concor¬
745 283 1301 321 dant cum opinione superius improbata, a
749 320 1297 363 qua tamen discordant, quia dicunt, quod
752 350 1299 398 huiusmodi conceptus communis non habet
754 388 1305 426 pro fundamento aliquam communem ratio
747 422 1302 461 nem: vnde si quaeratur ab eis de modo vnita
744 453 1309 501 tis istius conceptus, dicunt, ipsum esse vnum
745 486 1309 524 vnitate confusa, & indistincta, non importam
753 526 1307 575 te aliquam determinatam rationem, necvnam,
750 555 1299 595 nec plures, nec communem, vel propriam,
751 589 1307 630 sed sub omnimoda indeterminatione ratio¬
752 629 1313 665 nes quarumcunque entium importat: Et ideo
753 660 1313 693 cum huiusmodi ratio applicatur alicui spe¬
759 688 1309 735 ciali rationi entis, talis applicatio non est pero
757 730 1307 766 additionem alicuius extrinseci, sed solum pr
763 764 1314 814 explicationem eius, quod erat confuse, v&
757 793 1045 845 implicite importatum.
756 829 1309 869 Quae opinio vt magis intelligatur est no¬
755 865 1306 905 tandum, quod ipsi distingunt de triplici con
758 895 1306 943 ceptu confuso, est enim vnus conceptus con
761 930 1304 982 fusus, qui innititur alicui rationi determina
761 964 1313 1008 tae vltima determinatione, tanquam funda¬
763 1000 1306 1044 mento, & iste est conceptus specificus spe¬
766 1037 1310 1070 ciei specialissimae, qui e confusus, eo quod
762 1070 1319 1112 confuse, & implicite comprehendit omnia
758 1104 1310 1139 indiuidua illius speciei; ratione tamen spe¬
763 1135 1317 1183 ciei, cui innititu tanquam fundamento, est
764 1167 1319 1215 determinatus, vltima determinatione, non
769 1204 1322 1246 expectans determinari, nec explicari per ali¬
762 1240 1322 1286 quas alias rationes speciales, cum indiuidna
767 1270 1314 1324 non addant supra speciem aliquam rationem
759 1305 927 1350 essentialem.
762 1339 1314 1390 Secundus conceptus confusus, qui inni
759 1375 1315 1414 titur tanquam fundamento alicui rationi de
763 1412 1314 1459 terminatae, non tamen vltima determinatio
769 1446 1321 1486 ne; est conceptus generis, cuius fundamen¬
771 1478 1318 1525 tum est aliqua ratio indeterminata, sicut pa¬
768 1514 1314 1561 tebit inducendo per singula genera; animal
762 1549 1321 1584 enim innititur sensibilitati, quae quidem est
764 1583 1327 1618 determinata, inquantum actu est distinctaa
763 1616 1318 1654 rationibus aliorum generum; Est autem in¬
763 1649 1321 1689 determinata, in quantum adhuc potest deter
761 1682 1315 1721 minari per differentias contrahentes ipsam.
794 1716 1316 1764 Tertius conceptus confusus, est conceptus
771 1751 1317 1790 entis, qui non innititur tanquam fundamen
764 1784 1313 1828 to vlicui rationi determinatae, sed sub omni-
765 1818 1314 1865 nioda confusione comprehendit quascunque
765 1858 1312 1899 rationes, tum generum, tum specierum, &
770 1889 1319 1935 quod possibilis sit huiusmodi conceprus pa¬
772 1919 1321 1970 tet, tum quia intellectus in illa ratione pot
771 1962 1315 2005 entia concipere, non concipiendo in tali fun
766 1992 1315 2040 dameuto rationes particulares generum, sed
768 2022 1314 2064 comparando, illorum rationes tantummodo
769 2057 1318 2096 adinuicem, vt entia sunt, tum quia potest tol
764 2096 1318 2147 li confusio, & indistinctio cognitionis, mane
