1500 2067
125 149 604 198 quod conceptus entis esset maioris ambitus
131 193 603 229 quam obiectum adaequatum intellectus, quod
124 218 605 256 est falsum, & consequentia potest probar
123 255 603 288 eodem modo sicut superius fuit probata. Se¬
123 280 607 320 cundo sequeretur, quod conceptus entis im¬
127 315 605 352 plicite, & secundum potentiam contineret om
127 339 609 376 nem cognitionem, & scientiam, quod est fal
125 370 606 405 sum, propter scientiam Dei infinitam, & con¬
125 397 608 433 sequentia, vt superius probatur. Tertio seque
120 432 612 463 retur, quod substantia, & accidens haberent
123 457 606 488 essentialem similitudinem inter se, quod ess
119 488 609 526 falsum, quia tunc simul cognoscerentur, &
125 517 611 561 per consequens substantia non esset simpli¬
122 547 606 582 citer prior accidente cognitione, quod est con
128 580 607 616 tra Aristotelem 3 Met. Quarto sequeretur,
121 611 610 651 quod non possent saluare mente Aristotelis,
125 638 612 677 sicut praecedens opinio, nam si ens, secudum
125 664 610 705 totam suam latitudinem, haberet vnum sim¬
126 694 609 739 plicem conceptum, nulla esset difficultas, quo
128 727 608 760 modo de eo posset esse vna scientia, non nm ma
127 759 611 795 ior ratio est, quod de aliquo habeatur vnus
125 786 608 822 conceptus, quam quod de eo habeatur vna
127 815 610 852 scientia, & per consequens frustra laborasset
132 845 610 880 Arist. in 4 Met. ad ostendendum quo de en¬
129 877 612 910 te possit esse vna scientia. Insuper non dixis
123 910 617 942 set quod ideo de ente potest esse vna scien¬
127 938 616 972 tia, quia omnia habent attributionem ad v¬
129 960 617 1001 num primum ens, quod est substantia, sed po
129 991 621 1030 tius dixisset hoc ideo esse, quia omnia possunt
131 1024 617 1061 habere vnum communem conceptum, cum
127 1060 619 1090 ille non sit conceptus generis, nec alterius
127 1086 612 1127 praedicabilis, quia ens non est genus, nec ali¬
133 1109 620 1160 qud pdicabile alioqn necessario essent plura
130 1139 610 1184 u quinque praedicabilia, ex quibus omnibus
131 1170 618 1209 apparet, quod prima conclusio non potest
129 1204 193 1240 sta e
163 1229 618 1268 Praeterea ostendo quod secunda conclu¬
132 1260 619 1299 sio non potest stare cum prima; nam vna de¬
135 1290 616 1328 struit alteram, & probo tripliciter, primo quia
139 1320 615 1357 videmus, quod prima conclusio expresse po¬
130 1350 621 1387 nit conceptum entis esse vnum, ad secundam
135 1383 612 1417 vero necessario sequitur, quod non sit vnus
139 1412 614 1452 quia conceptus recipit speciem, & distinctio
131 1440 616 1479 nem a fundamento, si ergo conceptus entis
132 1468 622 1506 non habet aliquod vnum fundamentum cui
128 1498 616 1537 innitatur, vt dicit secuda conclusio, sequitur
132 1526 617 1568 quod nec etiam sit vnus, similiter prima con
135 1559 618 1594 elusio clare ponit conceptum entis esse verum
134 1587 616 1628 & tamen ex secunda necessario deducitur
136 1616 616 1659 quod non sit verus, quia per illum nihil de¬
137 1645 622 1684 terminate concipitur, cum non habeat aliquod
135 1678 615 1717 fundamentum cui innitatur, vt dicit secun¬
135 1706 621 1741 da conclusio; vbi ergo non est fundamentum
133 1735 624 1773 simplex, non potest esse aliquis simplex con¬
135 1765 618 1806 ceptus, intellectus enim non potest, nisi vnum
137 1794 602 1836 simplicem conceptum habere ab ipso ente
171 1830 628 1873 Vlterius, videtur tertio ad primam conclu
641 155 1118 200 sionem sequi necessario, quod ens prout
635 188 1114 228 stat sub isto conceptu praedicetur inquid, &
633 220 1119 253 essentialiter de omnibus (quod etiam conce¬
639 248 1122 283 dunt ipsi) ex secunda vero conclusione se¬
641 277 1125 316 quitur contrarium, nam praedicari essentiali¬
637 309 1119 345 ter de aliquo, nil esse aliud videtur, quam dicere,
633 345 1119 377 quod eius ratio fundamentalis, quam im¬
638 371 1124 411 portat, sit essentialis ei, de quo dicitur, si ergo
635 395 1116 437 ens non habet aliquam rationem sundamen¬
631 432 1120 462 talem quam importet (vt dicit secunda con¬
640 456 1114 501 clusio) sequitur, quod non praedicet aliquid
636 487 1114 519 essentiale in his de abe dicitur, & sic apparet
641 516 1124 556 quomodo praefatae conclusiones contradicant
639 545 771 586 adinuicem.
667 572 1120 612 Praeterea contra secundam conclusionem
649 604 1120 636 uaero ab eis vtrum conceptus entis habeat
630 636 1124 671 aliquod fundamentum, vel nullum, si dicant
630 663 1126 695 nullum sequitur, quod sit oino fictitius, si dicant
638 695 1125 735 aliquod, sequitur necessario, quod illud fun
640 722 1119 760 damentum sit vnum, vel plura, quia inter
640 753 1025 791 vnum, & plura non datur medium
667 786 1125 824 Vlterius probo ex dictis eorum, quod fun
637 810 1127 845 damentum conceptus sit vnum; nam dicunt
643 843 1121 878 ens praedicari formaliter, & essentialiter
647 871 1129 912 de omnibus de quibus dicitur; ergo ha¬
636 901 1123 940 bet vnam rationem formalem pro funda¬
643 931 1130 963 mento in omnibus illis, aliter non dicere¬
643 962 1131 1000 tur de eis formaliter. Item si ista formalis ra¬
641 988 1129 1031 tio non esset vna, non importaretur sub vno
636 1024 1120 1059 conceptu, ex quibus patet praedictas duas conm
636 1056 1126 1090 clusiones non esse veras. Motiua vero istius
642 1075 1124 1119 opinionis soluentur in fine quaestionis, &
641 1108 974 1152 sic patet secundum principale¬
688 1164 1116 1206 ARTICVLVSTERTIVS
647 1226 1129 1269 An ens in sua latitudine acceptum habeat
694 1262 1126 1300 plures rationes, & plures conceptus:
759 1287 1127 1332 vt dicit opi communis.
730 1467 1125 1500 Vantum ad istum articulum sciendum
700 1473 1126 1536 est, quod tenentes ens importare plu
727 1527 1131 1565 res rationes, & per consequens habe
646 1554 1127 1592 re plures conceptus, bipartiti sunt: quidam
653 1585 1129 1621 eorum dicunt ens non importare istos plures
649 1616 1128 1652 conceptus, pure aequiuoce, sed analogice, se
650 1644 1128 1682 cundum quendam ordinem prioris, & poste
646 1677 1125 1707 rioris, ratione cuius ordinis, plures conceptus
651 1702 1131 1744 sunt aliquo modo vnus, & haec videtur sen¬
648 1735 1131 1766 tentia patris lacobi viterbiensis ordinis no¬
651 1765 1131 1793 stri in quolibetis, vbi probat, quod de en¬
648 1792 1138 1830 te non possit formari vnus conceptus, tali
651 1826 749 1868 ratione.
