1500 2382
192 173 767 222 num, quae sunt in vno praedicamento, nec
190 219 758 265 obstat quod huiusmodi conceptus non essent
196 251 761 299 enti in communi: quia tali modo non est con
193 288 759 328 ceptibile: nec ex hoc sequitur, quod conce¬
191 319 767 369 ptus partium praecedat conceptum entis in
200 363 764 401 communi, quia ens in communi non est con
195 391 756 436 ceptibile, nisi eo modo, quo dictu est supra
229 427 760 471 Ad vltimum dicendum, non oportere co¬
196 460 765 506 gnito de aliquo quod sit ens, statim cogno¬
193 499 755 540 scere, an sit substantia, vel accidens, & pro¬
198 537 757 576 pter magnam similitudinem, quae est inter
191 574 754 612 conceptus substantiae, & accidentis: & pro¬
193 599 755 648 pter magnam confusionem, quae est in con¬
198 636 768 676 ceptu entis, ratione cuius licet non expectet
192 664 762 713 alium conceptum, qui se habeat per addi¬
197 703 763 755 tionem, expectat tamen alium, qui se habeat
195 739 448 793 per explicationem.
196 769 750 817 AD RATIONES PRINCIPALES.
275 809 759 848 D primam dico, rationem entis dictam
193 821 761 893 de Deo, non essc communiorem ratio
194 882 756 921 ne deitatis, nisi quoad nostrum modum in¬
201 919 759 963 telligendi, sumptum ex creaturis: & hoc
198 949 352 994 sufficit.
231 958 754 1025 Ad secundam dicendum, quod si conce¬
198 1016 762 1066 ptus entis esset confusus per indifferentiam,
196 1054 762 1096 & indistinctionem, ratio procederet, nunc
198 1087 763 1131 autem secundum quod competit creaturae
193 1118 760 1163 est confusus per implicationem, & per mixtio
197 1157 761 1197 nem omnium eorum, quae pertinent ad es¬
189 1189 759 1237 sentiam rei. Et ideo non oportet, quod talis
198 1221 759 1275 confusio faciat illum esse vnum per indiffe¬
189 1252 582 1308 rentiam, quantum ad omnia.
231 1296 758 1342 Ad tertiam concedo Deum posse concipi
185 1330 765 1370 communi conceptu cum creatura, inquan¬
196 1363 750 1406 tum terminus attributionis eius, vt dictum est
234 1401 764 1443 Ad rationem in oppositum, patet quod
192 1436 754 1477 concludit verum, scilicet quod Deus non po
195 1463 759 1513 test concipi communi conceptu cum creatu
195 1504 759 1547 ra per abstractionem. Et haec de tota quae¬
189 1541 293 1595 stione.
260 1580 704 1653 QVAESTIO SECVNIDA¬
186 1643 757 1692 Vtrum Deus sit primum cognitum ab intel
391 1677 547 1724 lectu nostro
238 1860 735 1929 ARVITVR AD PARTEM
403 1911 558 1962 affirmantem.
189 1931 764 1993 IILlud, quod maxime concipitur conceptu
231 1994 761 2034 indeterminato, & confuso, est nobis pri¬
192 2021 755 2062 mo cognitum: Deus est huiusmodi: ergo &c
198 2055 761 2096 Maior patet primo phys quia confusa sunt
192 2092 758 2135 nobis primo, & maxime nota, quanto auten
195 2127 755 2183 aliquid concipitur conceptu magis indeter¬
793 174 1367 224 minato, tanto magis est confusum: Minor.
792 216 1363 265 etiam apparet, quia conceptus, qui proprie
791 250 1373 290 Deo competit, cum sit omnino illimitatus,
792 289 1369 329 non patitur aliquam determinationem.
823 320 1369 360 2 Si Deus non esset a nobis primo cogni
794 357 1363 391 tus, non possemus cognoscere de Deo quid
799 392 1367 443 est, hoc est falsum ergo &c. Consequentiam
795 421 1359 473 probo, quia posito, quod Deus non sit pri¬
794 460 1362 503 mum cognitum, omnis cognitio quam habe
789 499 1359 539 remus de illo ex creaturis penderet; nulla
794 533 1361 571 autem creatura potest nos ducere in cogni¬
795 566 1361 609 tionem quidditatis Dei; nam effectus non du¬
797 600 1356 645 cit nos in cognitionem quidditatis causae, ni¬
789 632 1369 678 si adaequetur illi; quod non potest dici de
796 671 1360 705 aliqua creatura respectu Dei. Falsitatem pro
795 700 1360 750 bo; per P. August. in de videndo Deum, vbi
792 737 1365 779 dicit, quod si omnino Deum quid sit nesci¬
791 779 1367 815 remus, omnino eum non amaremus.
823 808 1354 853 3 Quod est per se notum, est primum con
794 842 1364 889 gnitum: Deus est per se notus: ergo &c. Ma¬
790 879 1366 918 ior patet ex opposito, quia quod non est pri
799 914 1361 950 mo per se notum, cognitio eius deducitur.
795 949 1365 989 ex alio: Minorem pbo per Dam. lib. 1. vbi vult,
801 981 1357 1024 quod cognitio essendi Deum omnibus sit
792 1023 1356 1066 naturaliter insita, ergo erit primo notum
790 1050 1052 1099 omnibus Deum esse¬
822 1082 1359 1133 4 Si Deus non esset primum cognitum,
793 1116 1363 1159 sequeretur quod Deum esse posset demon¬
794 1151 1360 1191 strari,; consequens est falsum, ergo &c. Con
794 1188 1359 1230 sequentia patet, quia tunc non cognoscere¬
796 1232 1365 1267 mus Deum, nisi per creaturas, quae sunt eius
790 1266 1363 1304 effectus, cognitio autem cause per effectum
790 1293 1356 1333 est demonstratiua. Falsitatem probo, quia
787 1329 1354 1371 substantiae non est demonstratio, vt patet se¬
799 1363 1355 1404 cundo physicorum, esse autem Dei est idem,
801 1397 1179 1449 quod sua substantia: ergo &c
822 1440 1355 1510 ARVITVR PRO PARTE
1010 1501 1149 1545 negante¬.
894 1547 1359 1611 Vod est difficillimae cognitionis &
788 1580 1351 1661 Rmaxime remotum a sensibus nostris,
894 1638 1358 1684 non potest esse primum cognitum:
791 1665 1348 1715 Deus est huiusmodi, ergo &c. Minor est non
800 1712 1359 1751 ta; Maior etiam patet, quia nostra cognitio
791 1743 1071 1792 habet ortum a sensu
857 1778 1361 1820 Confirmatur per illud secudi Metaph¬
795 1813 1357 1854 quia ad illa, quae sunt manifesta in natura,
797 1852 1361 1893 intellectus noster se habet, sicut oculus no¬
798 1880 1060 1923 ctuae ad lucem Solis,
824 1918 1358 1963 RESPONDEO: In ista quaestiones
796 1946 1351 1995 quatuor sunt videnda, quae tangunt argu¬
791 1985 1022 2033 menta praeposita,
825 2021 1357 2066 1 An Deus sit primum cognitum a nobis.
818 2056 1363 2106 2 An de Deo in via cognoscamus quod est.
846 2091 1279 2130 An Deum esse sit per se notum.
819 2124 1305 2180 4 An poffit demonstrari Deum esse
