1500 2052
145 159 539 203 ARTICVLVS PRIMVS.
106 189 586 230 Vtrum Deus sit primum cognitum a nobis.
100 334 592 386 IVVic articulo respondent aliqui distin¬
140 375 589 416 Rguendo de cognitione, & dicunt du¬
109 411 592 447 plicem esse cognitionem vnam naturalem,
109 440 595 476 & alteram rationalem, appellant autem illam
106 466 591 506 cognitionem naturalem, quae habetur secun
111 494 593 538 dum naturalem processum nostrae cognitio¬
108 531 593 563 nis, cuius est procedere ab indeterminato ad
107 555 597 587 determinatum, & hunc processum naturalem
111 586 598 619 incipimus, non solum in intellectu, sed etiam
107 615 599 652 in sensu: cognitionem vero rationalem illam
108 645 601 681 vocant, qua intellectus procedit per viam de
111 674 600 707 ductionis, deducendo bonum vniuersale sub
110 704 602 750 sistens per abstractionem ab hoc, vel il¬
112 736 211 774 lo bono.
148 756 603 799 Cum ergo quaeritur ab eis Vtrum Deus sit
110 795 596 830 a nobis primum cognitum, dicunt, quod si
107 826 605 855 loquamur de cognitione, quae habetur per
107 854 600 894 naturalem processum, Deus est a nobis pri¬
105 892 599 922 mum cognitum; Quod probatur ex dictis eo
112 917 602 951 rum sic. Quanto aliquid habet conceptum
109 945 605 981 magis indeterminatum, tanto prius nobis oc¬
113 979 603 1008 currit, & prius a nobis cognoscitur, sed Deus
121 1003 607 1042 habet conceptum magis indeterminatum, quam
110 1041 607 1078 quodcunque ens creatum, ergo prius nobis
123 1063 606 1098 pcturrit, quocunque creato, & prius cogno¬
119 1094 608 1133 scitur; Maior patet per eos, nam si naturalis
125 1123 608 1156 processus nostrae cognitionis est procedere
120 1159 606 1192 de indeterminato ad determinatum, oportet
122 1185 606 1222 quod illud, quod maxime est indeterminatum
128 1211 600 1251 prius nobis occurrat. Minorem probant fa¬
116 1242 599 1281 ciendo vnam distinctionem de indetermina
122 1273 606 1312 tione, alia enim est negatiua, & alia priuau¬
119 1303 606 1343 ua, indeterminatio negatiua est, qua aliquid
120 1335 607 1372 sic est indeterminatum, quod nullam patitur
121 1362 609 1396 determinationem: priuatiua vero est secun¬
119 1394 601 1430 dum quam aliquid potest determinari: con-
123 1422 606 1456 stat autem quod prima indeterminatio est
117 1455 607 1488 maior quam secunda; conceptus vero Dei
121 1483 606 1524 quo a nobis concipitur, est determinabilis se
120 1515 615 1545 cundum primam, quia res concepta, quae est
123 1543 606 1581 Deus, cum sit actus purus, non expectat ali¬
125 1579 613 1612 quam determinationem, & consequenter nec
127 1603 604 1638 etiam suus conceptus: Quodcunque autem
133 1636 606 1670 ns citra Deum, eo ipso, quod non est actus
137 1660 610 1696 urus, habet conceptum sic indeterminatum,
138 1696 612 1730 uod tamen est possibilis determinari, & ex¬
126 1718 604 1762 pectat determinationem: sequitur ergo, con¬
123 1752 604 1786 ceptum de Deo esse magis indeterminatum
128 1782 616 1817 quam sit conceptus cuiuscunque alterius en
127 1809 606 1858 ts, & per consequens prius nobis occurrens
152 1846 608 1889 Et si quaeratur quisnam sit iste conceptus,
613 157 1101 205 qui est indeterminatus negatiue: Dicunt quod
617 203 1104 236 est conceptus entis, & primarum intentionum
615 229 1099 265 entis scilicet vnius rei, & boni: Nam dictae
618 255 1101 298 primae intentiones occurrunt nobis prius per
616 290 1105 320 conceptum indeterminatum negatiue, secun
618 318 1108 348 dum quem modum competunt soli Deo: con
616 347 1103 386 sequenter vero occurrunt per conceptum in¬
619 376 1106 411 determinatum priuatiue, prout competunt
614 412 1108 444 alijs entibus a Deo. Addunt tamen vlterius
627 437 1116 475 quod propter magnam similitudinem, quae
625 469 1112 508 est inter determinationem negatiuam, & pri
624 497 1111 531 uatiuam, non percipimus vtrum in conce¬
618 529 1112 564 ptu entis, & suarum primarum intentionum
623 561 1109 593 apprehendamus ens creatum, vel increatum.
631 584 1115 619 ideo concludunt, quod loquendo de cogni¬
624 619 1114 653 tione, quam habemus secundum naturalem
630 646 1113 681 processum, Deus est primum cognitum ab
630 677 1117 710 ntellectu nostro; Sed loquendo de cognitio
623 708 1111 741 ne, quam habemus processu naturali, per viam
626 736 1111 767 deductionis abstrahendo ab hoc, & ab illo
630 767 1114 805 particulari, sic videtur aliter dicendum, secun
630 793 1119 836 dum eos, quod sit vltimum cognitum, quia
627 824 1123 860 hoc modo cognoscimus Deum per abstractio
636 854 1112 891 nem ab hoc particulari bono, & ab illo, por
632 884 1120 924 quam abst actionem deducitur intellectus
630 916 1117 952 ad bonum vniuersale subsistens; & abstrahe¬
632 945 1118 979 do ab hoc, vel ab illo particularivero, deducit
631 979 1125 1015 ad verum vniuersale subsistens: lllud ergo,
635 1005 1121 1040 quod est terminus a quo in ista abstractione
633 1036 1125 1075 & deductione, est primum cognitum: quod
634 1067 1119 1103 vero est terminus ad quem, erit vltimum con
635 1099 1123 1133 gnitum : cum ergo Deus in isto processu sit
634 1125 1123 1161 terminus ad quem, sequitur quod sit ibi vlti
630 1155 1117 1192 mum cognitum, ipsa vero bona particularia,
635 1181 1117 1223 cum sint terminus a quo, erunt primo cognita.
666 1214 1125 1254 Haec opinio est primo dubia in se. Tum
642 1241 1119 1283 quia illud, quod primo occurrit intellectui
634 1278 1118 1311 nostro debet esse facillimae cognitionis: Deus
634 1300 1119 1345 autem est difficillimae cognitionis, cum sit ma¬
639 1335 1133 1365 nifestissimus in natura, Tum quia cognitio
639 1363 1123 1395 Dei esset maioris certitudinis, quam cognitio
639 1394 1125 1432 aliorum, nam in cognitione complexorum il
637 1424 1125 1459 la quae primo occurrunt, sunt maioris certi¬
634 1455 1119 1487 tudinis, vt patet de principijs; ergo ita & in
637 1482 1127 1521 incomplexis cognoscendis. Tum quia primi
634 1510 1119 1547 conceptus essent perfectiores, quam poste¬
638 1544 1129 1579 riores, quod est falsum: Consequentia patet,
638 1572 1122 1614 siquidem cognitio nostra procedit de imperfe¬
644 1599 1121 1636 cto ad perfectum. Tandem sequeretur cogni
641 1635 1123 1665 tionem Dei in via non dependere ex creatu¬
638 1664 1121 1699 ris, quia primum cognitum non dependet ex
635 1693 1123 1733 alijs in cognitionem. Nec valet si dicat quod de¬
647 1723 1121 1763 pedet ex c eaturis inutum est vltimum cognitum;
639 1757 1141 1792 quia eadem ratione, qua prima Dei cognitio;
649 1779 1131 1816 potest haberi sine creatura, pari ratione e.
643 1815 1127 1852 quaecunque alia cognitio haberi poterit; &
641 1843 1135 1888 sic cognitio creaturae pendebit ex eo, & non
