1500 2079
169 155 568 212 ARTICVLVSTERTIVS.
161 225 580 270 Vtrum Deum esse sit per se notum
204 346 621 391 D hoc dicunt aliqui, quod duplex est
133 359 616 420 proposito per se nota in se, & quo ad
126 408 615 448 nos; illa est per se nota in se in qua praedica¬
124 443 624 479 tum est de intrinseca tatione subiecti; & quia
124 473 617 509 esse est de intrinseca ratione Dei, cum sit ne¬
126 510 622 541 cesse esse, idcirco haec proposito est per se non
129 530 615 568 ta in se; llla autem est per se nota quo ad nos
125 562 622 602 in qua & praedicatum est de intrinseca ratio¬
129 597 619 630 ne subiecti, & quod quid est subiecti est no¬
127 623 625 662 bis notum, ex qua notitia possumus scire ne¬
125 653 627 690 cessariam inhaerentiam praedicati cum subiecto;
135 683 621 722 & quia non possumus scire de Deo quid est,
127 716 626 754 qui est subiectum huius propositonis, ideo
128 750 466 788 non est per se nota nobis.
165 777 624 817 1 Haec opinio videtur primo supponere
126 793 629 850 falsum, scilicet, quod de Deo nullo modo co¬
130 841 620 878 gnoscamus quid est, hoc autem non videtui
135 867 633 906 verum ex dictis in praecedenti articulo, vbi
132 900 623 937 ostensum est, quod quamuis non cognosca¬
132 926 624 969 mus in via Deum quidditatiue, cognoscimus
127 962 632 999 tamen aliquo modo eius quidditatem, saltem
128 986 623 1028 accidentaliter, & extrinsece, cognoscendo quam¬
134 1018 629 1058 dam praedicata essentialia, quae cadunt super
124 1057 633 1089 eius quidditatem extrinsece; ratione quorum
132 1080 628 1119 possumus concedere, quod cognoscamus de
134 1112 625 1151 Deo quid nominis, & hoc sufficit ad propo¬
137 1139 637 1181 sitionem per se notam quo ad nos, alioquin
135 1169 631 1211 nulla scientia procederet ex principijs per se
134 1205 632 1241 notis; & ratio est, quia scientia non supponit
132 1233 635 1269 de suo subiecto quid rei; hoc enim inquirit,
134 1265 633 1302 sed supponit quid nominis, si ergo quid no¬
134 1296 637 1337 minis non sufficiat ad notitiam suorum prin
136 1323 632 1367 cipiorum, scientia non procederet ex princi¬
135 1355 323 1399 pijs per se notis.
150 1379 632 1422 2 Praeterea: dato quod verum sit, Deum
132 1417 630 1450 non cognosci a nobis quidditatiue, adhuc ta
134 1443 636 1488 men magis est contra eos, quia si omnino igno
140 1470 639 1511 ramus quod est Deus, nullo modo possumus
137 1504 634 1545 scire, quod esse, sit de intrinseca eius ratione,
138 1543 632 1578 & per consequens non possumus affirmare
139 1563 639 1606 cum certitudine, hanc propositionem Deus
134 1596 636 1637 est, esse per se notam in se; cum ergo ipsi hoc
142 1623 639 1666 affirment cum certitudine, vel cognouerunt.
146 1657 639 1701 quid nominis de Deo, & hoc eis sufficit, vel
142 1688 641 1731 non potuerunt scire, quod esse sit de intrinse
146 1716 641 1761 ca Dei ratione; & sic non potuerunt hoc cum
142 1746 634 1790 certitudine affirmare, aliter pro certo affir¬
144 1780 622 1820 massent, quod certe non apprehenderunt
172 1807 644 1850 3 Vlterius, quaero, quomodo intelligant
147 1840 642 1881 hanc propositionem esse per se notam in se;
150 1871 642 1921 nam vel intelligunt illam esse per se notam
630 155 1144 204 in se, quia est per se noscibilis ntellectui no¬
635 200 1144 236 stro, vel alicui alteri intellectui; si intelligat
648 230 1142 268 primo modo, habeo propositum, si vero intel
645 255 1142 296 ligant secundo modo, hoc non potest stare,
645 293 1140 323 quia termini dictae propositonis, vel offerunt
642 319 1142 350 se illi intellectui sub eisdem rationibus, sub
651 352 1145 388 quibus se offerunt intellectui nostro, vel sub
646 382 1144 422 alijs, si dicant quod sub eisdem, ergo eodem
651 411 1145 453 modo erit per se nota nobis; si vero dicat sub
653 440 1138 482 alijs, ergo non sunt ijdem termini, nisi solo
646 472 1144 505 nomine, & per consequens nec constituent
646 501 1142 541 eandem propositionem, & sic non erit eade
651 533 1149 574 proposito per se nota nobis, & in se, quod est
653 562 781 602 contra eos.
679 593 1147 634 4 Accedit, quod non semper in proposi¬
646 620 1147 657 tione per se nota praedicatum est de intrinse
645 654 1142 689 ca ratione subiecti, alioquin nunquam pas¬
646 686 1147 724 sio immediata cum subiecto faceret proposi¬
649 714 1143 757 tionem per se notam, cuius contrarium pa¬
645 744 878 788 tet in pluribus.
680 770 1145 808 Et ideo est altera opinio dicens, quod hu
650 803 1146 839 iusmodi proposito non est per se nota sim¬
662 836 1143 878 pliciter, cuius rationem assignant, quia illa tam
654 870 1161 905 tum est per se nota, cuius termini sic sunt eui
653 896 1152 929 dentes in suis significatis, & etiam in modo
653 928 1153 965 significandi, quod ex eorum significatione
665 963 1147 995 potest fieri euidens certitudo apud intelle¬
656 991 1149 1026 ctum de veritate dictae propositonis, quod
668 1020 1149 1055 probant per Arist primo post dicentem, prin
662 1053 1146 1086 cipia cognoscimus, inquantum terminos co¬
665 1080 1147 1116 gnoscimus, euidens igitur cognitio talium pr
666 1111 1156 1146 positonum habetur sufficienter ex solis ter¬
656 1145 1155 1179 minis, & quia ex isto termino, Deus, non po¬
656 1169 1149 1206 test haberi euidens notitia de veritate huius
667 1201 1154 1238 propositonis, Deus est, idcirco concludunt
670 1229 993 1270 psam non esse per se notam
691 1258 1151 1294 Vlterius, iste terminus, est, significat diui¬
659 1291 1149 1332 nam essentiam solum in quodam conceptu
660 1321 1150 1356 consuso, & generali, secundum quem modum
654 1349 1152 1385 omnes concipiunt, per hoc nomen Deus, ali
661 1381 1155 1423 quid, quod omnibus anteponunt, & quia sub
660 1416 1153 1454 conceptu confuso potest concipi aliquid, quod
662 1441 1150 1482 non est Deus secundum veritatem, idcirco
665 1473 1153 1513 dictus terminus exsuo modo signiceandi, non
663 1503 1155 1545 potest facere euidentem notitiam de verita¬
668 1532 1158 1568 te huius propositonis, prout verificatur de
664 1562 781 1603 solo Deo.
699 1588 1156 1629 lsta opinio non videtur possibilis; Tum
679 1629 1155 1666 uia non ponit alia principia, nisi quae imno
665 1656 1156 1690 tescunt ex sola notitia te minorum, &c tamen
669 1686 1172 1720 principia scientiae subalternatae dicuntur per
665 1716 1157 1750 se nota in illa scientia, eo quod inmotescuunt
668 1746 1160 1788 via sensus, memoriae, & experientiae, vt dixi
665 1775 1161 1811 in prologo, nec innotescunt ex sola notiria ter
666 1803 1164 1839 minorum, quia demonstrantur in scientiam su¬
674 1833 1158 1875 periori. Tum quia, vel per solam siguificatio
666 1864 1167 1915 nem terminorum intelligut significationem
