1500 2369
185 156 760 219 sunt imperfectiores, & postea formas mixto¬
188 199 530 255 rum, quae sunt perfectiores
226 211 760 289 Ad secundum nego falsitatem consequen
195 268 756 327 tis; Ad probationem vero, cum dicunt, Me¬
192 302 750 360 taph esset prior alijs scientijs ordine doctri¬
195 340 754 389 nae, dico, quod hoc non oportet, quia duo
190 365 756 427 sunt modi cognoscendi ens, & alia ttanscen¬
193 413 756 455 dentia, vnus modus est per simplicem appre
193 445 756 495 hensionem prius occurentem, alius modus
196 472 749 534 per resolutionem aliorum in ipsa, & ipsorum
196 512 756 560 ad altissimas causas: primus modus, cum non
193 542 752 601 sit scientificus, non pertinet ad aliquam scien
193 578 756 638 tiam, & isto modo conceptus entis, & aliorum
193 614 751 667 transcendentium primo occurrunt nobis: se
195 650 752 706 cundus modus, cum sit scientificus, pertinet
189 691 755 739 ad aliquam scientiam, & non ad quamcumque
189 723 748 774 sed ad solam Metaph & hoc modo ens, &
191 750 759 805 alia trascendentia non cognoscuntur primo,
196 795 748 841 & immediate, sed vltimo, & mediantibus a¬
189 822 753 878 lijs scibilibus, de quibus sunt speciales sciae.
218 854 757 909 Ad tertiam dico, quod ibi non consumitur
196 893 759 949 tepus, quia cum intellectus non transeat de
190 927 750 977 vno conceptu simplici in alium conceptum
198 961 756 1012 simplicem per discursum, potest in tempore
192 998 753 1046 breuissimo fieri sub omnibus istis concepti¬
190 1028 756 1083 bus. Ex quibus apparet, quod conceprus spe
187 1064 753 1122 ciei non necessario, nec vniuersaliter primo
186 1103 757 1149 occurrit nobis; an vero in aliqua cognitio¬
182 1133 752 1194 ne primo oecurrat, nihil ad praesens, suffi¬
185 1168 747 1219 cit enim scire pro praesenti articulo, quod spe
185 1211 747 1260 cies specialissima non est primum cognitum,
194 1247 538 1304 vt ponebat praefata opinio.
221 1286 722 1368 ARTICVLVS SECVNDVS
185 1354 751 1432 Vtrum de ratione vniuersalis sit esse abstra¬
316 1419 617 1475 ctum ab hic, & nunc
269 1594 751 1668 D hoc respondeo, quod potest intelli
197 1642 753 1709 gi dupliciter huiusmodi quaesitum, vno
189 1686 752 1738 modo, an haec sit ratio formalis, & completa
193 1726 747 1777 vniuersalis, scilicet esse abstractum ab hic, &
186 1758 752 1811 nunc; alio modo an sit de sua ratione, tanquam
193 1792 751 1839 eius immediatum fundamentum: si quaera¬
195 1822 750 1875 tur primo modo, dico, quod nons si vero fe¬
195 1861 746 1919 cundo modo, concedo, quod sic, vnde duas
192 1893 747 1951 probo conclusiones, vnam negatiuam, alte¬
191 1940 432 1989 ram affirmatiuam.
226 1967 754 2018 Primam conclusionem probo tali ratione.
194 2006 749 2049 Si esse abstractum ab hic, & nunc esset de
188 2029 756 2087 ratione vniuersalis tanquam suum formale
193 2064 754 2117 complementum, sequeretur, quod quicquid
186 2098 752 2155 abstraheretur ab hic, & nunc, esset vniuersa
791 143 1344 210 le, consequens est falsum, ergo & antecedens
787 196 1349 238 Consequentia patet, & Falsitatem probo, quia
782 229 1356 271 Deus, & intelligentiae maxime abstrahuntur
786 270 1344 308 ab hic & nunc, cum non dependeant a tem
792 303 1347 344 pore, vel loco, & tamen nulla illarum est vni¬
786 334 1351 380 uersale, ergo esse abstractum ab hic, & nuc,
790 365 1351 413 vel nullo modo erit de ratione vniuersalis,
787 410 1355 445 quod non est dicendum, vel non erit de eius.
786 440 1348 483 ratione, taquam suum formale complementum;
819 472 1353 517 Secundam conclusionem probo sic, illud,
782 509 1364 552 per quod differt vniuersale a particulari im;
783 536 1355 584 mediate est de sua ratione, tanquam imme¬
783 574 1355 617 diatum fundamentum: sed per esse abstractum.
780 615 1346 654 ab hic, & nunc, vniuersale differt immedia¬
786 648 1342 685 te ab ipso particulari, ergo esse abstractum
788 675 1347 722 erit de ratione vniuersalis, taquam immedia
787 722 1351 756 tum fundamentum ipsius. Maior probatur,
783 750 1351 790 quia differentia intrinseca, per quam aliquid
787 779 1349 825 differt ab alio immediato, oportet, quod su¬
791 820 1347 860 matur vel a suo proprio principio formali,
786 860 1348 894 vel a suo proprio, & immediato principio ma
785 892 1347 932 teriali, ista non sumitur a principio formali,
786 925 1342 968 vt patuit, ergo &c. Minor autem apparet pr
792 953 1345 995 Arist. primo Post. vbi ponens differentiam
779 992 1349 1040 inter vniuersale, & particulare inquit, parti¬
789 1025 1355 1071 culare, quod sentitur, necesse est esse hoc ali
783 1062 1353 1104 quid, & hic, & nunc, vniuersale autem non,
819 1095 1349 1142 Ad maiorem autem euidentiam harum con
789 1129 1349 1174 clusionum est intelligendum, quod tria con
785 1169 1343 1209 currunt necessario ad ipsum vniuersale. Pri
780 1200 1349 1246 mum est illud, quod est quasi fundamentum
781 1232 1345 1275 remotum vniuersalitatis, & hoc est aliqua na
783 1270 1340 1311 tura distinguibilis, & plurificabilis per ali¬
786 1307 1339 1352 quem gradum additum, siue sit essentialis
782 1341 1342 1379 ille gradus, quemadmodum natui a generis
779 1375 1339 1421 distinguitur, & plurificatur per gradus dif¬
779 1409 1345 1454 ferentiarum, qui sunt essentiales; siue talis
783 1445 1357 1493 gradus sit accidentalis, ficut natura specifica.
778 1475 1350 1525 plurificatur per gradus indiuiduales, qui sunt
779 1514 1355 1559 accidentales. Appello autem istud funda¬
779 1549 1349 1586 mentum remotum vniuersalitatis, quia licet
783 1582 1351 1622 haec natura sit distinguibilis, & plurificabilis.
785 1618 1351 1663 per aliquod additum, hoc tamen non sufficit
781 1649 1357 1694 ad fundamentum vniuersalitatis immedia¬
783 1686 1349 1734 tum, alioquin praefata natura esset vniuersa
780 1718 1356 1771 lis, antequam intellectus eam intelligeret,
781 1754 1343 1798 & sic vniuersalitas praeexisteret in rebus, &
786 1794 1351 1836 non faceret eam intellectus, quod est contra
782 1828 1180 1871 Auerroem in primo de Anima¬
809 1862 1345 1899 Secundum, quod concurrit ad rationem
787 1899 1357 1936 vniuersalitatis, est aliquod fundamentum ime
779 1934 1355 1974 mediatum, scilicet abstractio eiusdem natu¬
781 1966 1342 2004 rae ab hic, & nunc, & ab omnibus conditio¬
778 1997 1348 2043 nibus, per quas potest diuidi, & plurificari,
783 2035 1361 2076 quae quidem abstractio cum non sit iealis,
783 2068 1351 2108 fit solum per intellectum, qui dicitur facere
782 2102 1351 2156 vniuersalitatem in rebus, eo quod faciens
