1500 2010
132 144 615 188 est totum, quia multa comprehendit, vnde
137 184 613 217 si secudum hanc communitatem est aliquid
142 216 613 247 reale, necessario etiam est totum reale; Falsi¬
140 248 611 280 tatem probo, quia si esset totum reale non ha
137 271 607 304 beret totam suam essentiam, & realitatem in
136 303 612 336 qualibet sui parte, quod est falsum: nam prae
137 335 605 374 dicatur de qualibet sui parte praedicatione
133 361 611 402 essentiali, dicente hoc est hoc. Et sic patet
139 387 612 426 quomodo vniuersale est quid reale, & quid
135 417 226 451 rationis
161 443 608 481 Occurrit tamen dubitatio, nam si vniuer
130 473 605 511 sale quantum ad suum fundamentum, est quid
135 506 605 540 reale, & quantum ad formale complementum
133 536 611 568 est quid rationis, videbitur quid compositum
134 568 609 601 ex ente reali, & rationis: imo ex ente, & non
138 592 401 625 ente, quod est absurdum.
165 621 602 660 Ad quod dico dubitationem non procedere,
137 651 608 688 quia ista duo, vel tria non ingrediuntur in¬
131 685 604 715 trinsece rationem vniuersalis, sed solum alte
135 711 602 740 rum illorum scilicet, esse vnum in multis, &
133 740 607 776 commune multis, & ideo sicut subiectum non
130 769 596 803 ingreditur intrinsece rationem priuationis
139 797 602 829 priuatio tamen requirit determinatum su¬
129 825 607 862 biectum, sic etiam fundamentum vniuersali
126 856 606 889 tatis non ingreditur intrinsece rationem vni
130 888 597 920 uersalis, quamuis vniuersale requirat deter¬
124 914 609 949 minatum fundamentum: Quapropter sicut
126 947 604 981 priuatio quantum ad fuum fundamentum
131 974 598 1008 est quid reale, quantum vero ad suum forma
123 1001 601 1036 le est non ens; sic in proposito: vniuersale fun
125 1034 607 1064 damentaliter est ens reale, formaliter vero
121 1059 265 1096 est non ens
157 1082 596 1127 Nec obstat si dicatur, quod vniuersale pri
129 1114 606 1150 dicatur de particulari essentialiter, praedica¬
124 1150 608 1183 tione dicente, hoc est hoc, quia non est intel
126 1178 607 1213 ligenda dicta praedicatio, quasi quod vniuer¬
120 1209 608 1238 salitas sit id, quod praedicetur, quia tunc non
127 1236 604 1270 ens posset praedicari essentialiter de ente, quod
127 1265 604 1301 est falsum; lllud ergo, quod ibi praedicatur,
129 1292 609 1328 non est ipsa vniuersalitas, sed fundamentum
126 1324 600 1363 vniuersalitatis: Est tamen notandum, quod
128 1353 607 1393 quamuis vniuersalitas non dicat aliquid po
124 1380 598 1415 sitiuum supra suum fundamentum, necessa¬
128 1409 604 1447 rio tamen est requisita in actu praedicationis,
130 1443 606 1478 quia fundamentum vniuersalitatis ideo prae
126 1472 603 1501 dicatur, quia apprehenditur per modum for
120 1503 606 1537 mae inexistentis ijs, de quibus praedicatur, quae
124 1529 601 1567 quidem apprehensio illi non competit, nisi
123 1558 601 1590 ex eo quod est sub vniuersalitate, & ideo o¬
127 1586 597 1625 portet immaginari, quod sicut non obstante.
127 1613 595 1654 quod priuatio non dicat aliquid supra mate
122 1645 604 1677 riam, materia tamen non posset esse subiectum
124 1676 605 1712 generationis, nisi haberet priuationem anne¬
128 1702 608 1737 xam, ita in proposito, non obstante quod vni
118 1729 600 1760 uersalitas non dicat quid positiui supra suum
127 1761 605 1793 fundamentum, ipsum tamen fundamentum
120 1788 605 1837 non posset esse subiectum praedicationis, nisi
635 146 1113 213 haberet annexam vniuersalitatem: haec satis.
670 204 1076 267 ARTICVLVS QV.ARTVS.
631 266 1107 329 An primum cognitum ab intellectu nostro
750 305 988 353 sit aliquid vniuersale¬
656 406 1109 460 iam dictis in praecedentibus articulis
644 458 1108 490 potest aliquo modo haberi, quid huic
626 484 1107 519 artic, sit dicendum. Nam si loquamur de vni
637 511 1110 548 uersali quantum ad suum fundamentum re
634 540 1109 577 motum, quomodo praeuenit actum intelle¬
633 569 1107 607 ctus, sic non potest esse primum cognitum
627 597 1102 638 ab intellectu; quia hoc modo habet esse hic
634 624 1105 666 & nunc, & est intelligibile in potentia; im¬
635 657 1094 699 mo non aliud, quam ipsa forma singularis.
656 680 1109 733 Si vero loquamur de vniuersali quantum
626 714 1100 754 ad suum fundamentum immediatum, quod
635 740 1105 783 est esse abstractum ab hic, & nunc, sic etiam
633 771 1109 812 dico, quod non est primum cognitum, sed est
638 796 1106 844 prima ratio cognoscendi formam illam, quae
633 830 1104 871 habet tale abstractum, quod probo tali ratione.
656 858 1101 899 lllud est prima & immediata ratio cogno
633 882 1106 929 scendi rem aliquam, quod primo, & imme¬
628 918 1098 957 diate facit proportionem inter rem illam, &
627 951 1103 979 actum cognoscendi,; sed hoc facit esse abstra¬
630 974 1105 1009 ctum, quod est immediatum fundamentum
633 1006 1105 1041 vniuersalitatis, ergo &c. Maior videtur nota,
638 1035 1100 1066 quia sublata proportione rei cognitae ad a¬
631 1064 1108 1102 ctum cognitionis, vel nulla erit cognitio, vel
632 1089 1105 1125 saltem non erit illa, quae terminatur ad rem
629 1122 1104 1156 cognitam, & sic res manebit incognita, nisi
633 1154 1105 1190 adsit aliquid faciens proportionem, quod vo
637 1179 1105 1218 tabitur prima ratio cognoscendi. Minor pro
632 1207 1104 1242 batur, nam res cognita habet terminare, &
627 1238 1100 1280 mensurare actum cognitionis intellectus per
626 1267 1104 1299 hoc solum, quia est abstracta ab hic, & nunc
632 1296 1107 1339 & ab omnibus extraneis; actus enim cogni¬
628 1323 1109 1357 tionis intellectus est abstractus ab hic, & nuc
627 1356 1096 1386 idcirco requirit terminum, & mensuram si¬
633 1385 1100 1433 militer abstractam: Tota ergo proportio con
627 1409 915 1452 sistet in hoc esse abstracto.
654 1434 1108 1489 Non est tamen huiusmodi vniuersale pri¬
632 1471 1050 1511 mum cognitum, quod probo dupliciter.
662 1495 1105 1540 1 Illud, quod non potest cognosci nisi
628 1527 1102 1561 actu reflexo, non potest esse primum cogni¬
631 1561 1107 1593 tum, sed esse abstractum, quod est immedia¬
626 1585 1096 1626 tum fundamentum vniuersalitatis, non potes
628 1618 1106 1650 cognosci ab intellectu, nisi actu reflexo, ergo
631 1645 1099 1680 &c Maior est nota, quia actus reflexus non
632 1677 1102 1710 potest esse primus actus, & per consequens,
624 1706 1106 1743 nec cognitum per eum erit primum cogni¬
628 1736 1100 1767 tum. Minor probatur: quia res cognita non ha
634 1762 1105 1796 pet esse abstractum nisi inquantum terminat
630 1794 1104 1834 actum intellectus, & ideo non potest cogno
