1500 2040
95 144 581 190 stigium Trinitatis, nam omnis effectus in
103 185 581 222 quantum effectus est, respicit tres personas,
110 218 576 252 non vt sunt tria, sed vt vnum essentialiter
107 242 587 277 Tum, quia quaelibet pars vestigij esset vesti¬
104 276 585 312 gium, quia quaelibet est effectus Dei, vel ani
113 304 452 349 malis respectu eius vestigij.
139 330 578 370 Vlterius, non videtur verum, quod ima¬
102 360 582 408 go ducat in cognitionem rei solum per mo¬
110 395 583 431 dum similitudinis, & non effectus. Tum, quia
102 426 580 458 ostensum est, quod imago est causata ab eo
106 449 585 483 cuius est imago, mediate, siue immediate
113 482 585 518 Tum, quia modus cognoscendi per imaginem
106 511 589 545 est perfectior, & superior cognitione, quae
104 539 584 582 habetu per vestigium, & per consequens,
103 567 582 605 debet continere quicquid perfectionis est
102 597 190 639 in illa
138 625 583 664 Quapropter videtur mihi dicendum, quod
102 658 584 689 vestigium, & imago in hoc coincidunt, quod
111 690 583 721 vtrumque est similitudo diminuta, licet ima¬
102 721 580 757 go sit minus diminuta, & magis perfecta;
103 751 587 783 non tamen simpliciter perfecta, quod patet,
96 783 582 814 nam vestigium sic est diminuta similitudo,
107 807 583 846 quod solum rem, quantum ad communia,
104 837 580 875 representat, vel quantum ad quaedam appre
106 865 582 903 priata, non autem quo ad aliquid proprium;
102 899 581 933 signum enim derelictum in puluere ex pe¬
109 923 591 960 de alicuius animalis, ipsum representat quam
104 959 588 989 tum ad figuram, quam habet communem
101 981 585 1020 cum omnibus pedibus eiusdem speciei, siue
108 1013 582 1050 etiam quantum ad quantitatem: & si con¬
103 1041 589 1080 tingat quod representet ipsum, quantum ad
108 1069 585 1107 determinatum modum figurationis, vel ad
109 1099 587 1136 determinatam magnitudinem quantitatis,
106 1137 589 1167 tunc erit perfectior similitudo, quia attinger
106 1160 584 1197 appropriata; siquidem iste determinatus
106 1189 581 1229 modus figurationis, & determinata magni¬
108 1225 583 1256 tudo quantitatis, quamuis non sint commu¬
104 1248 586 1286 nia omnibus, quae sunt eiusdem speciei, non
109 1276 590 1316 tamen propter hoc sunt propria; quia pos¬
108 1310 584 1345 sunt in pluribus reperiri: ldeo nec commu
101 1334 587 1375 nia, nec propria, sed appropriata dici debent.
108 1371 580 1403 Si vero vlterius contingat, quod vestigium
106 1396 582 1434 representet rem etiam quantum ad aliquid
112 1425 584 1467 proprium, quod noninueniatur in alio, vel
115 1455 590 1490 valde de difficili, vel valde raro, tunc erit si
110 1482 583 1522 militudo perfectior, & accedet ad rationem
107 1512 585 1550 imaginis : Vnde dicebatur superius, quod
102 1549 584 1580 imago est similitudo perfectior, quia repre¬
105 1573 590 1611 sentat rem, cuius est imago, quo ad commu¬
105 1603 581 1641 nia, & appropriata, &etiam quo ad propria;
114 1631 587 1670 ldcirco continet quicquid perfectionis est in
111 1669 583 1704 vestigio. Hinc est quod imago sculpta in ali¬
116 1691 590 1736 qua materia non dicetur proprie imago per
108 1724 592 1757 sonae, nisi representet eam, quantum ad quae
111 1751 587 1788 dam lineamenta propria, quae non reperian¬
112 1777 461 1823 tur in alio, vel valde de difficili¬
135 1806 604 1859 Ad propositum ergo dico, quod vestigium
608 142 1087 190 Trinitatis in creatura representat Trinitaten
607 186 1085 221 increatam, quantum ad quedam communia,
611 213 1096 250 & appropriata; imago vero vltra hoc repre
607 244 1089 278 sentat etiam quantum ad quaedam propria,
612 278 1092 313 quod facile declaratur : Videmus enim tria
609 305 1086 346 esse in illa Trinitate increata, quae possunt
611 334 1089 370 per vestigium representari, scilicet numeri
613 361 1087 392 determinationem, numeratorum ordinantio¬
607 396 1090 430 nem, & ordinatorum connexionem: Est. n¬
610 421 1092 454 ibi numeri determinatio, quia sunt tantum
613 451 1095 484 tres personae, non plures, nec pauciores, est
610 476 1086 512 ibi numeratorum ordinatio, quia inter diui¬
608 510 1088 548 nas personas est vere ordo sine priori, & po
609 540 1089 572 ster., vt patebit in ro distinctione, est etiam
610 569 1089 601 ibi ordinatorum connexio; quia diuinae per¬
608 597 1089 633 sonae sunt adinuicem inseparabiliter conne¬
615 626 1095 663 xae. Haec tria representantur per vestigium
607 656 1085 688 in creatura, in qua est numeri determina¬
606 688 1083 719 tio, quae complectitur in numero ternario,
604 717 1080 754 habet, enim tres partes tantum, puta nume¬
607 745 1090 779 ri ordinationem, quia omnia in numero, po
610 775 1090 807 dere, & mensura facta sunt, numerorum or¬
611 803 1089 838 dinationem quia vna pars vestigij est prima,
607 835 1089 866 alia media, alia vltima, ordinatorum conne¬
615 863 1093 900 xionem, quia partes vestigij sic sunt conexae,
611 896 1087 934 quod nequeunt inuicem separari. Quae re¬
617 925 1086 961 presentatio est quantum ad communia, tum
615 954 1092 995 quia quodlibet istorum trium comperit toti
621 979 1099 1015 Trinitati, & non potest competere vni soli
621 1009 1091 1051 personae, tum etiam, quia cognitio Trinita¬
617 1040 1097 1079 tis, quantum ad quodlibet horum trium, est
607 1067 883 1107 conrusa, & indistincta.
647 1091 1088 1134 VIterius declaro quomodo vestigium re¬
618 1120 1091 1165 presentet, quantum ad quaedam appropria¬
611 1154 1085 1198 ta; nam videmus, quod perfectiones simporta
617 1189 1084 1230 tae per partes vestigij, quamuis sint commu¬
617 1215 1082 1251 nes omnibus diuinis personis, habent tamer
620 1243 1088 1283 quendam appropriationem, ratione culus vna
620 1277 1082 1318 pars magis determinate representat vnam
614 1303 1085 1346 personam, quam aliam, (exempli gratia) vni¬
612 1332 1087 1366 tas, veritas, & bonitas, secundum quod sunt
617 1364 1089 1403 n Deo, sunt communia omnibus personis; quia
617 1393 1092 1432 dicunt perfectionem simpliciter, & tamen vni
614 1417 1088 1462 tas appropriatur Patri, quia vnitas est princi
616 1451 1094 1492 pium numeri, & pater est principium diui¬
613 1479 1084 1521 narum personarum; veritas appropriantur fi¬
615 1511 1097 1545 lio, quia procedit per modum intellectus, cui
611 1542 1089 1578 attribuitur verum, bonitas autem appropria¬
610 1563 1096 1604 tur Spiritui Sancto, quia procedit per modum
613 1600 1087 1631 voluntatis, cuius obiectum est bonum, & io
608 1626 1092 1660 haec tria, secundum quod suut partes vesti¬
613 1657 1094 1696 gij in creaturis, indeterminate representant
617 1683 1099 1728 diuinas personas, & quaelibet pars magis de
610 1714 1098 1752 terminate representat vnam personam, quam
609 1744 1091 1777 alteram, vnitas enim magis determinat Pa¬
617 1771 1101 1811 trem, quam alias personas, veritas Filium, &
594 1805 1098 1854 bonitas Spiritum Sanctum, & sic patet quo¬
