1500 2373
262 169 785 221 Quapropter, oportet distinguere vtrobiqu
226 212 786 254 de esse reali. Dico ergo quod tribus modis
231 247 793 291 potest intelligi quod aliqua distinctio sit
227 280 783 330 realis ex natura rei : Vno modo, quod talis
219 314 791 359 distinctio ponat in re aliquam pluralitatem
227 352 785 395 realem, & iste sensus non valet in proposi¬
221 386 781 426 to, quia nullus diceret, quod praefatae ratio¬
221 418 787 461 nes dicant plures realitates. Secundo mo¬
219 453 779 500 do potest intelligi quod talis distinctio sit ex
220 489 783 526 natura rei; quia ponit in re aliquam plura¬
217 524 781 566 litatem formalem, sicut imaginatur opinio
218 563 773 598 superius recitata, & iste intellectus non po¬
221 593 780 631 test habere locum in proposito, vt superius
219 624 785 671 fuit ostensum. Tertio modo potest intelligi,
222 672 781 707 quod aliqua distinctio sit ex natura rei, non
220 699 784 735 quia ponat in re aliquam pluralitatem rea¬
222 732 784 769 lem, vel formalem, sed quia ponit in re vim
221 765 781 811 pluralitatis realis, secundum quam potest di
222 798 779 842 uidi, & praescindi diuisione aequipollente
217 836 779 876 reali; & hunc sensum concedo, quia uatum¬
218 868 777 914 cuque aliqud obiectu diuersarum poiarum sit sim¬
221 898 775 950 plex, habet tamen in se vim pluralitatis realis, ex
218 940 777 980 eo quod potest correspondere diuersis poten
218 974 773 1015 tijs diuerso modo, ac si essent diuersa obie¬
219 1008 780 1051 cta, propter quod etiam anima necessitatur
220 1042 773 1084 ad distinguendum inter obiecta diue sas ra¬
218 1078 777 1119 tiones, secundum quas obiectum prescindi¬
220 1119 779 1154 tur, & quasi diuiditur per diuersas potentias,
222 1146 775 1186 & ideo quaelibet potentia per actum suum
215 1181 776 1225 diuidit obiectum, secundum illud, quod po¬
215 1213 493 1263 test attingere de ipso.
253 1240 784 1290 Ad propositum ergo dico, quod vnum, ve
220 1283 775 1327 tum, vel bonum, sunt rationes reales secun¬
215 1317 775 1364 dum quas, & in quas obiectum ipsum ex na
217 1354 778 1395 tura rei distinguitur, siue per actus diuersa¬
227 1388 773 1426 tum potentiarum, siue per actum eiusdem
225 1426 771 1467 potentiae: quocunque modo hoc contingat non
216 1453 776 1500 curo modo breuitati studens; quia de hac
215 1500 777 1536 re satis dictum est in quaestione de obiecto
219 1530 773 1570 voluntatis in prima distinct, ad quem locum
213 1562 771 1603 me remitto: & haec dicta sint de distinctione
214 1591 472 1650 inter partes vestigij¬
251 1648 736 1710 ARTICVLVS TERTIVS
249 1726 739 1779 An partes imaginis sint in anima rea¬
395 1769 581 1813 liter distinctae
282 1914 768 1989 Espondent quidam huic articulo, quod
216 1971 772 2019 E duae partes imaginis scilicet notitia, &
211 2010 773 2054 amor non habent esse reale in anima, sicut
209 2045 772 2085 duae potentiae, vel duo actus, quemadmodum
219 2083 769 2120 plures imaginatur, sed sunt penitus vna res,
209 2110 765 2167 duplicata tamen secundum esse intentiona¬
822 163 1382 219 le, vt statim declarabitur, hoc enim probat.
820 216 1376 256 auctoritate Augustini 9. de Trinit cap. 1o¬
823 245 1380 283 vbi vult, quod cognitio, & amor non insint
818 280 1372 322 menti tanquam subiecto, sicut color, aut fi-
814 311 1379 355 gura corpori; constat autem, quod si essent
816 355 1377 395 duae potentiae, vel duo actus, essent in ani¬
823 385 1303 428 ma, sicut color, & figura in corpore.
854 415 1375 463 Vlterius ibidem vult Augustinus, quod,
816 454 1379 495 cum mens se totam noscit, ipsa tota est noti
812 486 1376 532 tia, & cum perfecte se amat est tota amor, &
819 525 1375 565 ita videtur esse de intentione eius, quod pre
808 558 1378 591 fata duo non sint in anima, sed sine ipsa ani¬
806 592 1379 633 ma: quod non potest habere veritatem, nisi
814 627 1370 668 ponamus eandem substantiam animae esse
808 664 1260 705 posita sub duplici esse intentionali.
846 699 1389 739 Ad declarationem ergo proposit probat.
815 730 1370 767 duas propositiones, prima est ista, quod per
809 765 1377 800 actum intellectus res intellecta ponitur in
811 800 1377 841 quodam esse conspicuo, & apparenti, quod
813 830 1343 882 quidem esse est intentionale; primo sic.
852 875 1367 907 Actus intellectus non est minus forma¬
808 903 1375 938 tiuus, quam actus sensus, sed actus sensus
815 936 1369 978 ponit rem sensatam in quodam esse conspi¬
810 973 1372 1019 cuo, & apparenti; ergo multo magis actus
806 1006 1373 1051 intellectus: Maior patet, & Minor proba¬
808 1042 1377 1079 tur per plures experientias, & maxime per
811 1077 1374 1119 ea, quae apparent in ludificationibus, in qui
807 1110 1371 1157 bus sensus decipitur, & cum quis in naui de
811 1145 1371 1186 feratur, videtur sibi, quod arbores in ripa
808 1182 1104 1225 manentes moueantur.
841 1215 1371 1261 Nec potest dici, quod ille motus visui ap
813 1250 1371 1292 parens sit in oculo, quia tunc oculus vide¬
806 1286 1361 1330 ret ea, quae sunt in se; & per consequens es¬
810 1319 1367 1357 set potentia reflexiua, nec est in arboribus;
809 1355 1359 1394 quia ipsae non mouentur. Ideo tales motu
810 1388 1371 1434 non habent aliquod esse verum, & reale, sed
805 1424 1365 1466 apparens, & intentionale, in quo ponitur pr
804 1457 1369 1492 actum visionis & sic concludunt, quod actus
805 1489 1369 1529 sensus sit formatiuus, quia potest ponere re
807 1526 1366 1567 sensatam inesse apparenti, & conspicuo; &
813 1563 1366 1604 per consequens multo fortius hoc poterit
807 1593 1028 1636 actus intellectus.
836 1628 1365 1672 Secundo ad idem: lllud, quo mediante
802 1663 1369 1703 anima ante conspectum suum ponitur; po¬
807 1703 1367 1745 nit eandem animam in esse conspicuo, & ap
803 1734 1368 1777 parenti, sed hoc facit intellectus cogitantis;
807 1773 1365 1810 ergo &c Maior patet, & Minor probatur,
800 1809 1365 1847 per P. August. 4. de Trinit. cap. 8. vbi ait:
807 1837 1365 1883 quod tanta est vis cogitationis, Vt nec ipsa
798 1874 1362 1916 mens in conspectu suo se ponat, nisi ante se
798 1909 1365 1945 cogiter : Constat autem, quod illa cogitatio,
805 1943 1363 1987 & illa geminatio, cum ante conspectum suum
806 1974 1365 2023 se ponat, non potest esse ibi secundum duo
799 2012 1363 2048 esse realia, ergo erit saltem secundum alte¬
805 2047 1359 2088 rum illorum intentionale; & per consequens,
799 2077 1361 2121 anima capiet tale esse per actum cogita¬
801 2114 1011 2170 tionis.
