1500 2046
122 148 603 196 eludo quatum ad totam quaestionem, quod
120 189 432 223 in diuinis est vera generatio.
128 218 598 254 AD RATIONES PRINCIPALES.
195 251 598 284 D primam, nego consequentiam, ad pro
122 259 596 323 bationem cum dicitur, quod vera ge¬
121 313 602 344 neratio est vera actio de genere actionis; ne¬
118 340 606 378 go, ostensum est enim in primo articulo, quod
127 370 599 408 generatio in creaturis non est actio, sed po¬
131 393 605 431 sius finis, & terminus ipsius Dato tamen quod
123 429 605 463 esset vera actio, adhuc ratio non valet, quia
124 459 603 498 generatio in diuinis non inuenitur secundum
122 486 609 527 omnes conditiones, secudum quas reperitur
123 516 604 551 in creaturis, propterea licet concluderet in
122 543 604 582 his inferioribus, in diuinis autem non valet.
124 573 606 609 Verum est tamen, quod illa ratio videtur pe
121 602 610 639 tere, an in Deo sit actio de genere, & praedi
122 636 603 672 camento actionis, sed de hoc fortasse alias
118 666 604 704 erit locus; Ad praesens sufficit scire quod ra
124 693 333 736 tio illa non cogit.
152 722 605 759 Ad secundam concedo maiorem, sub isto
122 754 607 787 sensu scilicet, quod vbi est vera generatio,
123 784 605 819 ibi sunt conditionis necessario requisitae ad
123 814 603 846 eam, dummodo illae conditiones sequantur
121 842 603 885 generationem absolute, secundum se ipsam,
122 873 597 908 & non propter defectum generantis, vel na
121 902 605 936 turae communicatae per generationem: sed
121 929 608 972 tunc minor est falsa, nam quod generatio re
125 960 610 1003 quirat pro subiecto materiam, & habeat cor
122 995 605 1024 ruptionem oppositam, non conuenit illi, vt
124 1018 609 1065 est generatio secundum se, sed in quantum
123 1049 607 1087 est species mutationis; non est autem species
121 1080 605 1117 mutationis, nisi ex defectu naturae communi
127 1108 607 1150 catae per eam (vt supra dictum est) & haec cir
118 1140 420 1188 ca quartam distinctionem.
118 1191 606 1231 DISTINCTIONIS QVINTAE.
212 1253 519 1300 QV.AESTIO PRIMA
161 1317 583 1351 Vtrum diuina essentia sit generans
156 1521 576 1559 ARGVITVR AD PARTEM
302 1552 438 1590 affirmantem.
215 1614 607 1651 Mnis actus, qui attribuitur supposi¬
182 1640 606 1684 to, potest attribui formae, sed genera
127 1668 600 1705 re attribuitur supposito, patris; ergo potels
127 1699 606 1736 attribui essentiae, quae se habet ad modum for
127 1729 599 1766 mae; Minor est nota, Probo maiorem, nam a¬
131 1759 609 1801 ctus non attribuitur supposito, nisi per for¬
129 1790 611 1823 mam, quia non agit, nisi secundum quod est
131 1817 602 1863 in actu, est autem in actu per formam: ergo
626 157 1115 198 agit per eam, omnis ergo actus prius attribui¬
618 194 933 235 tur formae, quam supposito;
661 224 1116 262 2 Quando aliqua duo sunt idem, quicquid
633 252 1110 287 attribuitur vni, necessario etiam attribuitur
626 284 1113 317 alteri; sed diuina essentia, & pater sunt idem;
628 312 1106 344 ergo actus generationis qui attribuitur pa¬
630 342 1109 377 tri, necessario etiam attribuitur essentiae; Ma
633 371 1117 414 ior videtur nota; Minor probatur, quia si pa
628 399 1112 435 ter, & essentia non essent idem, facerent in
630 430 874 470 Deo compositonem.
655 455 1091 504 ARGVITVR AD PARTEM
818 489 927 530 negantem.
668 516 1106 559 N Contrarium est determinatio Magi¬
666 549 1112 593 stri per Sacrum Concilium approbata
630 581 991 617 in illa decretali Damnamus, &c
661 602 1114 647 RESPONDEO: in ista quaestione tria
626 636 786 672 sunt videnda
654 661 1113 704 1 An actus qui debetur supposito, possit
634 697 1112 730 attribui formae, per quam est in actu, & an
636 726 1109 771 primo formae, quam supposito in creaturis,
633 755 806 792 sit attribuendus
658 778 1115 819 2 An duobus existentibus idem inter se,
636 813 1119 854 possit quidam actus ita vni attribui, vt non
632 843 834 879 attribuatur alteri.
658 873 1118 914 3 An actus generationis, diuinae naturae
628 901 1110 942 ita sit attribuendus, vt possit dici generans.
675 955 1083 1006 ARTICVLVS PRIMVS.
633 1020 1117 1053 Vtrum actus, qui debetur supposito in crea¬
667 1050 1080 1087 turis, possit attribui formae, per quam
739 1080 995 1121 suppositum est in actu
646 1192 1110 1235 Ro huius articuli dilucidatione est no¬
674 1225 1110 1263 tandum, quod non loquor in praesenti
630 1263 1109 1293 de supposito secundum esse abstractum, &
630 1290 1113 1329 vniue sale, quod potest habere, quia hoc mo
630 1318 1111 1359 do non debetur ei aliquis actus, nec aliqua
630 1346 1116 1380 operatio; Nam cum omnis actus, & operatio
637 1378 1112 1419 sit singularium per Aristo. In prologo Meta
631 1408 1112 1443 Vniuersalia sicut abstrahuntur ab omni mo¬
636 1440 1117 1478 tu, ita etiam ab omni operatione seiunguntur;
639 1467 1109 1503 ed loquor in praesenti de supposito signato,
630 1498 1108 1530 & particulari, & secudum hoc dico, quod non
631 1522 1110 1562 dum actus generationis, per quem introdum¬
633 1553 1111 1591 cta est quaestio, sed omnis etiam alius actus
630 1584 1109 1620 huic supposito debetur per se: formae autem
636 1616 1105 1649 no potest attribui, nisi forte per accidens,
633 1648 1105 1686 quod patet ex tribus conditionibus, quas ha
634 1669 1112 1708 bet suppofitum hoc modo acceptum, quae for
631 1702 949 1742 mae haud conuenire possunt
662 1732 1205 1769 Prima quidem est, quod suppositum per Tres con¬
637 1759 1117 1804 se generatur, forma autem non uisi per acci
634 1789 913 1830 dens per Arist. 5. Metaph¬
674 1811 1107 1869 Secunda, quia suppositum est ens per
