1500 2025
114 148 594 203 pter suum modum cognoscendi, quia non po
118 198 584 224 test venire in perfectam cognitionem anim;
118 221 592 260 humane, siue ipsius hominis, nisi procedendo
120 252 586 291 per diuersos gradus cognitionis, & compa
118 277 588 313 rando eum ad ea, cum quibus habet similitu
118 310 593 341 dinem, sicut patuit superius: & hoc ideo di-
115 337 592 373 xi; ne videar contradicere ijs, quae dixi in
114 369 596 411 questione de attributis; & quia hoc maxime
117 396 599 439 est ad propositum, quo etiam fortasse alias
122 426 583 468 vtar; idcirco est vlterius intelligendum
120 454 594 495 quod sensitiuum, & intellectiuum quando¬
120 485 595 527 que nominant mihi diuersos conceptus quid
119 515 595 548 ditatiuos constituentes duo vniuersalia, scili¬
120 547 597 580 cet genus, & differentiam, & isto modo ne¬
119 573 601 607 cessitatur intellectus ab ipsa re intellecta ad
118 605 601 636 eorum distinctionem, quia nullo modo vide
133 634 603 663 tur possibile, quod genus & differentia ha¬
124 659 602 705 beant vnum conceptum quidditatiuum apud
128 691 600 734 aliquem intellectum creatum, quandoque ve¬
120 719 608 755 ro sensitiuum, & intellectiuum nominant di
125 751 604 791 uersos gradus cognitionis, per quos procedit
123 779 611 812 intellectus ad cognoscendum animam huma
122 808 603 841 nam, & isto modo necessitatur ad eorum di¬
122 840 604 879 stinctionem non a re ipsa, sed magis a suo im
126 868 602 908 perfecto modo cognocendi: Nam vbi habe¬
131 894 605 937 ret ita perfectum modum cognoscendi, sicut
134 925 608 960 Angelus, nunquam ad cognoscendum ali¬
130 956 606 995 quam formam per tales diuersos gradus co¬
126 985 603 1028 gnitionis procederet, & ideo isto secudo mo
126 1014 604 1053 do vsus fui praefato exemplo in quaestio, de
126 1043 245 1079 attributis.
144 1072 613 1113 Ex quibus omnibus apparet, quid dicen¬
127 1100 603 1142 dum sit ad primum dubium, videlicet quodi
134 1130 608 1162 circumscripto omni actu intellectus, est ali¬
133 1158 607 1193 qua distinctio inter sensitiuam hominis, &
129 1185 606 1223 intellectiuam, non quidem complete, & actua
130 1220 606 1251 liter, quia tunc essent duae res distinctae, &
134 1249 606 1289 ponerent ad se inuicem in numerum, quod
136 1275 604 1310 est falsum, sed est quaedam distinctio incom¬
130 1305 610 1349 pleta, & possibilis eo modo, quo dictum fuit.
166 1336 616 1372 Secudum dubium, quod occurrit contra di
137 1363 612 1402 cta, est, quia quaeret aliquis de isto reali, quod
134 1401 612 1434 competit sensitiuae hominis, & non potest at
136 1423 615 1456 tribui suae intellectiuae: Vtrum sit aliquid rea
134 1449 612 1486 liter distinctum ab ipsa sensitiua, vel idem
138 1486 616 1517 eum ea: si dicatur, quod sit aliud realiter di¬
140 1509 620 1545 stinctum ab ea, tunc facit compositonem cum
134 1542 611 1581 ea, & quia sensitiua in homine est idem reali
138 1570 610 1607 ter, quod intellectiua, quicquid facit compo
139 1598 611 1632 sitionem realem cum vna necessario compo
138 1628 621 1666 nitur cum altera, si autem dicatur, quod sit
142 1658 621 1693 idem cum ea, tunc etiam necessario erit idem
134 1685 620 1730 cum intellectiua, & per consequens etiam isto
140 1720 617 1752 modo non poterit competere vni, cum com¬
140 1746 272 1794 petat alteri.
180 1775 622 1816 Ad hoc ergo est dicendum, quod illa rea¬
138 1805 620 1855 ls similitudo, quae ponitur conuenire sensi¬
625 150 1107 209 tiuae hominis, non addit aliquam rem supra ea
624 190 1093 235 intrinsece; addit tamen ab extra exigentiam
622 220 1095 265 extrinseci termini, ad quem est illa similitu¬
618 252 1096 296 do: Cum ergo arguitur, quod si ista similitu¬
624 281 1095 321 do esset idem cum sensitiua, sequeretur, quod
629 309 1093 357 etiam esset idem cum intellectiua; possem re
626 340 1103 380 pondere dupliciter, vno modo dicedo, quod
626 373 1102 402 verum est, si prefata similitudo esset omnino
630 397 1102 439 idem cum sensitiua, nunc autem quamuis sit
628 427 1096 471 idem, quantum ad illud, quod intrinsece di¬
633 457 1105 506 cit, non est tamen idem quantum ad id, quod
622 486 832 534 extrinsece coexigit.
655 506 1113 555 Alio modo possum dicere, & melius, quod
632 546 1114 584 si sensitiua, & intellectiua in homine essent
634 572 1103 606 omnino idem, & secundum actum, & secun¬
627 604 1100 636 dum potentiam, tunc non competeret aliud
630 633 1105 667 sensitiuae, quod non posset attribui ipsi intel
632 663 1103 694 lectiuae, & maxime si ex illo reali attributo
628 690 1101 734 sumatur illa distinguibilitas, sicut est in pro
639 721 1110 757 posito; nam ideo sensitiua est distinguibilis
631 750 1113 790 ab intellectiua in eadem anima humana; quia
634 781 1112 817 habet realem similitudinem ad animam bru
634 810 1108 849 ti, cum qua non habet similitudinem ipsa in
634 841 1112 875 tellectiua: Patet ergo quid sit dicendum ad
641 868 1109 904 secundum dubium Apparet etiam ex omni
630 897 1110 937 bus, quae dicta sunt, illud, quod primo pro¬
638 924 1112 966 ponebam declarare circa istum articulum s¬
647 956 1113 989 uod duobus existentibus idem secundum
637 985 1109 1018 rem, distinctis tamen secundum rationem,
634 1015 1112 1064 possit aliud competere vni, quod non com¬
637 1043 775 1096 petat alteri.
662 1064 1116 1115 Potest etiam ex istis haberi, quod illi, qui
648 1106 1123 1149 ponunt formalitates, incidunt in opinionem
637 1131 1124 1162 communem, velint, nolint: Nam cum illa di¬
642 1159 1114 1192 stinctio formalis non constituat veram plura
639 1189 1113 1224 litatem realem in re, in qua est, vt ipsimet con
638 1219 1108 1260 cedunt, cogimur dicere necessario, quod ta¬
646 1246 1121 1279 is distinctio sit incompleta, & possibilis, &
642 1280 1108 1326 per consequens si compleatur, & de potentia
645 1304 1113 1342 ad actum reducatur, vel hoc fiet per realem
647 1335 1113 1369 diuisionem, sicut quando diuiduntur partes
637 1365 1121 1405 continui, vel per diuisionem rationis; sicut i
650 1396 1117 1431 proposito, quando diuiditur sensitiuum ab
643 1424 1117 1465 intellectiuo in eadem anima humana, quia
646 1453 1111 1485 ibi non est possibilis esse realis diuisio; ergo
644 1477 1112 1514 omnis distinctio vel est realis, vel rationis, &
642 1511 1065 1543 sic redimus ad opinionem communem.
675 1538 1115 1575 NVNC vlterius restat secundo loco de¬
649 1568 1119 1612 clarare, quod duobus existentibus idem se¬
642 1598 1112 1641 cundum rem, distinctis tamen secundum ra¬
643 1628 1119 1659 tionem, potest aliud reale, & essentiale com¬
648 1658 1119 1691 mune vtrique, formaliter denominet vnum,
646 1688 1121 1721 & non denominando alterum, hoc autem est
650 1714 1116 1747 facile intelligere. Videmus namque, quod al¬
653 1743 1121 1784 pum, & albedo in quantum ad principale si¬
652 1774 1122 1812 gnificatum sunt idem realiter, & idem prae¬
651 1803 1131 1843 dicamentum essentiale competit vtriqu puta
