1500 2075
114 149 596 209 torum, quae praedicatur de eo per se primo
119 200 601 232 modo, & per consequens praedicatum nul¬
126 230 605 265 lum per accidens potest eum denominare.
122 261 611 298 Concretum vero quia concernit aliquid, quod
123 289 611 324 est preter suam rationem quidditatiuam, ideo
122 319 611 356 non solum recipit denominationem illorum
126 350 609 397 praedicatorum, quae praedicantur de eo per
123 379 615 421 se, in primo modo, sed etiam illorum, quae pro
118 412 615 443 dicantur deleo per accidens quia ergo essen
127 441 617 477 tia est nomen abstractum, non potest recipe¬
128 470 609 506 re denominationem alicuius actus, nisi ille
122 501 616 537 actus competat sibi per se in primo modo; &
123 530 613 565 quia generare non comperit per se essentiae,
122 563 621 598 sed personae, vt visum est; relinquitur, quod
118 592 611 621 nullo modo possit sibi attribui, vel eam deno
127 623 427 657 minare, etiam per accidens
161 646 620 685 Haec responsio quamuis sit satis commu¬
123 676 620 724 nis mihi tamen non satisfacit propter tria
124 711 611 749 1 Quia videmus in istis inferioribs, quod non
124 738 623 770 obstante, quod forma sit nomen abstractum
126 771 622 804 ille tamen actus, qui competit supposito per
127 803 621 834 se, potest attribui formae per accidens, secun¬
129 832 619 865 dum Aristot. & Com. quod non est propter
122 860 609 901 aliud, nisi quia forma est aliquid composit
126 893 622 929 ergo a simili, non obstante quod diuina essem
129 919 622 960 tia sit nomen abstractum, quia est aliquid ip
124 951 621 988 sius suppositi paterni, immo (vt melius loqua
131 983 611 1020 mur) est ipsum suppositum paternum, cuii
125 1013 624 1051 se competit actus generandi; videtur, quod
126 1040 625 1083 praefatus actus posse sibi attribui per accidens.
155 1069 616 1104 2 Praeterea sicut abstractio essentiae non
126 1097 620 1133 impedit eam praedicari de supposito paterno
127 1134 624 1172 pari ratione videtur, quod non debeat impe
129 1162 625 1197 dire eam a denominatione eorum, quae per
130 1189 626 1226 sc competunt tali supposito. Nam ideo abstra
126 1222 620 1261 ctum in istis inferioribus non recipit demo¬
127 1249 615 1282 strationem alicuius praedicati per accidens
130 1279 625 1317 quia propter suam abstractionem impeditur
122 1309 625 1349 praedicari de supposito, & per consequens im¬
128 1339 621 1382 peditur recipere aliquam extraneam deno¬
124 1369 624 1403 minationem ratione suppositi, in diuinis au¬
131 1407 625 1441 tem ista ratio non habet locum, vt de se pa¬
130 1429 314 1469 tet, ergo &caet.
166 1460 615 1497 3 Quia maior est vnitas, quam habet es¬
126 1488 614 1524 sentia diuina in abstracto significata cum per¬
128 1521 616 1553 sona patris, quam vnitas, quam habet musi¬
131 1548 623 1589 cum in concreto cum aedificatore, quia hic est
120 1577 624 1621 realis distinctio, ibi vero non: si ergo propter
123 1612 617 1645 vnitatem supposit quam habet musicum in
125 1638 619 1673 concreto cum ipso aedificatore, potest sibi at¬
123 1668 623 1705 tribui per accidens actus aedificandi, qui com¬
136 1697 620 1742 perit aedificatori per se; videtur multo magis
134 1737 622 1770 quod propter vnitatem realem, quam habet
131 1759 627 1795 essentia cum persona patris, actus generandi
125 1789 619 1829 possit sibi attribui saltem per accidens, cum
130 1821 620 1852 competat patri per se; & ideo propter ominia
125 1848 613 1900 hec, videtur mihi (saluo meliore iudicio) ali¬
630 162 846 204 ter esse dicendum
662 198 1119 243 Dico ergo, quod actus generandi ideo non
637 235 1118 266 potest attribui essentiae, etiam per accidens,
633 264 1123 296 quia inuenit contrariam, & repugnantem dis¬
640 292 1116 330 positionem in essentia, cum qua se non com¬
643 328 1127 355 patitur, quod patet, quia actus generandi re
640 357 1120 389 quirit necessario realem distinctionem inter
639 380 1117 420 gignens, & genitum; siue illud sit gignens
638 412 1121 451 vel genitum per se; siue sit gignens, vel gen
642 440 1128 473 tum per accidens; quia nihil potest gignere
632 468 1129 513 se ipsum, nec per se, nec per accidens: & quia
640 502 1129 540 essentia habet realem identitatem cum geni
643 532 1129 572 to, ideo nullo modo potest sibi attribui actus
636 561 763 604 generandi.
671 575 1127 625 Possemus etiam nos breuius expedire di¬
642 625 1134 656 cendo, quod cum in diuinis nullum sit acci¬
643 649 1137 686 dens, idcirco nulla attributio potest ibi esse
647 679 1129 712 per accidens, & ideo cui non potest per se at
644 712 1139 749 tribui actus generandi, nullo modo potest ei
644 741 1071 782 dem attribui, nec etiam per accidens
670 776 1132 808 Secundo videtur quod essentiae possit at¬
649 798 1143 843 tribui actus generandi: Nam de quocunque
648 830 1130 863 praedicatur subiectum, etiam & sua passio pro
649 860 1135 894 dicatur, sed pater praedicatur de essentia, er¬
646 894 1134 929 go & actus generandi, qui est sua proprietas.
681 920 1141 963 Ad hoc respondent quidam dicentes,
654 951 1128 989 quod de quocunque praedicatur subie¬
649 982 1137 1016 ctum, praedicatur & passio, si passio po¬
651 1014 1132 1045 test praedicari praedicatione eiusdem ratio¬
649 1043 1137 1080 nis cum subiecto, non autem est ita in pro¬
647 1074 1141 1115 posito: Nam pater praedicatur de essentia per
644 1105 1134 1139 identitatem: generare autem, cum sit adiecti¬
646 1131 1140 1170 uum, non potest praedicari nisi formaliter, &
647 1160 935 1199 per modum adiacentis.
678 1188 1138 1224 Haec responsio videtur perere principium
651 1223 1138 1259 immo videtur augere difficultatem: Nam si
658 1249 1134 1285 tater praedicatur de essentia per identitatem
649 1283 1136 1315 videtur omnino, quod illud, quod denomi-
648 1311 1140 1349 nat formaliter ipsum patrem, denominet for
648 1343 1136 1377 maliter etiam ipsam essentiam, quod si con¬
653 1373 1143 1408 tingat contrarium, sicut modo in proposito,
648 1402 1140 1442 quaeritur huius reicausa, quae tamen non as¬
650 1434 1017 1473 signatur per istam responsionem.
682 1461 1136 1504 Respondeo, ergo que cum dicitur, de quocum
658 1487 1132 1532 ue praedicatur subiectum, praedicatur, ex pas¬
650 1520 1133 1560 no, hoc verum esse, vbi passio non inuenit repu¬
654 1553 1139 1589 gnantem dispositionem, sed vbi inuenit, non opor
650 1584 1134 1618 tet, sicut exempli gratia, videmus quod ter¬
646 1615 1134 1650 mini vniuersalis habent quaedam attributa,
663 1639 1134 1674 er modum passionum, sicut iste terminus
649 1672 1139 1704 homo habet istud attributum, quod est spe¬
650 1705 1134 1736 cies, & tamen homo praedicatur de Sorte, &
649 1729 1139 1772 species non potest de eo praedicari, quod non
651 1757 1141 1795 est propter aliud, nisi quia Sortes habet repu
655 1788 1131 1827 gnantem dispositionem ad istud attributum.
656 1820 1139 1860 puta vniuersalitatem speciei: aliqua tamen
656 1849 1134 1889 passio hominis, quae non inuenit in Sorte re¬
