1500 2077
82 140 349 198 generationem; ergo &c.
116 166 567 228 lsta opinio stare non potest propter duo;
92 216 571 264 Primo quia illud, quod generatur per se, &
88 247 575 290 illud quod generatur per accidens, generan
94 276 565 311 tur vna, & eadem generatione. Nam si quod
91 308 569 349 libet generaretur propria generatione, vtrum¬
95 333 571 380 que generaretur per se: hoc supposito argui¬
88 370 565 409 tur sic: Si diuina essentia generaretur per ac
93 405 571 437 cidens, sequeretur quod distingueretur rea¬
95 426 566 465 liter a patre, consequens est falsum, ergo &
94 455 570 503 antecedens Falsitas consequentis patet ex de¬
92 485 571 525 terminatione ecclesiae superius habita, &
91 520 569 560 etiam, quia hoc repugnat diuinae simplicita¬.
95 544 571 589 ti. Consequentiam probo: Nam si diuina Es
89 581 576 614 sentia generaretur per accidens, generaretur
89 613 569 646 radem generatione, qua filius generatur per
99 638 567 673 se, secundum suppositionem factam, cum ergo
89 672 579 717 filius per illam generationem distinguatur
92 698 449 742 realiter a patre, ergo & essentia
123 710 568 774 Secundo sequeretur, quod diuina essen¬
89 758 570 800 tia acquireret nouum esse: consequens est
90 788 568 828 falsum & impossibile, ergo &c. Impossibili¬
88 825 575 857 tas patet, quia in eo, quod est simpliciter ne
87 852 573 887 cesse, non est possibilis aliqua nouitas. Con¬
90 885 575 917 sequentiam probo: Illud enim, quod gene¬
86 912 571 949 ratur, siue per se, siue secundum accidens,
94 939 577 974 acquirit aliquod esse; ergo essentia diuina
95 969 576 1008 si generaretur, acquireret aliquod esse. vel
94 1005 572 1038 ergo acquireret idem esse necessarium, & in
95 1024 584 1071 dependens; vel aliquod aliud nouum esse :
89 1062 581 1101 Non primum, quia ipsa est forma, per quam
92 1093 582 1134 quaelibet persona habet necesse, & indepen
97 1116 575 1156 dens esse, & per consequens non potest ac¬
91 1149 573 1186 quirere illud esse ab aliqua persona, & mul¬
97 1186 579 1220 to minus a quocunque alio principio extrin¬
90 1212 582 1247 seco, quia ipsa est vniuersorum principium
98 1238 580 1289 (vt superius dicebatur) non secudum, quia
99 1265 315 1312 hoc est impossibile
125 1288 584 1338 lsta ratio patitur duas instantias, quarum
95 1330 580 1373 prima est, quia diceret aliquis, quod eadem
92 1362 582 1395 ratione probaretur filium non generari, vel
100 1387 583 1429 quia acquireret necesse esse; vel aliquod a¬
97 1416 586 1458 liud nouum esse; non potest dici quod acqui
101 1445 587 1490 rat necesse esse, quia illud est ex se formali¬
103 1484 490 1526 ter, ergo acquirit aliud nouum esse¬
134 1505 590 1551 Ad hoc dicendum est, quod quamuis per
105 1538 591 1579 sona filij habeat necesse esse ex se formali¬
103 1573 584 1608 ter, non tamen dat ipsum formaliter alteri
109 1600 584 1643 personae; idcirco non repugnat sibi accipere
107 1628 590 1667 istud esse principiatiue, & originaliter ab es
99 1656 588 1705 sentia, sed bene repugnat, quod huiusmodi
103 1697 588 1729 esse recipiat ab aliqua persona: stant autem
105 1720 587 1759 ista duo simul, scilicet, quod personae ha¬
104 1754 595 1790 beant ex se formaliter necesse esse, & tamen
107 1786 592 1819 essentia, det formaliter istud esse cuilibet per
104 1809 587 1851 sonae: Nam (sicut dicebatur superius) essen¬
100 1847 595 1892 tia est idem, quod omnes personae simul, &
594 145 1077 201 quod quaelibet sigillatim, & ideo illud, quod
607 191 1080 234 competit personis ex essentia formaliter, conm
602 216 993 260 petit etiam eis formaliter ex se ipsis.
626 230 1078 290 Secundo diceret aliquis, quod diuina es¬
602 275 1093 321 sentia per actum genetationis accipit neces¬
602 306 1087 341 se esse, non quidem simpliciter, quia hoc ha
604 334 1082 375 bet ex se ipsa formaliter, vt dictum fuit, sed
603 366 1081 409 sub quodam respectu, puta sub respectu fi-
602 398 1083 439 liationis, quem quidem respectum non con¬
604 430 1079 478 sequitur, nisi per actum generationis; & ita
601 457 951 502 videbitur generari per accidens
631 472 1080 531 Respondetur, huiusmodi instantiam pro
600 506 1084 559 cedere per falsam imaginationem, quia ima¬
606 548 1081 587 ginatur quod essentia diuina per actum ge¬
602 582 1089 622 nerationis acquirat esse respectiuum, siue res
602 613 1083 656 pectum filiationis, quod quidem mihi vide¬
603 638 863 682 tur falsum propter tria.
635 652 1089 711 Primo, quia respectus non potest esse for
602 697 1079 739 malis terminus generationis, alioquin gene¬
601 729 1081 771 ratio illa esset magis distinctiua, quam assim¬
602 758 1086 810 latiua, cuius contrarium probabitur infra di¬
597 790 795 832 stinctione octaua.
629 800 1085 862 Secundo, quia diuina essentia acquireret
601 852 1091 893 nouum esse, nam omne esse, quod acquiri¬
600 880 1087 923 tur per generationem, & non praeexistit ge¬
603 913 1087 953 nerationi, videtur necessario quid, nouum;
600 944 1094 981 quia semper generatio inducit nouitate, vbi
602 972 1093 1011 non terminatur ad esse praeexistens, sed res¬
612 1002 1097 1044 pectus filiasionis non praeexistit generationi,
606 1033 1083 1072 ergo essentia non acqrit tale esse respectiuum
610 1065 1089 1101 lmmo nec etiam persona, de qua tamen ma¬
602 1091 1095 1131 gis videtur, quia cum tale esse respectiuum
606 1124 1092 1158 non praeexistat generationi, sequeretur, quod
609 1150 1096 1190 essentia, vel persona in acquirendo tale esse,
615 1185 1095 1222 procederet de potentia ad actum, & per con¬
607 1211 1099 1253 sequens quod acquireret nouum esse: Debe¬
611 1239 1103 1284 mus ergo conuertere propositionem dicen¬
607 1267 1105 1314 do, quod persona acquirit essentiam, siue esse
610 1303 1097 1341 absolutum, quod quidem esse praeexistit ge¬
611 1339 1101 1370 nerationi, ratione cuius praeexistentiae, gene¬
614 1368 1103 1403 ratio nullam nouitatem inducit: Nec tamen
621 1393 1105 1435 propter hoc sequitur quod inducat nouitaten
611 1432 1105 1465 in persona filij, quae non praeexistit, quia ge¬
610 1451 1105 1497 neratio non facit nouitatem in eo, quod gene
614 1480 1099 1516 ratur per se, nisi propter nouitatem essentiae.
646 1514 1100 1550 Tertio, si diuina essentia per generationem
614 1538 1102 1581 acquireret respectum filiationis, talis respe¬
611 1569 1109 1613 ctus se haberet ad eam per modum adiacen¬
612 1601 1104 1634 tis, & per consequens denominaret eam, &
611 1628 1109 1664 referret eam realiter ad patrem, & ideo esset
612 1664 1105 1703 distinctio realis inter essentiam, & patrem.
620 1690 1104 1729 Concludo ergo, diuinam essentiam nullo mo
618 1719 1103 1755 do generari, nec per se, nec per accidens;
615 1751 1109 1788 immo videtur quod opinio praefata, quae con¬
623 1780 1104 1815 rarium dicit, contrarietur determinationi
617 1811 1106 1854 Ecclesiae, quae simpliciter, & sine determi-
622 1839 1108 1889 natione aliqua dicit, quod essentia non ge¬
