1500 2364
215 176 785 229 nam sicut materia est in potentia ad hoc, vt
208 226 769 274 de ea generetur compositum, ita diuina essen
215 257 768 298 tia est in potentia, vt de ea generetur perso¬
213 291 774 329 na, quamuis haec potentia secundum ipsum
217 324 769 373 semper sit necessario coniuncta actui. Insup
214 361 766 410 sicut materia habet esse in composito per go
214 396 767 441 nerationem, nec tamen generatur (nisi largo
219 429 771 482 loquendo de generatione) sic etiam diuina
207 467 768 509 essentia habet esse in persona filij per genera
212 501 721 538 tionem, & tamen nullo modo generatur.
201 533 770 572 Vlterius est ibi aliquid simile formae, &
195 565 773 618 e haec est proprietas relatiua, quae sicut forma
217 605 773 645 constituit, & distinguit compositum, ita consti
214 639 772 678 tuit, & distinguit personam. Insuper sicut for
206 668 766 711 ma per se non generatur, sed accipit esse sim¬
210 709 771 754 pliciter in composito per generationem: ita
214 745 766 786 proprietas relatiua non generatur per se, sed
217 781 769 824 accipit esse simpliciter in persona producta
211 814 771 855 per generationem, cum non habeat ibi esse,
211 837 773 887 nisi post generationem, quod non potest di¬
210 879 746 915 ci de essentia, quae praeexistit generationi.
252 912 772 958 Colligunt ergo, quod diuina essentia sit
208 945 771 983 subiectum generationis, quia ibi se habet ad
208 975 765 1028 modum materiae; proprietas vero relatiua ad
209 1014 765 1056 modum formae, quod probant per P. Aug;
211 1043 768 1095 de Trin cap. 2. vbi dicit, quod filius est sapien
206 1086 767 1123 tia nata: per hoc, quod dicit sapientiam, in¬
208 1118 770 1160 telligimus essentiam communem tribus, &
212 1151 768 1198 per consequens habentem se ad modum ma
214 1187 766 1223 teriae, per hoc vero, quod dicit natam, intel
208 1220 764 1257 ligimus proprietatem relatiuam constituentem,
216 1257 770 1301 & distinguentem personam filij ab alijs, &
219 1292 769 1337 per consequens habentem se ad modum formae.
244 1321 774 1359 Rationes autem potiores istius opinionis
217 1359 739 1398 ex dictis ipsorum collectae sunt quatuor.
248 1388 766 1433 1 Quando aliqua duo concurrunt ad con
212 1422 768 1466 stitutionem alicuius tertij, necessario vnum
218 1457 770 1502 eorum habet rationem principij materialis,
216 1496 764 1532 & alterum formalis; Sed ad constitutionem
219 1534 764 1577 personae genitae in diuinis concurrit essentia
212 1562 769 1601 & proprietas relatiua; ergo vel essentia erit
207 1594 763 1645 ibi materiale principium, & proprietas for¬
208 1631 766 1672 male, & sic habebitur propositum, vel essen
210 1664 764 1705 tia erit formale principium, proprietas vero
206 1693 768 1739 materiale, quod est impossibile, quia, cum
206 1740 764 1780 principio formali semper attribuatur distin¬
207 1769 758 1808 ctio, essentia diuina esset principium distin¬
209 1802 764 1851 guendi, quod est falsum, sequitur ergo, essen
207 1837 764 1874 tiam esse sicuti materia, & proprietatem se
213 1870 767 1909 habere sicuti forma, & quia eadem est mate
207 1905 759 1952 ria rei genitae & generationis, patet, quod
207 1941 768 1980 essentia erit subiectum generationis: Minor
203 1971 766 2014 conceditur ab omnibus, & Maior potest ha¬
209 2005 619 2044 beri a Com 2 de anima com. 22.
238 2035 768 2081 2 Quando aliqua duo habent esse in re
202 2077 769 2121 genita per generationem, ita vt vnum eorum
199 2108 759 2168 praeexistat generationi, altero non praeexi¬
790 174 1355 238 stente, sed simpliciter accipiente esse; illud,
798 223 1351 259 quod praeexistit, habet rationem materiae,
798 257 1363 301 alterum vero formae: Haec proposito patet
804 292 1347 339 per id, quod videmus in generatione natu
799 324 1334 373 ralium, vbi materia praeexistit generationi
798 358 1357 407 forma vero simpliciter accipit esse per vene¬
805 392 1356 438 rationem: Nunc autem ita se habent essentia
806 430 1351 477 & relatio ad personam Filij, quod ambo ex
806 461 1354 501 stunt ibi per generationem, essentia tamen
798 498 1360 545 praeexistit, & relatio magis subsequitur; ergo
801 531 1357 580 essentia habet rationem principij materialis.
838 569 1358 609 3 Illud, quod manet idem sub vtroque ter
803 599 1361 640 mino generationis, habet rationem princi¬
804 634 1354 683 pij materialis, sed essentia manet eadem sub
809 669 1352 717 vtroque termino, puta paternitate, & filiatio¬
800 703 1351 756 ne; ergo habet rationem principij materialis.
804 737 1139 781 & filiatio termini formalis
835 755 1351 811 4 Potentia actiua, quae producit aliquidi
811 806 1361 845 & non de nihilo, necessario habet potentiam
807 840 1361 889 passiuam sibi correspondentem in ratione
800 871 1361 925 materialis principij; Sed Pater in diuinis ha
802 907 1360 961 bet potentiam actiuam, per quam producit
800 943 1359 983 filium, & non de nihilo; ergo respondet sibi
801 980 1357 1025 aliqua potentia passiua in ratione principij
810 1012 1353 1070 materialis; ista non potest esse nisi essentia;
807 1047 917 1096 ergo &c.
834 1059 1361 1130 Siquis autem vellet arguere prefatam opi
798 1111 1352 1160 nionem, dicendo, quod essentia diuina, cum
803 1146 1361 1190 sit purus actus, non potest habere rationem
808 1181 1059 1232 principij materialis.
838 1213 1355 1261 Respondent, quod habere nationem ma¬
804 1253 1353 1291 terialis principij potest intelligi dupliciter,
802 1286 1353 1325 vno modo, quod sit in potentia ad aliquid
798 1319 1357 1369 absolutum realiter distinctum, vt materia ad
802 1354 1357 1394 formam in istis inferioribus, & quod sic est
800 1393 1356 1432 in potentia, nunquam transit ad actum, ni¬
799 1426 1365 1462 si per transmutationem realem, hoc modo es
804 1459 1355 1499 sentia diuina non habet rationem materiae;
806 1492 1356 1529 Alio modo quod sit in potentia ad aliquod
802 1527 1361 1573 distinctum ab ea sola ratione, sicut genus est
796 1561 1353 1598 in potentia ad differentias, quarum nullam
795 1595 1355 1633 habet actu, sed solum potentia, vt dicit Por¬
809 1629 1361 1669 phyrius, & hoc vt transeat ad actum, debet
801 1669 1351 1703 transmutari saltem secundum rationem: lsto
806 1698 1351 1737 etiam modo diuina essentia non habet ratio
805 1732 1356 1774 nem materialis principij, quia semper actu
802 1766 1363 1811 habet omnes relationes. Datur ergo tertius
792 1799 1354 1839 modus, quo aliquid dicitur in potentia non
792 1835 1359 1873 ad aliquod absolutum, sed ad respectiuum
798 1870 1356 1912 distinctum sola ratione, coniunctum tamen
801 1903 1355 1940 semper secundum actum, ita vt nunquam
799 1938 1349 1981 transeat de potentia ad actum, non per aliqun
798 1971 1349 2010 transmutationem rei vel rationis, & isto mo
790 2004 1344 2044 do dicunt, non repugnare diuinae naturae.
797 2039 1351 2083 quamuis sit purus actus, habere rationem
794 2071 1346 2115 materialis principij, & esse in potentia sem¬
803 2109 1065 2163 per coniuncta actui.
