1500 2064
130 144 597 208 Haec opinio si bene consideretur, tria
102 195 593 237 ponit, primum quod illud, quod per se ge¬
111 222 583 265 neratur in diuinis, non est essentia, neque pr
104 256 590 295 prietas, sed persona: secundum quod essen¬
108 284 596 327 tia est subiectum generationis: tertium quod
105 322 596 367 proprietas relatiua sit formaliter terminus
106 353 444 389 per generationem acquisitus.
143 367 601 412 Primum eius dictum conceditur ab omni
111 404 604 449 bus: secundum vero licet ab aliquibus nege
100 440 599 478 tur, mihi tamen probatur (sicuti inferius pa
104 466 596 511 tebit p: tertium autem omnino mihi videtur
103 495 597 539 dubium, & eius contrarium probaui in prae
106 529 603 562 cedenti quaestione, tamen praeter rationes il
107 558 579 589 las, adducam nunc duas alias contra eam
172 591 601 631 Si proprietas relatiua, puta filiatio, es
113 614 597 660 set formalis terminus acquisitus per genera¬
111 650 598 686 tionem sequeretur, quod filius haberet duas
113 680 603 722 relationes reales ad patrem, & e conuerso;
111 708 603 744 quod est falsum, vt conceditur ab omnibus
111 737 601 785 Consequentiam probo, quia suppono, quod
111 768 601 808 accipere ab aliquo, sit quaedam relatio rea¬
113 798 599 832 lis, erunt ergo secundum hoc in filio duae
114 831 600 863 relationes reales, videlicet relatio accepta, &
107 860 605 899 acceptio relationis; immo vlterius ad hoc se
109 896 606 931 quitur, quod in filio sint infinitae relationes,
112 925 598 960 quia acceptio relationis ab aliquo est quae¬
108 950 605 990 dam realis relatio, & per consequens pari ra
111 980 609 1017 tione etiam ipsa erit accepta ab alio, & per
110 1010 606 1048 istum modum multiplicabuntur acceptiones
113 1039 607 1079 & relationes reales in infinitum, & sicut mul
110 1071 603 1111 tiplicantur ex patre filij, ita oportebit eas mul
117 1099 389 1143 tiplicare ex parte patris.
142 1116 602 1172 Confirmo istam rationem, quia sicut acce
118 1161 609 1200 ptio essentiae a patre per viam generationis
118 1188 601 1223 non est aliud, quam realis relatio, puta filia¬
118 1215 604 1260 tio, ita acceptio filiationis a patre erit etiam
118 1249 604 1295 pari ratione quaedam realis relatio, & per con
115 1278 602 1316 sequens multiplicabuntur tales relationes se
114 1310 604 1350 cundum multitudinem talium acceptionum;
114 1338 609 1377 videtur ergo melius dicendum, quod in fi-
115 1369 603 1409 lio sit solum vna acceptio, qua accipit essen¬
123 1404 613 1444 tiam a patre, & per consequens vna sola
114 1429 386 1470 realis relatio ad patrem.
152 1454 612 1502 2 Si filiatio esset terminus acquisitus per
125 1487 607 1531 generationem, vel esset terminus generatio¬
119 1517 611 1560 nis passiue, vel terminus generationis actiue;
126 1548 614 1589 non potest dici, quod sit terminus generatio
128 1581 613 1617 nis passiue, quia cum generatio passiua sit ip
119 1610 616 1647 samet filiatio, sequeretur, quod filiatio esset
121 1646 618 1680 terminus filiationis, & quod filiatio esset ac¬
121 1672 620 1711 quisita per filiationem, quod est absurdum;
121 1710 615 1743 nec potest dici, quod sit terminus generatio¬
119 1731 621 1769 nis actiue, quia generatio actiua non est aliud
125 1759 617 1797 quam paternitas, dicere ergo quod filiatio
127 1791 608 1832 sit terminus generationis actiue, est dice
131 1829 621 1860 re, quod sit terminus paternitatis; & quia pa
124 1852 616 1900 ternitas & filiatio sunt duae relationes se mu
619 163 1121 210 tuo coexigentes, qua ratione filiatio est ter¬
618 199 1118 238 minus paternitatis, eadem ratione paternitas
624 228 1111 261 erit terminus filiationis, & per consequens
619 257 1123 297 si ex ista parte potest dici, quod filiatio sit ter
619 292 1117 329 minus formalis acquisitus per generationem
623 316 1114 359 actiuam ex parte patris pari ratione poterit
624 347 1120 391 dici, quod paternitas sit terminus formalis
618 382 1121 423 acquisitus per generationem passiuam ex
622 406 739 450 parte filij
652 420 1114 474 Confirmatur, quia si filiatio esset forma
621 469 1117 507 acquisita per generationem, vel hoc esset in
627 498 1115 538 quantum relatio quaedam est, vel inquantum
622 527 1122 568 est idem quod generatio passiua, non potest
624 558 1118 592 dici primum, quia, cum filiatio sit quodam rela
627 588 1119 626 tio innata, & fundata super aliquam naturam
622 617 1116 659 communicatam per viam generationis, si hoc
632 647 1119 690 modo a patre esset communicata, & acqui¬
622 677 1125 721 sita per generationem, oporteret quod iterum
632 716 1124 747 ex ea innasceretur, & super eam fundaretur
627 739 1116 783 alia relatio, & alia filiatio, sicut arguebatur
631 767 1123 806 in praecedente ratione. Nec etiam potest dici
632 796 1118 835 secundum, quia illud, quo aliquid acquiritur
627 827 1116 870 alicui, non est forma acquisita, sed generatio
630 862 1121 901 passiua est id, quo filius acquirit quicquid ha
636 893 1121 933 bet, ergo ipsa non est acquisita, & quod ge¬
636 922 1116 960 neratione passiua filius acquirat quicquid
630 948 1123 986 habet, est notum, quia sicut se habet pater ad¬
634 979 1118 1015 dare esse per generationem actiuam, ita filius
634 1010 1120 1048 ad recipere per generationem passiuam, sed
642 1039 1118 1079 ater dat filio omnia generatione actiua; er¬
630 1071 1120 1107 go filius totum recipit generatione passiua
630 1098 1119 1145 Ex quibus apparet, irrationabilem esse illo¬
626 1131 823 1171 rum opinionem.
668 1140 1122 1194 Ad rationes ipsorum facile respondetur.
664 1187 1122 1228 Ad Primam cum dicunt, quando aliqua
633 1214 1145 1259 duo concurrunt ad constitutionem tertij &c. S
632 1249 1144 1288 Respondeo, quod ista proposito non est vni
633 1282 1127 1315 uersaliter vera, nam secundum Comment. a
636 1312 1122 1353 quo praefata proposito est accepta, elementa
640 1340 1126 1378 concurrunt ad constitutionem mixti, manent
635 1369 1125 1410 que in eo solum alterata, & non corrupta,
637 1399 1129 1441 & tamen vnum eorum non habet rationem
640 1429 1126 1478 principij materialis, vel formalis respectu
639 1462 735 1499 alterius.
672 1478 1123 1534 Item si praefata proposito esset simplici¬
638 1519 1129 1556 ter vera, hoc pro tanto esset quia non videtur
653 1554 1131 1590 ossibile, quod aliqua duo concurrant in vno
642 1584 1128 1621 tertio, quando vnum eorum non est in poten
646 1611 1120 1648 tia ad alterum tanquam ad formam: hoc ta
648 1644 1123 1676 men non obstante videmus, quod color, &
639 1674 1134 1709 sapor concurrunt in eodem subiecto, & tamen
647 1699 1127 1737 vnum eorum non est in potentia ad alterum,
643 1736 1131 1771 nec alterum informat alium. Similiter vide¬
647 1764 1135 1802 mus, quod potentiae animae concurrunt in v¬
651 1788 1131 1825 na anima, quam constituunt in ratione to¬
644 1822 1134 1859 tius potentialis, & tamen vna earum non est
643 1854 1141 1898 in potentia ad alteram, tanquam ad formam,
