1500 2383
203 166 772 224 falsum, quia filius non potest esse de substan
216 219 772 266 tia patris, antequam sit filius Consequentia
210 253 781 297 probatur, nam si ly de, denotat substantiam
210 291 778 336 patris, prout est formale principium in pa¬
216 320 779 369 tre praecedens generationem, tunc filius es
212 357 773 394 set de substantia patris, quia substantia patris
210 395 777 436 praeexistit gene ationi ipsius, & sic erit de sub
212 429 649 474 stantia patris, antequam sit filius.
250 451 770 504 Si autem dicant, quod sit de substantia pa
210 496 780 539 tris, prout haec subi antia existit in filio, tan
211 530 778 570 quam formalis terminus sequens generatio¬
215 568 775 611 nem, hoc etiam non videtur possibile pro¬
215 600 773 648 pter duo, tum quia diuina substantia sic ac¬
213 637 774 679 cepta est in filio sub opposito respectu ad pa
215 670 775 706 trem, & per consequens, vt sic, est ipsius fi¬
211 702 781 745 lij, non patris, & sensus esset: filius est de sub
213 742 775 783 stantia patris, vt non est patris, quod impli¬
215 770 777 814 cat contradictionem, tum quia diuina sub¬
214 807 766 848 stantia, vt formalis terminus sequens gene¬
207 845 775 879 rationem, est aliquid communicatum, &
207 876 773 926 hoc modo non haberet rationem princi¬
211 914 774 960 pij: ista autem praeposito de, semper deno¬
206 949 775 990 tat circunstantiam alicuius principij, & ali¬
210 983 375 1027 cuius causae.
260 1018 779 1054 Vlterius modus eorum declarandi non
211 1051 771 1093 est sufficiens; nam, quod dicunt, sufficere ad
206 1083 773 1125 saluandum filium non esse de nihilo; non vi¬
204 1118 775 1160 detur verum, quia omnis productio ex nihi¬
206 1155 766 1196 lo nihil praesupponit ante productionem;
211 1190 773 1246 quae autem est non de nihilo praeexigit ante
201 1224 766 1264 se necessario aliquid, quod pertineat intrin¬
207 1260 767 1304 sece ad substantiam ipsius producti: quod
207 1294 773 1336 autem praeexigitur, vel habet rationem ter¬
205 1325 773 1371 mini formalis, vel principij materialis, quod
207 1366 771 1403 n. pertinet ad substantiam producti, pertinet
207 1400 762 1441 altero duorum modorum, primum non pot
205 1434 766 1480 dici, quia tum omnis productio sit propter
202 1466 767 1506 acquisitionem termini formalis, frustra es¬
206 1502 765 1541 set illa productio, quae praehaberet ante se
202 1537 762 1577 terminum formalem: sequitur ergo, quod
202 1573 770 1618 productio, quae fit non de nihilo, necessario
203 1607 763 1657 praeexigat ante se aliquid in ratione subie¬
199 1640 765 1679 cti, & principij materialis; & quia hoc non
201 1672 763 1727 reperitur in diuinis (secundum eos) non vi¬
201 1706 769 1754 deo, quomodo possit saluari, quod non sit
206 1745 339 1787 de nihilo.
244 1763 767 1820 Ad illud, quod dicunt de forma si praeexi
202 1813 763 1853 steret, & materia adueniret, dico qued licet for
200 1853 764 1895 ma praeexistens non esset principium mate¬
201 1885 765 1926 riale respectu composit producti; esset tamen
206 1917 766 1965 principium materiale respectu ipsius produ¬
205 1951 763 1993 ctionis; quod probo; nam sicut modo mate¬
201 1984 769 2026 ria, & generatio precedit formam, saltem or-
203 2021 763 2065 dine naturae, ita tunc e contrario, forma prae
205 2058 765 2100 cederet materiam, & ideo sicut modo gene¬
204 2092 770 2129 ratio non potest fundari in forma, quia eam
200 2125 772 2177 non praeinuenit, sed eam alteri acquirit, ita
808 164 1366 225 tunc per oppositum, generatio non posset fu
807 220 1369 259 dari in materia, quia eam non praeinueniret,
806 252 1364 289 sed alteri acquireret, fundaretur ergo in for
806 284 1124 334 ma, quam praeinueniret.
837 319 1365 358 Ad aliud de substantia patris, si decidere¬
804 358 1366 396 tur filius immediate, ex eo; dico quod quis il¬
808 394 1370 437 lud decisum non se haberet ibi vt principium
806 432 1366 469 materiale, sed vt aliquid productum, substam
805 462 1368 510 tia tamen a qua fit decisio, se haberet vt prin
806 495 1367 537 cipium materiale respectu decisionis, quia ta
806 529 1373 577 lis decisio requirit aliquod subiectum, & sic
804 560 1367 608 modus ponendi huius opinionis videtur ir¬
801 599 959 642 rationabilis.
839 632 1367 683 Est altera opinio circa hoc, quam ponit
806 671 1360 711 Henricus in summa sua articulo 34. quaest. 3.
808 708 1363 748 vbi vult, quod filius sit de substantia patris,
807 738 1357 780 tanquam de materia, ita quod praeposito de¬
806 771 1363 817 connotet ibi circunstantiam causae materialis,
803 809 1365 858 & sicut ponit essentiam in filio se habere,
807 845 1371 881 vt principium materiale, ita etiam filiatio¬
809 884 1351 919 nem debet ponere, vt principium formale¬
843 911 1365 952 Hanc opinionem non approbo, quia (vt
811 948 1359 989 dixi superius) essentia non se habet in ratio¬
798 985 1364 1023 ne principij materialis respectu supposit con
802 1019 1372 1065 stituti, quamuis se habeat, vt materia respe¬
806 1051 1072 1098 ctu suae proprietatis.
838 1075 1362 1124 Praeterea, quaero etiam ab eo vtrum ista pro
804 1122 1370 1165 posito de, denotet substantiam patris, pro
805 1158 1371 1197 vt est in patre, vel in filio, & quocunque mo
800 1190 1368 1230 do respondeat, potest argui contra eum, si¬
798 1226 1361 1273 cut arguebatur contra superius adductam opi
802 1261 915 1300 nionem.
841 1287 1367 1341 Quapropter aliorum pace, videtur mihi
800 1329 1360 1370 dicendum, quod cum dicitur, filius est de
800 1366 1355 1408 substantia patris, ly de denotat substantiam
798 1397 1357 1441 in ratione principij materialis, non quidem
796 1432 1365 1475 respectu filij constituti, quia sic contradice
801 1467 1363 1514 rem superius dictis, sed respectu productio¬
795 1505 1359 1547 nis, vt sit sensus: Filius est de substantia pa¬
801 1535 1359 1581 tris, quia sua productio, vel generatio est de
794 1568 1357 1613 eius substantia tanquam de materiali prin¬
798 1612 1355 1647 cipio; nam (sicut patuit) essentia se habet
798 1641 1353 1687 vt principium materiale respectu productio
797 1675 1363 1715 nis filij. Et hoc bene sufficit ad saluandum
798 1712 1353 1752 filium non esse de nihilo, quia quandocumque
800 1747 1352 1785 productio alicuius supponit aliquam natu¬
794 1779 1349 1829 ram in ratione subiecti, & principij materia
794 1813 1345 1858 lis, ibi productus dicitur esse non de nihilo
803 1848 1351 1887 sed de aliqua natura supposita suae produ¬
798 1885 1361 1929 ctioni, dato etiam, quod illa natura non per
798 1919 1363 1959 tineret ad substantiam ipsius producti, sicut
800 1956 1350 1990 patet de accidente; accidens namque produ¬
794 1985 1354 2028 ctum in subiecto dicitur esse non de nihilo;
796 2023 1354 2061 non quia preexigat ad suam productionem
790 2057 1363 2099 aliquod materiale principium pertinens ad
792 2088 1350 2127 eius subsistentiam, sed solum quia praeexi¬
800 2124 1354 2173 git aliquod principium materiale, supposi¬
