1500 2088
88 162 571 212 non generetur de substantia patris est con¬
84 210 573 243 tra Augustinum pluribus in locis, praesertim
82 236 573 278 vij. & xv. de Trinitate cap. xx. vbi dicit, quod
93 268 569 304 quicquid est in ea scientia de qua est geni¬
84 293 463 336 tus filius, est etiam in ipso genito
122 322 570 365 Tertio sequererur, quod pater prius esset
92 359 569 395 pater, quam Deus: nam in illo priore quan¬
86 383 569 425 do generat est pater, & quia per istum actum
82 418 574 456 priorem non habet quod sit Deus, oportet
90 447 563 489 quod habeat hoc quasi per actum posterioret
86 480 567 517 scilicet per actum essentialem; erit ergo prius
82 511 569 545 pater Deus, quod est absurdum, tunc enim
82 534 567 570 heret de non Deo Deus, sicut arguebatur su
84 570 572 606 perius contra aliam opinionem, quod fieret
82 598 298 637 de non patre pater.
122 629 572 664 Quarto sequeretur, quod respectiua essent
82 658 576 695 priora absolutis in eodem; quia notionalia
88 685 570 723 sunt respectiua, & essentialia sunt absoluta;
84 716 574 754 hoc autem videtur omnino irrationabile, er¬
88 750 576 786 go &c. Multa alia possem inducere inconue¬
93 778 497 814 nientia, quae breuitatis causa omitto.
123 807 572 845 Saluo ergo meliori iudicio videtur mihi
80 837 580 879 aliter esse dicendum Quapropter, dum quae¬
94 868 576 909 ritur vtrum generare sit ita naturale patri,
90 900 580 935 quod prius sibi competat, quam intelligere,
99 932 580 967 & prius quocunque alio actu; dico quod quam¬
94 960 577 994 ritur de ordine inter actus essentiales, & non
89 993 575 1024 tionales, qui nam eorum sint magis natura¬
93 1020 580 1061 les; idcirco vt melius explicem difficultatem
90 1046 577 1086 huius articuli, est notandum quod actus es¬
96 1079 584 1117 sentiales, & notionales possunt comparari ad
93 1109 575 1144 inuicem duobus modis, vno modo absolute.
91 1139 576 1177 secundum eorum genus, puta quatenus es¬
98 1170 580 1206 sentiales sunt absoluti, & notionales sunt re
98 1199 580 1243 spectiui. Alio modo possunt ad inuicem com
96 1226 582 1269 parari respectu tertij, puta in quantum pos¬
94 1264 583 1300 sunt conuenire vni, & eidem diuinae persone
96 1295 582 1326 quaecunque sit illa, si ergo fiat comparatio isto
94 1319 583 1355 rum actuum adseinuicem primo modo, &
98 1355 583 1391 quaeratur, qui sint priores, sic dico, quod a¬
98 1384 582 1417 ctus essentiales sunt aliquo modo priores, &
104 1410 580 1454 magis naturales, quam actus notionales; di¬
102 1440 582 1474 co autem aliquo modo, quia vbi non est rea¬
101 1470 578 1509 lis distinctio, non potest esse simpliciter con¬
105 1500 582 1542 paratio secundum prius, & posterius, vel ma
98 1532 586 1571 gis, & minus naturale: inquantum tamen sunt
102 1564 595 1600 distincti secundum rationem, potest esse ibi
108 1591 593 1624 aliqua comparatio, & isto modo videtur mi¬
108 1619 590 1662 hi, quod actus essentiales sint priores notio¬
107 1650 427 1690 nalibus, quod patet ex tribus
135 1680 593 1723 1 Nam actus notionales vnius personae
101 1710 590 1746 non inueniuntur in ea sine essentialibus al¬
108 1750 593 1782 terius personae, quia essentialia sunt com¬
114 1775 592 1810 munia omnibus, actus autem essentiales in
107 1800 592 1838 vna persona inueniuntur sine notionalibus
105 1831 590 1879 alterius personae, ergo essentiales sunt prio¬
113 1868 598 1913 tes, quia prius est a quo non conuertitur
591 166 925 210 consequentia.
623 204 1087 247 2 Actus essentiales sunt absoluti, notio¬
597 236 1085 275 nales autem sunt respectiui: absolutum aute
596 270 1080 310 est prius respectiuo, cum possit intelligi sine
596 297 927 333 eo, & non e conuerso, ergo &c
622 327 1083 363 3 Apparet hoc idem ex eo quod ita se vi¬
596 359 1085 398 dentur habere actus essentiales, & notiona¬
596 387 1081 423 les, quemadmodum essentia, & notiones; nam
598 417 1082 454 vtrobique est vniformis comparatio, Constat
599 450 1086 485 autem quod essentia praecedit omnes notio¬
594 478 1091 514 nes, cum sit fundamentum omnium earum,
598 512 1084 548 ergo & actus essentiales debent praecedere
600 539 1089 577 notionales; tanquam eorum fundamenta, &
605 566 1081 605 sic actus essentiales sunt priores isto modo
596 598 743 634 notionalibus.
614 627 1084 669 Si quis tamen quaerat, qualis prioritas sit
598 659 1082 694 ista, dico quod est ex natura rei fundamen¬
603 686 1083 723 taliter, complectiue tamen per actum ratio.
598 718 1083 756 nis; nam cum prius, & posterius supponant
604 749 1089 787 distinctionem, ita iudicandum est de priori¬
601 779 1089 813 tate vnius actus ad alterum, quemadmodum
607 807 1089 842 de distinctione, cum ergo distinctio inter istos
601 838 1091 874 actus sit ex natura rei fundamentaliter, &
602 874 1090 907 complectiue per actum rationis, vt suppono
602 897 1086 936 ad pns, quia alias patebit. Relinquitur quod
606 928 1090 969 prioritas vnius ad alium sit ex natura rei, tam¬
606 963 1092 996 quam ex fundamento, ex ratione vero tan¬
615 990 877 1028 quam ex complemento.
645 1015 1092 1054 Vlterius dico quod actus essentiales non
613 1049 1089 1084 solum sunt priores notionalibus isto modo,
605 1080 1089 1110 sed etiam sunt aliquo modo magis naturales,
611 1108 1095 1143 & hoc apparet immediate ex dictis, nam eo
604 1137 1092 1173 ipso quod ex natura rei sunt priores, sunt et
610 1168 788 1209 magis naturales.
639 1193 1093 1236 Apparet etiam hoc idem secundo, ex eo,
608 1227 1092 1267 quoe actus notionales sunt relatiui, essentiales
615 1262 1095 1295 autem sunt absoluti, sic erunt illorum funda
613 1288 1091 1320 menta, relatio autem semper trahit suam rea¬
615 1317 1089 1352 litatem & etiam suam naturam ab ipso fun¬
615 1350 1094 1382 damento, saltem secundum communiorem do¬
616 1380 1096 1418 ctrinam, sicut ergo notiones habent, quod
616 1408 1099 1446 sint naturales ex ipsa diuina natura supra quam
611 1441 1091 1476 fundantur; ita actus notionales habebunt,
626 1468 1097 1502 uod sint naturales ex essentialibus, in qui¬
615 1500 1094 1536 bus radicantur, & sic patet quid sit dicendum
610 1534 1104 1568 de ordine istorum actuum, quatenus compa
620 1563 1100 1600 rantur inter se absolute secundum suum genus.
644 1591 1105 1627 Sed si quaeratur de ordine eorum compa¬
625 1617 1107 1656 do eos adinuicem secundo modo, scilicet re¬
616 1646 1106 1687 spectu tertij, puta inquantum insunt vni, &
618 1686 1102 1716 eidem personae, sic dico quod actus essentia¬
621 1708 1105 1747 les, & notionales non habent ad inuicem ali
621 1743 1097 1779 quem ordinem, ratione cuius possit dici, quod
627 1768 1101 1809 actus essentiales competant personae media¬
622 1799 1097 1837 te notionali nec e conuerso, sed simul ambo
622 1832 1107 1871 competunt personae, quod probo tripli¬
621 1862 703 1909 citer.
