1500 2081
117 140 612 204 voluntas concurrat copulando, vel non con
102 188 608 234 i currat, sed sufficit quod producens sit amas,
102 225 608 263 & intelligens, habeatque omnes perfectiones
112 250 616 295 essentiales; & sic saluatur quod diuinum ver
109 279 609 329 bum producatur amore, hoc enim potest duo
111 310 609 355 bus modis euenire; vel quia amor sit princi
111 340 607 390 pium suae productionis, & hoc non, vel quia
106 381 604 418 producens sit amans, & intelligens, habeatque
110 401 603 448 omnes perfectiones requisitas, & isto modo
111 434 607 467 Verbum producitur amore.
122 460 596 504 Ad tertiam dico, Coment. loqui de genera¬
108 496 607 542 tione, protit est actio de genere actionis, du
99 523 602 573 bium est autem apud multos theologos, an
107 558 605 595 generatio diuina sit actio de tali genere. Ite¬
105 592 596 628 rum deficit ratio; quia videtur velle, quod
102 620 605 659 generatio sit propter aliquid, tanquam pro¬
99 649 605 689 pter finem, cum tamen in Deo nulla sit cau
99 677 596 719 sa respectu eorum, quae sunt ad finem; & ter
99 711 592 746 tio deficit, quia dato quod in Deo esset actio
104 737 593 786 ad intra, propter finem, non tamen esset pro
111 766 601 809 pter fiuem consequendum, sed conseruan¬
98 797 608 842 dum : Concludo ergo pro tota quaestione,
100 836 597 873 quod Pater non generat filium oluntate
98 866 592 907 tanquam principio, quamuis generet fi-
99 889 248 925 lium volens
124 919 572 976 AD RATIONES, QV.AE IN
284 953 401 996 principio.
162 976 594 1024 D primam dico, quod non sequitur,
98 989 595 1052 Patrem generare filium nolentem; nam
99 1043 593 1083 ista duo sunt simul, scilicet, quod generet eum
98 1080 590 1115 volens, & tamen non generet eum volunta¬
91 1112 593 1145 te, tanquam principio elicitiuo.
119 1134 595 1184 Ad secundam concessa maiore nego mi-
95 1163 591 1212 norem, quia non est verum, quod compla¬
91 1197 600 1232 centia voluntatis sit principium generatio¬
94 1230 598 1262 nis Verbi; nam quamuis possit habere veri¬
99 1249 582 1296 tatem in nobis, sicut insinuat verbum Au
91 1285 598 1326 gustini allegatum, non tamen valet in Deo;
100 1317 603 1359 vbi productio verbi est naturalis, & neces¬
99 1346 599 1388 saria, quamuis ibi coexistat complacentia vo
90 1377 590 1419 luntatis, non in ratione principij, sed in ra¬
93 1410 589 1453 tione complacentis, & delectantis. Haec de
94 1434 310 1475 sexta distinctione.
101 1465 162 1500 uu¬
90 1499 586 1547 DISTINCTIONIS SEPTIMAE
117 1552 511 1610 QVAESTIO PRIMA
115 1584 157 1622 3.
110 1613 608 1658 Vtrum potentia generandi in Deo sit ali¬
110 1650 452 1694 quid absolutum.
151 1799 590 1843 Idetur primo quod non quia illud,
103 1806 583 1878 quod de suo significato importat re¬
87 1858 585 1915 spectum, non est quid absolutum : potentia
638 158 1133 213 generandi est huiusmodi; ergo &c. Maior
642 205 1133 247 patet, Minorem probo per Comm 1. Caeli
631 239 1136 275 com. penultimo, vbi ait, quod potentia non
635 260 1136 312 dicitur nisi respectu actus: omnis ergo poten
634 290 1092 343 tia in suo significato importat respectum
655 323 1132 366 2 In Deo non est potentia generandi, ergo
639 349 1128 406 potentia generandi in Deo non dicit quid ab
627 387 1132 432 solutum Consequentia patet, quia vbi po¬
630 417 1129 458 tentia non e non dicit quid absolutum; An¬
627 448 1121 486 tecedens probo, quia purus actus non com¬
632 477 1122 519 patitur in se aliquam potentiam: sed Deus
627 511 1127 553 est purus actus, cui nihil admiscetur de pote
626 534 1134 578 tia, vt patet per Comm. 8. Metaph ergo &c.
648 568 1130 611 3 Si potentia generandi diceret quid ab¬
623 589 1120 643 solutum, sequeretur, quod esset in omni-
623 624 1126 672 bus tribus personis; consequens est falsum;
622 654 1127 705 ergo &c. Consequentia est nota, quia abso¬
623 684 1118 728 luta sunt omnibus personis communia Fal¬
631 715 1126 766 itas consequentis etiam patet, quia tunc om
626 749 1115 789 nes personae generatent, vel saltem potentia
627 778 1112 822 generandi, & terminus generationis esseni
617 803 1113 850 eiusdem rationis, vbi generatio esset relati¬
621 842 1118 884 ua, sed prefata generatio est respectiua, &
623 874 1117 914 terminus generationis est aliquid absolutum,
623 904 1096 949 puta essentia, vt patuit superius: ergo &c.
650 930 1129 979 IN OPPOSITVM arguitur, quia
614 954 1129 1003 in Diuinis idem est esse quod posse, sed esse
614 994 1121 1032 est quid absolutum, ergo &c. Maior est Arist.
623 1019 781 1062 3 phystex. 35.
646 1044 1123 1101 2 Magister in litera dicit potentiam ge¬
618 1075 1119 1124 nerandi esse diuinam essentiam, at essentia
623 1112 1034 1155 est quid absolutum ergo & potentia.
651 1141 1126 1201 RESP ONDEO; In ista quaestione
618 1168 824 1209 tria sunt videnda
685 1202 1136 1255 Quid significet hoc nomen potentia.
653 1233 1121 1281 2 Vtrum potentia generandi sit in Deo.
649 1264 1119 1311 3 Vtrum talis potentia dicat quid abso¬
625 1293 1117 1346 utum, vel respectiuum, sicut quaeritur
627 1322 770 1370 principaliter,
670 1381 1061 1442 ARTICVLVS PRIMVS.
647 1438 1127 1498 Quid significet hoc nomen potentia
638 1530 1132 1578 Ro huius nominis intelligentia dimissis.
644 1566 1123 1610 multis modis potentiae, qui possunt ha¬
623 1603 1120 1645 peri ex quinto, & nono Metaph. dico quod
622 1625 1132 1678 quaestio ista intendit solum de potentia age¬
614 1663 1127 1705 di, & patiendi. Nam inter modos accipiendi
621 1687 1104 1729 poniam iste videtur potissimus secundum Auer
617 1715 1133 1761 3 Metaph capite de potentia circa finem ile¬
623 1752 1109 1788 ius commenti. Hoc enim nomen potentia
617 1784 1107 1820 in rei veritate, dicitur de potentijs agentibus
617 1809 1116 1851 in aliud, in quantum aliud, & de patientibus
615 1840 972 1887 ex alio, secundum, quod ex alio.
643 1868 1137 1926 Accipiendo ergo potentiam isto modo, & v
