1500 2082
119 141 579 201 3. In patre non est aliqua potentia distin¬
83 186 576 223 cta ab eo, ergo nec in illo erit potentia ista,
86 220 579 258 tanquam principium elicitiuum deneratio¬
88 252 579 289 nis,. Consequentia probatur, quia formale prin
92 282 574 320 cipium elicitiuum alicuius actus necessario
88 311 582 345 est distinctum a supposito, cuius est ille actus,
88 341 581 377 alias idem esset agens, & quo ageret, quod
90 370 584 413 videtur falsum; Antecedens etiam pr obatur
90 399 586 441 per Magistrum in praesente distinctione, vbi
90 434 585 475 ait, quod potestas generandi non est aliud,
91 460 299 506 quam patrem esse
124 469 566 528 lste modus dicendi est contra iam dicta
92 519 580 556 & etiam contra veritate: ldeo pro huius rei
85 555 585 594 declaratione tria faciam, primo ostendam se¬
92 580 586 620 cundum quem modum sit in Deo aliqua po
88 613 583 653 tentia, secundo declarabo, quomodo in Deo
88 652 578 685 patre sit potestas generandi; tertio soluam ra
88 677 393 718 tiones contrariae opinionis.
120 694 585 742 Quantum ad primum dico quod non de¬
88 731 582 773 bet quaeri potentia agendi in Deo ad intra,
89 770 580 803 eo modo, quo descripta est ab Arist. secundo
92 797 584 834 Meta & hoc propter quatuor : Primo quia
77 827 588 863 vbicunque est talis potentia, ibi est exitus de
77 859 580 900 potentia ad actum, cum ibi sit vere agens, cu
77 886 582 928 ius actio est educere aliquid de potentia ad
77 914 587 958 actum (secundum Comm ibidem tex. 24. &
77 952 580 984 43. cum ergo in Deo non sit exitus de poten
83 981 582 1020 tia ad actum, quia est actus purus, sequitur,
86 1013 584 1048 quod in eo non sit potentia actiua ad intra
89 1038 552 1085 eo modo, quo est ab Aristotele descripta.
119 1063 584 1110 Secundo non est ibi talis potentia actiua
85 1099 584 1141 propter ipsammet actionem, quia vbi est haec
99 1136 588 1167 otentia, ibi est vera actio de genere actionis,
95 1161 590 1195 & vera passio de gene e passionis, & ex con
87 1191 590 1228 sequenti verus motus, vel vera mutatio, quia
89 1225 585 1265 vera actio, & vera paisio semper fundantur
87 1252 586 1289 in motu, vel mutatione ex tertio physic. in
94 1284 593 1319 Deo autem non est vera mutatio, nec verus
89 1313 595 1345 motus (secundum Aristo. 12. Metaph) ergo
95 1348 593 1382 ne: ve a actio, nec vera passio d genere actio
87 1378 595 1411 nis, & passionis ibi erit, ied tantum actio sim
99 1400 587 1442 plicis emanationis alicuius ab aliquo, & pas¬
93 1440 587 1470 sio tantum, prout dicit simplicem acceptio.
95 1465 588 1499 nem esse ab alio, sequitur ergo, ibi non ee ve
94 1493 595 1530 ram actionem, nec veram passionem ab Arist.
97 1524 354 1568 in physicis descriptam.
141 1559 591 1594 Tertio non est ibi talis potentia propter
100 1581 592 1624 realem distinctionem, quae necessario inueni
95 1619 593 1653 tur inter actionem, & potentiam, per quam
100 1649 595 1687 agens agit, & etiam inter potentiam actiuam,
98 1677 591 1711 & ipsum agens, nam quod haec realis distin¬
101 1713 595 1746 ctio inter potentiam actiuam, & ipsum agens
101 1738 596 1771 reperiatur clare patet, tum quia potentia
103 1769 601 1808 actiua videtur esse de genere qualitatis, ages
101 1799 599 1835 vero de genere substantiae. tum etiam, quia
101 1829 599 1868 potentia est forma, per quam agens habet es
98 1865 595 1905 se potens in genere causae formalis. Quod ve
610 145 1090 200 ro potentia distinguatur ab actione, pate
602 189 711 228 ex tribus
640 222 1094 258 Primo, quia potest agens habere actiuam
606 251 1099 288 potentiam, cum agit actu per eam, & separa¬
609 285 1098 320 ri ab ea cum separatur ab actione peracta; ergo
610 308 1094 348 potentia actiua ab actione separatur, & sic
604 339 900 384 ab ea realiter erit distincta
637 365 1099 409 Secundo, quia potentia actiua est in agen
609 408 1099 438 te formaliter, per quam est potens agere, a¬
606 433 1098 464 ctio vero non est in agente, sed in passo, vt
608 463 1101 501 patet tertio physic. ergo actio, & potentia a¬
614 492 935 527 ctiua realiter distinguuntur.
640 523 1100 563 Tertio, quia potentia actiua est priucipium
610 554 1102 590 essendi ipsi agenti, saltem quantum ad ali¬
611 582 1103 623 quod esse formale, actio vero est principia¬
607 612 1099 653 ta ab eo; ergo actio a potentia realiter sepa¬
612 645 1097 679 ratur : Cum ergo in Deo non possit esse rea
608 676 1099 718 lis distinctio inter ipsum, & potentiam, nec
609 706 1101 740 inter potentiam generandi, & actum gene¬
614 739 1108 778 rationis, sequitur, hanc potentiam non
610 770 1108 803 esse in DEO quaerendam: Et quod gene¬
611 793 1107 833 randi potentia in Deo non sit realiter di¬
611 825 1104 860 stincta ab actu generationis clare patet, nam
608 860 1104 899 potestas generatiua vel est essentia (secundum
609 887 1108 927 aliquos) vel est relatio (secundum alios) si est
610 918 1105 957 essentia, non potest esse realiter distincta ab
612 949 1107 982 actu generationis, quia faceret cum eo com¬
612 981 1111 1017 positionem: si est relatio, cum etiam actus ge
615 1015 1097 1047 nerationis sit relatio, non poterit ab eo rea
614 1041 1104 1075 liter distingui; nisi forte velles dicere, quod alia
615 1075 1105 1109 relatio esset potentia, & alia actus: Quod ta¬
616 1103 1111 1140 men non potest dici, quia in eadem persona
616 1129 1105 1171 non possunt plurificari relationes reales res¬
617 1159 864 1208 pectu eiusdem termini
627 1181 1104 1230 Quarto, & vltimo dico, in Deo non esse
614 1225 1105 1260 quaerendam huiusmodi potentiam actiuam
619 1256 1099 1295 ab Arist descriptam, propter realem relatio
614 1286 1103 1320 nem, quae est inter potentiam actiuam, & rer
617 1314 1102 1348 minum productum, nam per Arist. 2. Metap
614 1344 1107 1381 causa actiua sanitatis est Medicus, & termi-
621 1371 1104 1406 nus actionis est sanitas, vult ergo Aristo. &
618 1400 1104 1437 Com ibidem, quod agens, & potentia actiua
622 1432 1104 1468 pertineant ad idem genus, & per consequen
624 1463 1109 1502 habeant eandem relationem realem ad ter¬
615 1496 1111 1529 minum productum. Secundum ergo istum mo
620 1524 1112 1567 dum non potest inueniri potentia actiua in
625 1553 1108 1594 Deo, nisi poneremus quod relatio esset huius¬
625 1582 1103 1629 modi potentia generatiua, quod non credo.
625 1613 1117 1651 ideo supposito, quod potentia generandi sit
623 1652 1119 1683 essentia, sicut inferius declarabo, dicendum
624 1681 1119 1715 est, quod ipsa non habet realem relationem
623 1710 1117 1741 ad terminum productum, quia est idem rea¬
624 1737 1116 1770 liter cum eo; Et ideo concludo, potentiam a¬
624 1764 1122 1802 ctiuam ab Arist. descriptam 2. Metaph non
628 1802 1116 1832 esse in Deo, eo quod omnes conditiones po
630 1828 1121 1860 tentiae ab Arist assignatae non conueniunt illi,
622 1863 1118 1898 eo quod proueniunt ex defectu ipsius poten¬
