1500 2078
125 135 616 189 Confirmatur, nam videmus quandoque ef¬
124 182 622 222 fectum indeterminatum, puta casualem, &
126 214 616 254 determinatum scilicet naturalem, certum
128 244 614 290 ist autem, quod ambo non proueniunt al
128 276 617 312 eodem principio, sed vnus in fortunam, &
127 306 616 343 alius in naturam refertur; ergo determina
128 340 625 378 tio, & indeterminatio, quae est in actibus pro
130 365 615 411 uenit ex ipsis principijs; Et sic patet, quod
129 397 626 434 vbi est determinatus actus, ibi est determina
131 429 484 472 ta potentia, qua eliciatur.
156 457 622 502 3 Vbi est actus necessario elicitus, ibi est
139 489 622 522 potentia necessitans ad eliciendum huiusme
139 516 624 557 di actum, sed actus generationis in diuinis
134 548 628 586 est necessarius, ergo &c. Maior est nota; Mi¬
136 579 628 617 nor probatur, nam sicut se habet actus libere
138 616 633 648 elicitus ad agens liberum; ita actus necessarius
136 638 632 679 ad agens necessarium, & naturaliter, sed a¬
139 670 628 708 ctus libere elicitus supponit in agente poten
139 707 629 738 tiam liberam, ergo actus naturaliter, & ne¬
137 734 631 771 cessario elicitus debet supponere in agente
141 761 630 804 potentiam naturalem necessitantem ad ta¬
138 795 273 832 nem actum
165 810 637 862 4 Vbi datur potentia assimilatiua produ¬
141 855 639 894 centis ad productum, ibi datur, potentia ge¬
138 888 638 922 nerandi; sed in diuinis est huiusmodi poten¬
145 914 634 958 tia assimilatiua, ergo &c. Minor est nota;
144 944 632 980 Maior probatur, na assimilatio gignentis ad
147 976 635 1018 genitum, vel est formaliter per actum gene¬
141 1000 634 1045 rationis, vel per aliquam formam suppositam
142 1033 642 1072 actui, tanquam potentiam; non potest dici
149 1063 640 1100 primum, quia per talem actum gignens, &
146 1093 641 1139 genitum realiter opponuntur, & inter se di¬
148 1126 639 1161 stinguntur, ergo erit per aliquam formam
139 1162 636 1198 suppositam in agente, tanquam potentiam,
144 1188 637 1224 & principium assimilationis geniti, & edu¬
148 1218 379 1259 ctionis ipsius actus.
186 1250 645 1286 Contra praedicta oecurrunt duae dubita¬
143 1277 642 1317 tiones; Prima est, quia licet praefatae qua¬
155 1311 643 1344 tuor conditione, sex quibus desumuntur su¬
151 1336 639 1383 pradictae rationes, proueniant ex perfectio¬
146 1373 640 1406 ne, & actualitate potentiae actiuae, non pro¬
146 1399 647 1433 ueniunt tamen ex perfectione ipsius agen¬
146 1430 646 1468 tis: immo magis ex ipsis, & praecipue ex
145 1457 644 1503 duabus primis apparet imperfectio quaedam
148 1491 638 1529 agentis; nam quod potentia actiua actuet ip
151 1526 648 1557 sum agens, hoc videtur esse, quia ipsum de
151 1549 644 1592 se non est in actu, & ideo indiget actuari per
157 1583 645 1625 potentiam actiuam. Similiter quod determi
153 1609 650 1648 net ipsum, hoc pro tanto erit, quia de se est
150 1639 646 1680 indeterminatum, & propterea indiget deter
155 1671 648 1710 minari per potentiam: Quae duae conditiones
156 1700 643 1739 cum omnino repugnent supposito generant
150 1729 648 1774 in diuinis, videtur, quod nullo modo sit ibi
155 1761 652 1809 ponenda potentia generandi secundum istas
155 1799 302 1834 conditiones.
187 1825 651 1863 Ad hoc respondeo, quod vbi est realis di¬
155 1854 653 1906 stinctio inter potentiam actiuam, & ipsum
647 143 1141 189 agens, huiusmodi conditiones arguunt per¬
644 182 1135 224 fectionem in potentia actiua, cum aliquo ta¬
649 207 1141 250 men defectu, & aliqua diminutione in agen
645 245 1145 276 te, quod dicebatur in dubitatione, quia tumc
649 275 1134 310 agens non est potens, nisi per aliud superat
652 304 1138 336 ditum: Sed vbi potentia actiua sola ratione
647 333 1139 367 distinguitur ab agente, ibi praefatae conditio¬
650 359 1134 398 nes dicunt perfectionem potentiae actiuae si
648 395 1144 432 ne defectu agentis, quia tunc agens dicitur
654 420 1146 465 potens, non tanquam per aliquid ei additum,
648 448 1147 490 & diuersum ab eo, ex quo possit in ipso ar¬
655 482 1148 517 gui potentialitas, & indeterminatio: Nec di¬
660 509 1154 550 stinctio sola ratione tollit, quin ibi sit vera
659 545 1151 581 potentia actiua, & verum generans, nam vi¬
655 571 1150 612 demus, quod generans dictinguitur ibi ab
659 608 1145 641 actu generandi actiue sumpto sola ratione;
663 630 1150 671 & tamen hoc non obstante conceditur ibi
654 669 1148 709 esse verum generans, & verus actus genera¬
659 698 910 733 tionis ab eo distinctus.
691 730 1156 763 Secundo dubitatur, quia dictum est in quae
663 756 1159 794 stione principali, actum supponere in Deo
664 786 1159 824 potentiam, ex quo videtur sequi, quod pa¬
662 815 1157 854 ter sit suppositum constitutum, antequam
666 845 1153 896 generet, cuius contrarium est ostensum in
664 880 1152 917 sexta distinctione; & consequentia probatur
670 908 1157 951 quia nullum suppositum habet potentiam ad
659 936 1157 979 agendum, antequam sit suppositum con¬
665 971 769 1006 stitutum
698 995 1165 1033 Respondetur, quod actus generationis
673 1035 1161 1068 potest accipi dupliciter; Vno modo prout
667 1060 1157 1095 est proprietas existens in patre, & isto modo
665 1091 1156 1130 non supponitur ibi aliud in ratione princi¬
673 1124 1165 1159 pij elicitiui huiusmodi actus, sed supponitur
667 1157 1160 1191 ibi aliud in ratione fundamenti, puta esse,
673 1183 1157 1223 quia proprietas semper exigit ante se aliud
669 1210 1155 1247 in ratione fundamenti, alio modo potest ac
670 1239 1154 1284 cipi prout per eam pater habet principiari
666 1275 1163 1308 terminum realiter distinctum, secundum
671 1304 1156 1340 quem modum actus est elicitus a patre, &
671 1338 1162 1373 hoc modo bene supponitur sibi potentia in
666 1362 1156 1400 ratione principij elicitiui; & hoc non est in¬
673 1397 1158 1432 conueniens, quia ipse idem actus, in quantum
671 1428 1163 1463 elicitus est a patre; sicut quaedam proprie¬
675 1453 1161 1493 tas ipsum constituit: cum ergo dicitur, quod
673 1483 1161 1529 pater esset suppositum constitutum, ante¬
687 1516 1154 1553 uam generaret, potest dupliciter intelligi
669 1543 1166 1580 vel sicut suppositum constitutum cum omni
675 1574 1164 1611 bus suis perfectionibus essentialibus, ante¬
682 1604 1167 1647 quam habeat actum generationis quocum-
678 1633 1169 1677 que modo, & secundum istum intellectum
672 1668 1167 1703 nego hoc, quia incidit in eandem opinionem,
675 1699 1163 1737 quam superius refutaui in presenti distinctio
675 1727 1163 1763 ne, & vltra hoc sequeretur, quod pater es¬
676 1756 1170 1797 set suppositum absolutum, quia quicquid
680 1791 1175 1823 est praeuium actui generationis in supposi¬
671 1816 1175 1854 to, totum est absolutum: vel potest intelligi,
677 1848 1171 1898 quod sit suppositum constitutum, antequam
