<?xml version="1.0" encoding="UTF-8" standalone="yes"?>
<PcGts xmlns="http://schema.primaresearch.org/PAGE/gts/pagecontent/2013-07-15" xmlns:xsi="http://www.w3.org/2001/XMLSchema-instance" xsi:schemaLocation="http://schema.primaresearch.org/PAGE/gts/pagecontent/2013-07-15 http://schema.primaresearch.org/PAGE/gts/pagecontent/2013-07-15/pagecontent.xsd">
    <Metadata>
        <Creator>prov=University of Rostock/Institute of Mathematics/CITlab|PLANET AI GmbH/Gundram Leifert/gundram.leifert@planet-ai.de:name=cod-P122zz-m2(htr_id=26330)::::v=2.6.6
prov=University of Rostock/Institute of Mathematics/CITlab|PLANET AI GmbH/Tobias Gruening/tobias.gruening@planet-ai.de:name=de.uros.citlab.module.baseline2polygon.B2PSeamMultiOriented:v=2.6.6
prov=University of Rostock/Institute of Mathematics/CITlab|PLANET AI GmbH/Tobias Gruening/tobias.gruening@planet-ai.de:name=/net_tf/LA73_249_0mod360.pb:de.uros.citlab.segmentation.CITlab_LA_ML:v=2.6.6
Transkribus</Creator>
        <Created>2020-02-27T16:44:54.520+01:00</Created>
        <LastChange>2020-09-29T05:10:26.304+02:00</LastChange>
        <TranskribusMetadata docId="330297" pageId="13057889" pageNr="281" tsid="41732182" status="IN_PROGRESS" userId="25065" imgUrl="https://files.transkribus.eu/Get?id=NNDVGJLMSKXJOEJBEOQNRHSC&amp;fileType=view" xmlUrl="https://files.transkribus.eu/Get?id=NHMFITJVPMQCPHWJSEYPOIBJ" imageId="9248430"/>
    </Metadata>
    <Page imageFilename="280.jpg" imageWidth="1500" imageHeight="2077">
        <ReadingOrder>
            <OrderedGroup id="ro_1601414257901" caption="Regions reading order">
                <RegionRefIndexed index="0" regionRef="TextRegion_1600559993159_1336"/>
                <RegionRefIndexed index="1" regionRef="TextRegion_1600559993159_1337"/>
            </OrderedGroup>
        </ReadingOrder>
        <TextRegion orientation="0.0" id="TextRegion_1600559993159_1336" custom="readingOrder {index:0;}">
            <Coords points="103,126 613,126 641,1792 643,1935 103,1935"/>
            <TextLine id="r2l3" custom="readingOrder {index:0;}">
                <Coords points="103,198 593,200 584,158 463,174 309,155 103,156"/>
                <Baseline points="108,189 133,190 158,190 183,191 209,191 234,191 259,191 284,191 310,191 335,191 360,191 385,191 411,191 436,191 461,191 486,191 512,192 537,192 562,192 588,192"/>
                <TextEquiv>
                    <Unicode>nationis sit alius terminus commnnicationis, </Unicode>
                </TextEquiv>
            </TextLine>
            <TextLine id="r2l6" custom="readingOrder {index:1;}">
                <Coords points="109,225 347,237 595,227 595,204 538,196 109,199"/>
                <Baseline points="114,221 139,221 164,221 189,221 214,221 239,221 264,221 289,221 314,221 339,221 364,221 389,221 414,222 439,222 464,222 489,222 514,222 539,222 564,221 590,221"/>
                <TextEquiv>
                    <Unicode>&amp; alius productionis, oportet, quod dicant</Unicode>
                </TextEquiv>
            </TextLine>
            <TextLine id="r2l8" custom="readingOrder {index:2;}">
                <Coords points="101,259 595,259 595,227 101,226"/>
                <Baseline points="106,252 131,252 156,252 182,252 207,251 233,251 258,251 284,251 309,251 335,251 360,251 386,251 411,251 437,252 462,252 488,252 513,252 539,252 564,252 590,252"/>
                <TextEquiv>
                    <Unicode>in proposito, illud quod producitur, non es</Unicode>
                </TextEquiv>
            </TextLine>
            <TextLine id="r2l9" custom="readingOrder {index:3;}">
                <Coords points="106,287 161,298 187,286 374,298 442,287 473,300 592,288 592,257 575,255 330,269 295,256 106,257"/>
                <Baseline points="111,281 136,281 161,281 186,281 211,281 236,282 261,282 286,282 311,282 336,282 361,282 386,282 411,281 436,281 461,281 486,281 511,281 536,281 561,282 587,282"/>
                <TextEquiv>
                    <Unicode>se terminum generationis, sed suppositum ha¬</Unicode>
                </TextEquiv>
            </TextLine>
            <TextLine id="r2l11" custom="readingOrder {index:4;}">
                <Coords points="100,327 148,317 182,326 220,316 371,318 371,293 339,288 254,297 193,286 162,298 145,286 122,294 100,285"/>
                <Baseline points="105,310 131,311 157,311 183,311 209,312 235,312 261,312 287,312 313,312 339,312 366,313"/>
                <TextEquiv>
                    <Unicode>bens talem terminum.</Unicode>
                </TextEquiv>
            </TextLine>
            <TextLine id="r2l13" custom="readingOrder {index:5;}">
                <Coords points="135,350 595,348 595,320 576,315 389,327 135,318"/>
                <Baseline points="140,341 165,341 190,342 215,342 240,342 265,343 290,343 315,343 340,343 365,343 390,343 415,344 440,344 465,343 490,343 515,343 540,343 565,343 590,343"/>
                <TextEquiv>
                    <Unicode>Tertio deficit, quia ponit potentiam gene</Unicode>
                </TextEquiv>
            </TextLine>
            <TextLine id="r2l16" custom="readingOrder {index:6;}">
                <Coords points="105,377 592,384 592,349 105,350"/>
                <Baseline points="110,371 135,372 160,372 185,373 210,373 235,373 260,373 285,374 310,374 335,374 361,374 386,374 411,374 436,373 461,373 486,373 511,373 536,373 561,374 587,374"/>
                <TextEquiv>
                    <Unicode>ratiuam habere duplicem terminum essen¬</Unicode>
                </TextEquiv>
            </TextLine>
            <TextLine id="r2l18" custom="readingOrder {index:7;}">
                <Coords points="103,412 598,410 598,379 573,377 346,390 103,376"/>
                <Baseline points="108,401 133,402 159,402 184,403 210,403 235,403 261,404 286,404 312,404 337,404 363,404 388,404 414,404 439,403 465,403 490,403 516,403 541,403 567,404 593,404"/>
                <TextEquiv>
                    <Unicode>tialem, &amp; ita haec generatio inferior esset sim</Unicode>
                </TextEquiv>
            </TextLine>
            <TextLine id="r2l20" custom="readingOrder {index:8;}">
                <Coords points="104,437 598,448 598,415 536,406 104,414"/>
                <Baseline points="109,433 134,433 159,433 185,433 210,433 236,433 261,434 287,434 312,434 338,434 363,434 389,434 414,433 440,433 465,433 491,433 516,433 542,433 567,434 593,434"/>
                <TextEquiv>
                    <Unicode>plicior, cum habeat vnum tantum essentia¬</Unicode>
                </TextEquiv>
            </TextLine>
            <TextLine id="r2l22" custom="readingOrder {index:9;}">
                <Coords points="108,471 520,472 513,440 156,448 108,437"/>
                <Baseline points="113,463 138,463 163,463 188,464 213,464 238,464 263,464 288,464 314,464 339,464 364,464 389,464 414,464 439,464 464,464 489,464 515,463"/>
                <TextEquiv>
                    <Unicode>lem terminum, puta substantialem.</Unicode>
                </TextEquiv>
            </TextLine>
            <TextLine id="r2l23" custom="readingOrder {index:10;}">
                <Coords points="138,500 430,510 600,498 600,470 582,466 366,479 138,470"/>
                <Baseline points="143,493 168,493 193,494 218,494 243,494 268,494 293,494 318,494 343,495 369,495 394,495 419,495 444,495 469,495 494,495 519,494 544,494 569,493 595,493"/>
                <TextEquiv>
                    <Unicode>Tandem deficit ponens, quod relatio sit</Unicode>
                </TextEquiv>
            </TextLine>
            <TextLine id="r2l26" custom="readingOrder {index:11;}">
                <Coords points="98,528 557,540 600,530 601,504 472,499 434,514 349,500 158,507 99,492"/>
                <Baseline points="103,523 128,523 154,523 180,524 206,524 232,524 258,525 284,525 310,525 336,526 361,526 387,526 413,526 439,526 465,526 491,525 517,525 543,524 569,524 595,523"/>
                <TextEquiv>
                    <Unicode>terminus generationis, cuius contrarium pro¬</Unicode>
                </TextEquiv>
            </TextLine>
            <TextLine id="r2l28" custom="readingOrder {index:12;}">
                <Coords points="103,562 575,565 607,559 607,526 574,539 103,528"/>
                <Baseline points="108,553 134,554 160,554 186,554 212,555 238,555 264,555 290,555 316,555 342,555 368,555 394,555 420,555 446,555 472,555 498,555 524,554 550,554 576,554 602,553"/>
                <TextEquiv>
                    <Unicode>baui superius. Rationes autem ipsorum non</Unicode>
                </TextEquiv>
            </TextLine>
            <TextLine id="r2l30" custom="readingOrder {index:13;}">
                <Coords points="114,591 141,601 162,590 521,595 521,561 335,571 283,559 170,570 114,561"/>
                <Baseline points="119,583 145,584 171,585 198,585 224,585 251,586 277,586 304,586 330,586 357,586 383,586 410,585 436,585 463,585 489,585 516,585"/>
                <TextEquiv>
                    <Unicode>cogunt, vt patebit in fine quaestionis.</Unicode>
                </TextEquiv>
            </TextLine>
            <TextLine id="r2l32" custom="readingOrder {index:14;}">
                <Coords points="139,624 601,625 601,589 139,599"/>
                <Baseline points="144,616 169,616 194,615 219,615 244,615 269,615 294,615 319,615 344,616 370,616 395,616 420,616 445,616 470,616 495,615 520,615 545,615 570,614 596,614"/>
                <TextEquiv>
                    <Unicode>Alia opinio est, quae ponit duas conclusio</Unicode>
                </TextEquiv>
            </TextLine>
            <TextLine id="r2l34" custom="readingOrder {index:15;}">
                <Coords points="109,653 584,655 605,653 605,626 109,629"/>
                <Baseline points="114,644 139,644 165,645 190,645 216,645 241,645 267,646 293,646 318,646 344,646 369,646 395,646 420,646 446,646 472,645 497,645 523,645 548,645 574,645 600,645"/>
                <TextEquiv>
                    <Unicode>nes; vnam, quod diuina essentia est formale</Unicode>
                </TextEquiv>
            </TextLine>
            <TextLine id="r2l35" custom="readingOrder {index:16;}">
                <Coords points="119,681 516,689 594,683 594,650 443,662 302,648 245,664 205,650 119,654"/>
                <Baseline points="124,676 149,676 175,675 201,675 227,675 253,675 279,675 304,676 330,676 356,676 382,676 408,676 434,676 459,676 485,676 511,676 537,676 563,676 589,675"/>
                <TextEquiv>
                    <Unicode>principium elicitiuum omnis diuinae actio</Unicode>
                </TextEquiv>
            </TextLine>
            <TextLine id="r2l37" custom="readingOrder {index:17;}">
                <Coords points="118,711 609,718 609,689 587,682 118,680"/>
                <Baseline points="123,705 148,705 173,705 198,706 224,706 249,706 274,706 300,706 325,707 350,707 376,707 401,707 426,707 452,707 477,707 502,707 528,706 553,706 578,705 604,704"/>
                <TextEquiv>
                    <Unicode>nis. AIteram, quod relatio non includitur</Unicode>
                </TextEquiv>
            </TextLine>
            <TextLine id="r2l40" custom="readingOrder {index:18;}">
                <Coords points="107,744 609,742 609,717 580,711 292,723 107,712"/>
                <Baseline points="112,735 137,735 163,735 189,736 215,736 241,736 267,736 293,737 319,737 345,737 370,737 396,738 422,738 448,738 474,738 500,737 526,737 552,737 578,736 604,735"/>
                <TextEquiv>
                    <Unicode>in ratione istius principij elicitiui, vt dicebat.</Unicode>
                </TextEquiv>
            </TextLine>
            <TextLine id="r2l42" custom="readingOrder {index:19;}">
                <Coords points="112,781 596,781 606,743 112,746"/>
                <Baseline points="117,768 142,768 167,767 193,767 218,767 244,767 269,767 295,767 320,767 346,767 371,768 397,768 422,768 448,768 473,768 499,768 524,767 550,767 575,766 601,765"/>
                <TextEquiv>
                    <Unicode>praecedens opinio; concurrit tamen ibi ne¬</Unicode>
                </TextEquiv>
            </TextLine>
            <TextLine id="r2l44" custom="readingOrder {index:20;}">
                <Coords points="116,805 457,801 491,816 617,801 617,781 568,771 116,781"/>
                <Baseline points="121,798 146,798 172,798 198,797 224,797 250,797 276,797 301,797 327,797 353,798 379,798 405,798 431,798 456,798 482,798 508,798 534,798 560,797 586,797 612,797"/>
                <TextEquiv>
                    <Unicode>cessario, vt ratio determinandi principium</Unicode>
                </TextEquiv>
            </TextLine>
            <TextLine id="r2l46" custom="readingOrder {index:21;}">
                <Coords points="119,834 147,842 155,833 163,832 211,838 250,832 250,810 237,807 227,810 181,802 164,803 148,810 141,803 119,810"/>
                <Baseline points="124,830 154,828 184,827 214,828 245,827"/>
                <TextEquiv>
                    <Unicode>elicitiuum.</Unicode>
                </TextEquiv>
            </TextLine>
            <TextLine id="r2l47" custom="readingOrder {index:22;}">
                <Coords points="146,864 513,873 607,862 607,829 146,833"/>
                <Baseline points="151,858 176,858 201,857 226,857 251,857 276,857 301,857 326,857 351,858 376,858 401,858 426,858 451,858 476,858 501,858 526,858 551,858 576,858 602,858"/>
                <TextEquiv>
                    <Unicode>Primam conclusionem probant per hoc,</Unicode>
                </TextEquiv>
            </TextLine>
            <TextLine id="r2l50" custom="readingOrder {index:23;}">
                <Coords points="114,902 571,902 617,895 617,865 114,867"/>
                <Baseline points="119,890 144,889 170,888 196,888 222,888 248,888 274,887 300,887 326,888 352,888 378,888 404,888 430,888 456,888 482,888 508,888 534,888 560,888 586,888 612,887"/>
                <TextEquiv>
                    <Unicode>quod oportet dare aliquod principium posi</Unicode>
                </TextEquiv>
            </TextLine>
            <TextLine id="r2l51" custom="readingOrder {index:24;}">
                <Coords points="118,933 542,920 603,931 612,893 117,903"/>
                <Baseline points="122,920 147,920 173,919 198,919 224,919 249,919 275,919 300,919 326,919 351,918 377,918 402,918 428,918 453,918 479,918 504,918 530,918 555,918 581,917 607,917"/>
                <TextEquiv>
                    <Unicode>tiuum actus generationis, hoc autem vel erit</Unicode>
                </TextEquiv>
            </TextLine>
            <TextLine id="r2l53" custom="readingOrder {index:25;}">
                <Coords points="119,956 577,959 615,954 615,929 119,934"/>
                <Baseline points="124,950 149,949 175,949 200,949 226,949 251,949 277,949 303,949 328,949 354,949 379,949 405,949 430,949 456,949 482,949 507,949 533,949 558,949 584,948 610,948"/>
                <TextEquiv>
                    <Unicode>essentia, vel relatio, quia in diuinis non sunt</Unicode>
                </TextEquiv>
            </TextLine>
            <TextLine id="r2l56" custom="readingOrder {index:26;}">
                <Coords points="118,995 616,985 604,953 118,956"/>
                <Baseline points="123,981 148,981 174,980 200,980 225,980 251,979 277,979 302,979 328,979 354,979 379,979 405,980 431,980 456,980 482,980 508,980 533,980 559,980 585,979 611,979"/>
                <TextEquiv>
                    <Unicode>plura praedicamenta positua; Non potest</Unicode>
                </TextEquiv>
            </TextLine>
            <TextLine id="r2l58" custom="readingOrder {index:27;}">
                <Coords points="114,1019 588,1021 610,1016 610,984 114,995"/>
                <Baseline points="119,1011 144,1011 170,1010 195,1010 221,1010 246,1010 272,1010 298,1010 323,1010 349,1010 374,1010 400,1010 425,1010 451,1010 477,1010 502,1010 528,1010 553,1010 579,1009 605,1009"/>
                <TextEquiv>
                    <Unicode>autem dici, quod hoc principiuum elicitiuum</Unicode>
                </TextEquiv>
            </TextLine>
            <TextLine id="r2l60" custom="readingOrder {index:28;}">
                <Coords points="117,1049 576,1054 612,1047 612,1015 385,1029 356,1014 117,1019"/>
                <Baseline points="122,1042 147,1041 173,1041 198,1040 224,1040 249,1040 275,1040 300,1040 326,1040 351,1040 377,1040 402,1040 428,1040 453,1040 479,1040 504,1040 530,1040 555,1040 581,1039 607,1039"/>
                <TextEquiv>
                    <Unicode>sit relatio, quia relatio, cum non possit esse </Unicode>
                </TextEquiv>
            </TextLine>
            <TextLine id="r2l62" custom="readingOrder {index:29;}">
                <Coords points="116,1081 578,1083 613,1076 613,1047 116,1049"/>
                <Baseline points="121,1072 146,1072 172,1071 197,1071 223,1071 249,1071 274,1071 300,1071 326,1070 351,1071 377,1071 402,1071 428,1071 454,1071 479,1071 505,1071 531,1071 556,1071 582,1071 608,1071"/>
                <TextEquiv>
                    <Unicode>terminus actionis, vt patet ex 5. phys. ita nec</Unicode>
                </TextEquiv>
            </TextLine>
            <TextLine id="r2l64" custom="readingOrder {index:30;}">
                <Coords points="116,1118 138,1106 155,1118 195,1106 315,1118 331,1105 566,1115 610,1107 610,1076 116,1081"/>
                <Baseline points="121,1103 146,1102 171,1102 197,1102 222,1102 248,1101 273,1101 299,1101 324,1101 350,1101 375,1101 401,1101 426,1102 452,1102 477,1102 503,1102 528,1102 554,1102 579,1101 605,1101"/>
                <TextEquiv>
                    <Unicode>potest esse principium, sequitur ergo, quod</Unicode>
                </TextEquiv>
            </TextLine>
            <TextLine id="r2l66" custom="readingOrder {index:31;}">
                <Coords points="121,1141 138,1145 155,1134 173,1147 182,1148 200,1138 255,1138 255,1113 244,1116 224,1107 217,1114 209,1107 194,1106 165,1108 155,1118 135,1110 121,1116"/>
                <Baseline points="126,1132 157,1132 188,1132 219,1132 250,1132"/>
                <TextEquiv>
                    <Unicode>sit essentia.</Unicode>
                </TextEquiv>
            </TextLine>
            <TextLine id="r2l68" custom="readingOrder {index:32;}">
                <Coords points="149,1168 613,1168 613,1137 587,1134 182,1148 149,1133"/>
                <Baseline points="154,1161 179,1161 204,1162 229,1162 254,1162 280,1162 305,1162 330,1161 355,1161 381,1161 406,1161 431,1161 456,1161 481,1162 507,1162 532,1162 557,1162 582,1162 608,1162"/>
                <TextEquiv>
                    <Unicode>Secundam conclusionem probant pr hoc,</Unicode>
                </TextEquiv>
            </TextLine>
            <TextLine id="r2l70" custom="readingOrder {index:33;}">
                <Coords points="117,1201 579,1206 619,1192 619,1168 117,1172"/>
                <Baseline points="122,1193 147,1193 173,1192 199,1192 225,1192 251,1192 277,1192 303,1192 329,1192 355,1192 380,1192 406,1192 432,1192 458,1192 484,1191 510,1191 536,1191 562,1191 588,1191 614,1191"/>
                <TextEquiv>
                    <Unicode>scilicet quia actiones diuinae sunt plures, es¬</Unicode>
                </TextEquiv>
            </TextLine>
            <TextLine id="r2l72" custom="readingOrder {index:34;}">
                <Coords points="120,1230 612,1236 612,1208 543,1195 452,1208 120,1200"/>
                <Baseline points="125,1224 150,1224 175,1224 201,1223 226,1223 251,1223 277,1223 302,1223 327,1222 353,1222 378,1222 404,1222 429,1222 454,1222 480,1222 505,1222 530,1222 556,1222 581,1222 607,1221"/>
                <TextEquiv>
                    <Unicode>sentia Vero est vna; &amp; ideo non potest deter¬</Unicode>
                </TextEquiv>
            </TextLine>
            <TextLine id="r2l74" custom="readingOrder {index:35;}">
                <Coords points="124,1260 612,1256 612,1237 569,1227 124,1231"/>
                <Baseline points="129,1254 154,1254 179,1254 204,1254 229,1254 254,1254 279,1254 305,1253 330,1253 355,1253 380,1253 405,1253 430,1253 456,1253 481,1253 506,1253 531,1252 556,1252 581,1251 607,1251"/>
                <TextEquiv>
                    <Unicode>minari ad illas plures actiones per se ipsam</Unicode>
                </TextEquiv>
            </TextLine>
            <TextLine id="r2l75" custom="readingOrder {index:36;}">
                <Coords points="123,1293 544,1298 612,1287 612,1256 123,1261"/>
                <Baseline points="128,1284 153,1284 178,1284 203,1284 228,1284 254,1284 279,1284 304,1283 329,1283 354,1283 380,1283 405,1283 430,1283 455,1282 480,1282 506,1282 531,1282 556,1282 581,1281 607,1281"/>
                <TextEquiv>
                    <Unicode>Propterea oportet eam determinari per ali¬</Unicode>
                </TextEquiv>
            </TextLine>
            <TextLine id="r2l78" custom="readingOrder {index:37;}">
                <Coords points="122,1324 612,1320 612,1298 586,1286 542,1299 511,1287 122,1294"/>
                <Baseline points="127,1315 152,1315 177,1314 202,1314 228,1314 253,1313 278,1313 303,1314 329,1314 354,1314 379,1314 404,1314 430,1314 455,1314 480,1314 505,1313 531,1313 556,1312 581,1312 607,1311"/>
                <TextEquiv>
                    <Unicode>quod superueniens, non quidem secundum</Unicode>
                </TextEquiv>
            </TextLine>
            <TextLine id="r2l80" custom="readingOrder {index:38;}">
                <Coords points="122,1355 569,1357 606,1350 606,1319 122,1325"/>
                <Baseline points="127,1345 153,1345 179,1344 206,1344 232,1344 258,1344 285,1344 311,1344 337,1344 364,1344 390,1344 416,1344 443,1344 469,1344 495,1344 522,1343 548,1343 574,1343 601,1343"/>
                <TextEquiv>
                    <Unicode>rem, quia nil tale potest superuenire, sed se</Unicode>
                </TextEquiv>
            </TextLine>
            <TextLine id="r2l82" custom="readingOrder {index:39;}">
                <Coords points="128,1385 610,1379 596,1349 128,1354"/>
                <Baseline points="133,1375 159,1375 185,1374 211,1374 237,1374 264,1374 290,1373 316,1373 342,1373 369,1373 395,1374 421,1374 447,1374 473,1374 500,1374 526,1374 552,1374 578,1373 605,1373"/>
                <TextEquiv>
                    <Unicode>cundum rationem, hoc autem est sola rela¬ </Unicode>
                </TextEquiv>
            </TextLine>
            <TextLine id="r2l84" custom="readingOrder {index:40;}">
                <Coords points="120,1413 615,1413 603,1380 120,1380"/>
                <Baseline points="125,1405 150,1405 176,1405 201,1404 227,1404 252,1404 278,1404 303,1404 329,1404 354,1404 380,1404 405,1404 431,1404 456,1404 482,1404 507,1404 533,1403 558,1403 584,1403 610,1403"/>
                <TextEquiv>
                    <Unicode>tio; ergo determinabitur per relationem, &amp; </Unicode>
                </TextEquiv>
            </TextLine>
            <TextLine id="r2l85" custom="readingOrder {index:41;}">
                <Coords points="131,1444 615,1447 615,1413 529,1407 131,1416"/>
                <Baseline points="136,1435 162,1435 188,1434 215,1434 241,1434 267,1434 294,1434 320,1433 346,1433 373,1433 399,1433 425,1433 452,1433 478,1433 504,1434 531,1434 557,1434 583,1434 610,1434"/>
                <TextEquiv>
                    <Unicode>ex inde terminabitur ad diuersas actiones pr</Unicode>
                </TextEquiv>
            </TextLine>
            <TextLine id="r2l88" custom="readingOrder {index:42;}">
                <Coords points="128,1475 624,1469 623,1443 564,1439 127,1444"/>
                <Baseline points="133,1465 158,1465 184,1465 209,1465 235,1465 260,1465 286,1465 312,1465 337,1465 363,1465 388,1465 414,1464 439,1464 465,1464 491,1464 516,1464 542,1464 567,1463 593,1463 619,1463"/>
                <TextEquiv>
                    <Unicode>diuersas relationes, exempli gratia; videmus</Unicode>
                </TextEquiv>
            </TextLine>
            <TextLine id="r2l89" custom="readingOrder {index:43;}">
                <Coords points="124,1502 591,1507 627,1502 627,1471 124,1476"/>
                <Baseline points="129,1496 154,1496 180,1496 206,1496 232,1496 258,1496 284,1495 310,1495 336,1495 362,1495 388,1494 414,1494 440,1494 466,1494 492,1494 518,1494 544,1494 570,1494 596,1494 622,1494"/>
                <TextEquiv>
                    <Unicode>in inferioribus, quod forma terminatur ad di</Unicode>
                </TextEquiv>
            </TextLine>
            <TextLine id="r2l92" custom="readingOrder {index:44;}">
                <Coords points="127,1538 615,1535 625,1499 127,1505"/>
                <Baseline points="132,1527 157,1527 183,1526 209,1526 234,1526 260,1526 286,1525 311,1525 337,1525 363,1525 388,1525 414,1525 440,1525 465,1525 491,1525 517,1525 542,1525 568,1525 594,1525 620,1525"/>
                <TextEquiv>
                    <Unicode>uersos actus per diue sos respectus, puta ad</Unicode>
                </TextEquiv>
            </TextLine>
            <TextLine id="r2l94" custom="readingOrder {index:45;}">
                <Coords points="121,1566 621,1567 629,1529 121,1535"/>
                <Baseline points="126,1557 152,1557 178,1557 204,1557 230,1557 257,1557 283,1557 309,1556 335,1556 361,1556 388,1556 414,1556 440,1556 466,1556 492,1555 519,1555 545,1555 571,1554 597,1554 624,1554"/>
                <TextEquiv>
                    <Unicode>actum primum ratione substantiae, ad actum </Unicode>
                </TextEquiv>
            </TextLine>
            <TextLine id="r2l95" custom="readingOrder {index:46;}">
                <Coords points="124,1595 624,1594 624,1566 124,1568"/>
                <Baseline points="129,1587 154,1587 180,1587 206,1586 232,1586 257,1586 283,1586 309,1586 335,1586 361,1586 386,1585 412,1585 438,1585 464,1585 490,1585 515,1585 541,1585 567,1585 593,1585 619,1585"/>
                <TextEquiv>
                    <Unicode>secundum ratione subiecti, &amp; ad diuersos</Unicode>
                </TextEquiv>
            </TextLine>
            <TextLine id="r2l98" custom="readingOrder {index:47;}">
                <Coords points="127,1629 590,1627 625,1619 625,1596 126,1599"/>
                <Baseline points="131,1619 156,1618 182,1618 208,1618 233,1617 259,1617 285,1617 311,1617 336,1617 362,1616 388,1616 414,1616 439,1616 465,1616 491,1616 517,1615 542,1615 568,1615 594,1615 620,1614"/>
                <TextEquiv>
                    <Unicode>actus secundos per diuersos respectus ad di¬</Unicode>
                </TextEquiv>
            </TextLine>
            <TextLine id="r2l100" custom="readingOrder {index:48;}">
                <Coords points="131,1655 220,1662 231,1654 247,1661 344,1653 343,1624 337,1623 323,1622 312,1631 233,1622 177,1623 163,1632 130,1628"/>
                <Baseline points="136,1650 161,1649 186,1648 212,1648 237,1647 262,1647 288,1648 313,1648 339,1647"/>
                <TextEquiv>
                    <Unicode>uersa obiecta. </Unicode>
                </TextEquiv>
            </TextLine>
            <TextLine id="r2l102" custom="readingOrder {index:49;}">
                <Coords points="127,1687 563,1691 619,1683 619,1653 127,1654"/>
                <Baseline points="132,1679 157,1678 182,1678 208,1678 233,1678 258,1678 284,1678 309,1678 334,1678 360,1678 385,1678 411,1678 436,1678 461,1678 487,1677 512,1677 537,1677 563,1677 588,1676 614,1676"/>
                <TextEquiv>
                    <Unicode>Haec opinio a quibusdam arguitur primo</Unicode>
                </TextEquiv>
            </TextLine>
            <TextLine id="r2l104" custom="readingOrder {index:50;}">
                <Coords points="129,1719 617,1719 630,1681 129,1691"/>
                <Baseline points="134,1710 159,1710 185,1709 211,1709 237,1708 263,1708 289,1708 314,1707 340,1707 366,1707 392,1707 418,1707 444,1706 469,1706 495,1706 521,1706 547,1706 573,1706 599,1706 625,1705"/>
                <TextEquiv>
                    <Unicode>sic: llla indeterminatio essentiae, quam isti</Unicode>
                </TextEquiv>
            </TextLine>
            <TextLine id="r2l106" custom="readingOrder {index:51;}">
                <Coords points="140,1745 625,1743 625,1717 607,1713 140,1714"/>
                <Baseline points="145,1739 170,1739 195,1739 220,1739 245,1739 270,1739 295,1738 320,1738 345,1738 370,1737 395,1737 420,1737 445,1737 470,1736 495,1736 520,1736 545,1736 570,1737 595,1737 620,1737"/>
                <TextEquiv>
                    <Unicode>ponunt, vel est indeterminatio principij acti</Unicode>
                </TextEquiv>
            </TextLine>
            <TextLine id="r2l108" custom="readingOrder {index:52;}">
                <Coords points="131,1781 413,1770 591,1781 618,1773 618,1743 131,1753"/>
                <Baseline points="136,1770 161,1770 186,1769 211,1769 236,1769 261,1769 286,1769 311,1768 336,1768 361,1768 387,1768 412,1767 437,1767 462,1767 487,1767 512,1767 537,1766 562,1766 587,1766 613,1765"/>
                <TextEquiv>
                    <Unicode>ui, vel passiui, non potest dici, quod sit inde</Unicode>
                </TextEquiv>
            </TextLine>
            <TextLine id="r2l110" custom="readingOrder {index:53;}">
                <Coords points="130,1807 628,1804 627,1780 604,1772 129,1779"/>
                <Baseline points="134,1800 159,1800 185,1800 211,1800 236,1800 262,1800 288,1799 313,1799 339,1799 365,1799 390,1798 416,1798 442,1798 467,1798 493,1798 519,1797 544,1797 570,1797 596,1797 622,1798"/>
                <TextEquiv>
                    <Unicode>terminatio principij passiui; quia illa contin</Unicode>
                </TextEquiv>
            </TextLine>
            <TextLine id="r2l112" custom="readingOrder {index:54;}">
                <Coords points="136,1844 471,1831 625,1842 625,1804 136,1806"/>
                <Baseline points="141,1831 166,1831 191,1831 216,1831 241,1830 267,1830 292,1830 317,1829 342,1829 367,1829 393,1828 418,1828 443,1828 468,1827 493,1827 519,1827 544,1827 569,1827 594,1827 620,1828"/>
                <TextEquiv>
                    <Unicode>git ex potentialitate, si autem dicant, quod</Unicode>
                </TextEquiv>
            </TextLine>
            <TextLine id="r2l114" custom="readingOrder {index:55;}">
                <Coords points="135,1867 575,1861 603,1872 619,1864 619,1840 135,1845"/>
                <Baseline points="140,1862 166,1861 192,1861 219,1861 245,1860 271,1860 298,1860 324,1859 350,1859 377,1859 403,1858 429,1858 456,1858 482,1858 508,1858 535,1858 561,1858 587,1858 614,1858"/>
                <TextEquiv>
                    <Unicode>sit indeterminatio principij actiui, hoc ma</Unicode>
                </TextEquiv>
            </TextLine>
            <TextLine id="r2l116" custom="readingOrder {index:56;}">
                <Coords points="134,1909 452,1896 633,1910 633,1864 134,1867"/>
                <Baseline points="139,1896 164,1894 190,1893 216,1892 241,1891 267,1890 293,1890 319,1890 344,1889 370,1889 396,1889 422,1890 447,1890 473,1890 499,1890 525,1890 550,1889 576,1889 602,1888 628,1888"/>
                <TextEquiv>
                    <Unicode>gis arguit illimitationem actualitatis, &amp; per</Unicode>
                </TextEquiv>
            </TextLine>
            <TextEquiv>
                <Unicode>nationis sit alius terminus commnnicationis, 
&amp; alius productionis, oportet, quod dicant
in proposito, illud quod producitur, non es
se terminum generationis, sed suppositum ha¬
bens talem terminum.
Tertio deficit, quia ponit potentiam gene
ratiuam habere duplicem terminum essen¬
tialem, &amp; ita haec generatio inferior esset sim
plicior, cum habeat vnum tantum essentia¬
lem terminum, puta substantialem.
Tandem deficit ponens, quod relatio sit
terminus generationis, cuius contrarium pro¬
baui superius. Rationes autem ipsorum non
cogunt, vt patebit in fine quaestionis.
Alia opinio est, quae ponit duas conclusio
nes; vnam, quod diuina essentia est formale
principium elicitiuum omnis diuinae actio
nis. AIteram, quod relatio non includitur
in ratione istius principij elicitiui, vt dicebat.
praecedens opinio; concurrit tamen ibi ne¬
cessario, vt ratio determinandi principium
elicitiuum.
Primam conclusionem probant per hoc,
quod oportet dare aliquod principium posi
tiuum actus generationis, hoc autem vel erit
essentia, vel relatio, quia in diuinis non sunt
plura praedicamenta positua; Non potest
autem dici, quod hoc principiuum elicitiuum
sit relatio, quia relatio, cum non possit esse 
terminus actionis, vt patet ex 5. phys. ita nec
potest esse principium, sequitur ergo, quod
sit essentia.
Secundam conclusionem probant pr hoc,
scilicet quia actiones diuinae sunt plures, es¬
sentia Vero est vna; &amp; ideo non potest deter¬
minari ad illas plures actiones per se ipsam
Propterea oportet eam determinari per ali¬
quod superueniens, non quidem secundum
rem, quia nil tale potest superuenire, sed se
cundum rationem, hoc autem est sola rela¬ 
tio; ergo determinabitur per relationem, &amp; 
ex inde terminabitur ad diuersas actiones pr
diuersas relationes, exempli gratia; videmus
in inferioribus, quod forma terminatur ad di
uersos actus per diue sos respectus, puta ad
actum primum ratione substantiae, ad actum 
secundum ratione subiecti, &amp; ad diuersos
actus secundos per diuersos respectus ad di¬
uersa obiecta. 
Haec opinio a quibusdam arguitur primo
sic: llla indeterminatio essentiae, quam isti
ponunt, vel est indeterminatio principij acti
ui, vel passiui, non potest dici, quod sit inde
terminatio principij passiui; quia illa contin
git ex potentialitate, si autem dicant, quod
sit indeterminatio principij actiui, hoc ma
gis arguit illimitationem actualitatis, &amp; per</Unicode>
            </TextEquiv>
        </TextRegion>
        <TextRegion orientation="0.0" id="TextRegion_1600559993159_1337" custom="readingOrder {index:1;}">
            <Coords points="613,126 1144,126 1144,1935 643,1935 641,1792"/>
            <TextLine id="r2l4" custom="readingOrder {index:0;}">
                <Coords points="618,193 695,206 1110,198 1110,172 1080,165 618,163"/>
                <Baseline points="623,190 648,190 673,191 699,191 724,191 749,191 775,191 800,192 825,192 851,192 876,192 902,192 927,192 952,191 978,191 1003,191 1028,191 1054,191 1079,191 1105,192"/>
                <TextEquiv>
                    <Unicode>consequens non indigebit determinari por</Unicode>
                </TextEquiv>
            </TextLine>
            <TextLine id="r2l5" custom="readingOrder {index:1;}">
                <Coords points="627,230 1109,230 1109,199 1092,197 1064,208 627,198"/>
                <Baseline points="632,221 658,221 684,221 710,221 736,222 763,222 789,222 815,222 841,222 868,222 894,222 920,222 946,222 972,222 999,222 1025,222 1051,222 1077,222 1104,221"/>
                <TextEquiv>
                    <Unicode>aliquod superueniens, sed ipsa erit determi-</Unicode>
                </TextEquiv>
            </TextLine>
            <TextLine id="r2l7" custom="readingOrder {index:2;}">
                <Coords points="627,259 1111,260 1101,229 627,233"/>
                <Baseline points="632,252 658,252 684,251 711,251 737,251 763,251 790,251 816,252 842,252 869,252 895,252 921,252 948,252 974,253 1000,253 1027,253 1053,253 1079,252 1106,252"/>
                <TextEquiv>
                    <Unicode>nata ad omnem talem actionem: Et confir¬</Unicode>
                </TextEquiv>
            </TextLine>
            <TextLine id="r2l10" custom="readingOrder {index:3;}">
                <Coords points="622,286 1053,298 1109,290 1109,256 622,264"/>
                <Baseline points="627,281 652,281 677,281 702,281 727,281 752,282 777,282 802,282 827,282 852,282 878,283 903,283 928,283 953,283 978,283 1003,283 1028,283 1053,282 1078,282 1104,281"/>
                <TextEquiv>
                    <Unicode>matur, quia talis determinatio, quamuis sit</Unicode>
                </TextEquiv>
            </TextLine>
            <TextLine id="r2l12" custom="readingOrder {index:4;}">
                <Coords points="625,320 1115,318 1115,290 1091,286 993,298 625,289"/>
                <Baseline points="630,311 655,311 680,312 705,312 731,312 756,313 781,313 806,313 832,313 857,313 882,313 907,313 933,313 958,313 983,313 1008,313 1034,313 1059,313 1084,313 1110,313"/>
                <TextEquiv>
                    <Unicode>ad disparatas actiones, non tamen est ad con</Unicode>
                </TextEquiv>
            </TextLine>
            <TextLine id="r2l14" custom="readingOrder {index:5;}">
                <Coords points="627,352 1116,351 1116,326 1075,321 627,321"/>
                <Baseline points="632,341 657,342 682,342 707,343 732,343 758,343 783,344 808,344 833,344 858,344 884,344 909,344 934,344 959,343 984,343 1010,343 1035,343 1060,343 1085,343 1111,344"/>
                <TextEquiv>
                    <Unicode>tradictorias, puta ad agere, &amp; non agere; ergo</Unicode>
                </TextEquiv>
            </TextLine>
            <TextLine id="r2l15" custom="readingOrder {index:6;}">
                <Coords points="627,387 1114,378 1114,359 1060,350 627,353"/>
                <Baseline points="632,371 657,372 682,372 707,373 732,373 757,373 782,373 807,373 832,374 857,374 883,374 908,374 933,374 958,374 983,373 1008,373 1033,373 1058,373 1083,373 1109,374"/>
                <TextEquiv>
                    <Unicode>non est necessarium aliquod tale deter¬</Unicode>
                </TextEquiv>
            </TextLine>
            <TextLine id="r2l17" custom="readingOrder {index:7;}">
                <Coords points="622,411 633,416 645,416 661,407 665,412 700,409 713,417 722,416 723,385 709,387 701,384 697,387 685,376 676,377 663,386 655,381 635,387 623,385"/>
                <Baseline points="627,402 657,401 687,402 717,404"/>
                <TextEquiv>
                    <Unicode>minans</Unicode>
                </TextEquiv>
            </TextLine>
            <TextLine id="r2l19" custom="readingOrder {index:8;}">
                <Coords points="652,442 986,438 1036,450 1116,435 1116,411 1093,408 652,411"/>
                <Baseline points="657,433 682,433 707,433 732,433 757,433 783,434 808,434 833,434 858,434 884,434 909,434 934,433 959,433 984,433 1010,433 1035,433 1060,433 1085,434 1111,434"/>
                <TextEquiv>
                    <Unicode>Secundo, quando aliquod principium a¬</Unicode>
                </TextEquiv>
            </TextLine>
            <TextLine id="r2l21" custom="readingOrder {index:9;}">
                <Coords points="626,468 886,480 1114,468 1114,440 774,450 626,435"/>
                <Baseline points="631,464 656,463 681,463 706,463 731,463 756,463 781,463 807,463 832,463 857,464 882,464 907,464 932,465 958,465 983,465 1008,465 1033,465 1058,465 1083,464 1109,464"/>
                <TextEquiv>
                    <Unicode>ctiuum extendit se ad plures actus secundum</Unicode>
                </TextEquiv>
            </TextLine>
            <TextLine id="r2l24" custom="readingOrder {index:10;}">
                <Coords points="626,505 1127,504 1127,478 1107,469 888,481 626,469"/>
                <Baseline points="631,494 656,493 682,493 708,493 734,493 760,494 786,494 811,494 837,494 863,495 889,495 915,495 941,495 966,495 992,496 1018,495 1044,495 1070,495 1096,494 1122,494"/>
                <TextEquiv>
                    <Unicode>quendam ordinem, ex se ipso sufficienter de¬</Unicode>
                </TextEquiv>
            </TextLine>
            <TextLine id="r2l25" custom="readingOrder {index:11;}">
                <Coords points="626,529 1121,531 1121,505 1079,500 626,507"/>
                <Baseline points="631,524 656,523 682,523 707,523 733,524 758,524 784,524 809,524 835,525 860,525 886,525 911,525 937,526 962,526 988,526 1013,526 1039,525 1064,525 1090,524 1116,524"/>
                <TextEquiv>
                    <Unicode>terminatur ad primum actum, &amp; illo habito</Unicode>
                </TextEquiv>
            </TextLine>
            <TextLine id="r2l27" custom="readingOrder {index:12;}">
                <Coords points="626,564 1117,562 1117,533 1090,528 932,542 901,529 626,528"/>
                <Baseline points="631,553 656,553 681,554 706,554 732,554 757,554 782,554 808,554 833,555 858,555 884,555 909,555 934,555 960,555 985,555 1010,555 1036,555 1061,555 1086,555 1112,555"/>
                <TextEquiv>
                    <Unicode>ad secundum, &amp; sic de alijs, sed diuina essen</Unicode>
                </TextEquiv>
            </TextLine>
            <TextLine id="r2l29" custom="readingOrder {index:13;}">
                <Coords points="629,592 1122,591 1116,562 629,563"/>
                <Baseline points="634,583 659,584 684,584 710,585 735,585 761,585 786,585 811,585 837,585 862,586 888,586 913,586 939,585 964,585 989,585 1015,585 1040,585 1066,585 1091,586 1117,586"/>
                <TextEquiv>
                    <Unicode>tia principiat istas actiones secundum quen¬</Unicode>
                </TextEquiv>
            </TextLine>
            <TextLine id="r2l31" custom="readingOrder {index:14;}">
                <Coords points="628,623 1111,624 1103,595 628,596"/>
                <Baseline points="633,614 659,614 685,615 711,615 738,615 764,615 790,615 816,616 843,616 869,616 895,616 922,616 948,616 974,616 1000,616 1027,616 1053,615 1079,615 1106,615"/>
                <TextEquiv>
                    <Unicode>dam ordinem, vt patet, ergo &amp;c.</Unicode>
                </TextEquiv>
            </TextLine>
            <TextLine id="r2l33" custom="readingOrder {index:15;}">
                <Coords points="654,651 1123,656 1123,623 654,624"/>
                <Baseline points="659,645 684,645 710,645 735,645 761,646 786,646 812,646 837,646 863,646 888,645 914,645 939,645 965,645 990,645 1016,645 1041,645 1067,646 1092,646 1118,646"/>
                <TextEquiv>
                    <Unicode>Tertio, si relatio determinaret essentiam,</Unicode>
                </TextEquiv>
            </TextLine>
            <TextLine id="r2l36" custom="readingOrder {index:16;}">
                <Coords points="626,682 1119,683 1119,657 1077,651 626,650"/>
                <Baseline points="631,674 656,675 681,675 707,676 732,676 758,676 783,677 808,677 834,677 859,677 885,677 910,677 936,677 961,677 986,677 1012,677 1037,676 1063,676 1088,676 1114,676"/>
                <TextEquiv>
                    <Unicode>sequeretur, quod esset principium determi-</Unicode>
                </TextEquiv>
            </TextLine>
            <TextLine id="r2l38" custom="readingOrder {index:17;}">
                <Coords points="628,711 1105,717 1119,686 628,691"/>
                <Baseline points="633,704 658,705 683,705 708,706 734,706 759,706 784,706 810,706 835,707 860,707 886,707 911,707 936,706 962,706 987,706 1012,706 1038,706 1063,706 1088,706 1114,706"/>
                <TextEquiv>
                    <Unicode>nans respectu generationis duobus modis, &amp; </Unicode>
                </TextEquiv>
            </TextLine>
            <TextLine id="r2l39" custom="readingOrder {index:18;}">
                <Coords points="635,740 1010,754 1117,741 1126,714 636,713"/>
                <Baseline points="640,735 665,735 690,736 715,736 741,736 766,736 791,736 816,737 842,737 867,737 892,737 917,737 943,738 968,738 993,738 1018,738 1044,737 1069,737 1094,737 1120,737"/>
                <TextEquiv>
                    <Unicode>in quantum determinaret principium elici¬</Unicode>
                </TextEquiv>
            </TextLine>
            <TextLine id="r2l41" custom="readingOrder {index:19;}">
                <Coords points="633,775 1088,783 1125,774 1126,738 1013,751 634,742"/>
                <Baseline points="638,765 663,766 688,766 714,766 739,766 764,767 790,767 815,767 840,767 866,767 891,767 917,767 942,768 967,768 993,768 1018,768 1043,768 1069,768 1094,767 1120,767"/>
                <TextEquiv>
                    <Unicode>tiuum, &amp; in quantum determinaret supposi</Unicode>
                </TextEquiv>
            </TextLine>
            <TextLine id="r2l43" custom="readingOrder {index:20;}">
                <Coords points="636,804 1125,812 1115,774 636,775"/>
                <Baseline points="641,796 666,796 691,797 716,797 741,797 767,797 792,798 817,798 842,798 867,798 893,798 918,798 943,798 968,797 993,797 1019,797 1044,797 1069,797 1094,798 1120,798"/>
                <TextEquiv>
                    <Unicode>tum agens, cum sit principium constitutiuum</Unicode>
                </TextEquiv>
            </TextLine>
            <TextLine id="r2l45" custom="readingOrder {index:21;}">
                <Coords points="634,833 1126,842 1126,811 1101,803 634,805"/>
                <Baseline points="639,827 664,827 689,827 715,827 740,827 765,827 791,827 816,827 841,828 867,828 892,828 918,828 943,828 968,828 994,828 1019,828 1044,828 1070,828 1095,828 1121,827"/>
                <TextEquiv>
                    <Unicode>ipsius, hoc autem est absurdum. Accedit quod</Unicode>
                </TextEquiv>
            </TextLine>
            <TextLine id="r2l48" custom="readingOrder {index:22;}">
                <Coords points="642,864 1083,861 1131,874 1131,839 1036,831 1007,843 854,831 773,846 753,828 642,840"/>
                <Baseline points="647,856 672,856 697,857 722,857 747,858 773,858 798,858 823,858 848,858 873,858 899,858 924,857 949,857 974,857 999,857 1025,857 1050,857 1075,858 1100,858 1126,858"/>
                <TextEquiv>
                    <Unicode>videtur esse contra Damascenum lib. 1. cap.¬</Unicode>
                </TextEquiv>
            </TextLine>
            <TextLine id="r2l49" custom="readingOrder {index:23;}">
                <Coords points="639,897 1143,905 1144,867 640,866"/>
                <Baseline points="644,887 670,887 696,888 722,888 748,889 774,889 800,889 826,889 852,889 878,889 904,889 930,889 956,889 982,889 1008,889 1034,889 1060,888 1086,888 1112,888 1138,887"/>
                <TextEquiv>
                    <Unicode>3 vbi vult quod proprietates determinent</Unicode>
                </TextEquiv>
            </TextLine>
            <TextLine id="r2l52" custom="readingOrder {index:24;}">
                <Coords points="643,933 734,922 1126,933 1132,894 643,898"/>
                <Baseline points="648,917 673,918 698,918 723,918 748,918 774,919 799,919 824,919 849,919 874,920 900,920 925,920 950,920 975,920 1000,920 1026,919 1051,919 1076,919 1101,919 1127,918"/>
                <TextEquiv>
                    <Unicode>hypostases, non naturam: quod etiam pro¬</Unicode>
                </TextEquiv>
            </TextLine>
            <TextLine id="r2l54" custom="readingOrder {index:25;}">
                <Coords points="639,955 1137,963 1137,938 1096,924 639,925"/>
                <Baseline points="644,948 669,948 695,949 721,949 746,949 772,949 798,950 823,950 849,950 875,950 900,950 926,950 952,950 977,950 1003,949 1029,949 1054,949 1080,949 1106,949 1132,949"/>
                <TextEquiv>
                    <Unicode>bant quia proprietas distinguitur ab essen¬</Unicode>
                </TextEquiv>
            </TextLine>
            <TextLine id="r2l55" custom="readingOrder {index:26;}">
                <Coords points="645,983 843,995 1129,985 1129,964 1083,954 1043,965 645,956"/>
                <Baseline points="650,979 676,979 702,979 729,979 755,979 781,980 808,980 834,980 860,980 887,980 913,980 939,980 966,980 992,980 1018,980 1045,980 1071,980 1097,979 1124,979"/>
                <TextEquiv>
                    <Unicode>tia sola ratione; ergo non potest eam deter¬</Unicode>
                </TextEquiv>
            </TextLine>
            <TextLine id="r2l57" custom="readingOrder {index:27;}">
                <Coords points="636,1021 1120,1017 1126,986 636,989"/>
                <Baseline points="641,1009 666,1009 691,1009 716,1009 742,1010 767,1010 792,1010 817,1010 843,1010 868,1010 893,1010 918,1010 944,1009 969,1009 994,1009 1019,1009 1045,1009 1070,1009 1095,1010 1121,1010"/>
                <TextEquiv>
                    <Unicode>minare ad aliquem actum realem. </Unicode>
                </TextEquiv>
            </TextLine>
            <TextLine id="r2l59" custom="readingOrder {index:28;}">
                <Coords points="672,1050 1127,1049 1127,1018 1114,1012 988,1026 672,1016"/>
                <Baseline points="677,1040 703,1039 729,1039 755,1039 781,1040 807,1040 834,1040 860,1040 886,1040 912,1040 938,1041 964,1041 991,1041 1017,1041 1043,1041 1069,1041 1095,1040 1122,1040"/>
                <TextEquiv>
                    <Unicode>lstae rationes non sufficienter concludunt.</Unicode>
                </TextEquiv>
            </TextLine>
            <TextLine id="r2l61" custom="readingOrder {index:29;}">
                <Coords points="640,1078 1133,1082 1133,1050 1092,1044 1060,1056 640,1050"/>
                <Baseline points="645,1070 670,1070 695,1070 721,1070 746,1070 772,1070 797,1070 822,1070 848,1070 873,1070 899,1070 924,1070 950,1070 975,1070 1000,1070 1026,1071 1051,1071 1077,1071 1102,1071 1128,1072"/>
                <TextEquiv>
                    <Unicode>contra praefatam opinionem ideo soluuntur, </Unicode>
                </TextEquiv>
            </TextLine>
            <TextLine id="r2l63" custom="readingOrder {index:30;}">
                <Coords points="640,1107 974,1104 995,1119 1128,1105 1128,1080 640,1084"/>
                <Baseline points="645,1101 670,1101 695,1101 720,1101 745,1101 770,1101 795,1101 821,1101 846,1101 871,1101 896,1101 921,1101 946,1101 972,1101 997,1102 1022,1102 1047,1102 1072,1101 1097,1101 1123,1101"/>
                <TextEquiv>
                    <Unicode>cum ergo dicunt in prima, quod vel essei</Unicode>
                </TextEquiv>
            </TextLine>
            <TextLine id="r2l65" custom="readingOrder {index:31;}">
                <Coords points="638,1139 1117,1146 1128,1106 993,1119 975,1105 639,1108"/>
                <Baseline points="643,1130 668,1130 693,1130 718,1130 743,1130 769,1130 794,1130 819,1130 844,1131 869,1131 895,1131 920,1131 945,1131 970,1132 995,1132 1021,1132 1046,1132 1071,1132 1096,1132 1122,1132"/>
                <TextEquiv>
                    <Unicode>indeterminatio principij actiui, vel passiui;</Unicode>
                </TextEquiv>
            </TextLine>
            <TextLine id="r2l67" custom="readingOrder {index:32;}">
                <Coords points="643,1166 1123,1176 1135,1140 644,1138"/>
                <Baseline points="649,1161 674,1161 699,1161 724,1161 750,1161 775,1161 800,1161 826,1161 851,1161 876,1161 902,1161 927,1162 952,1162 978,1162 1003,1162 1028,1162 1054,1162 1079,1162 1104,1161 1130,1161"/>
                <TextEquiv>
                    <Unicode>dico, quod est actiui, accipiendo actiuum non</Unicode>
                </TextEquiv>
            </TextLine>
            <TextLine id="r2l69" custom="readingOrder {index:33;}">
                <Coords points="648,1197 1138,1197 1138,1176 1079,1169 648,1166"/>
                <Baseline points="653,1193 678,1192 703,1192 728,1192 754,1191 779,1191 804,1191 829,1191 855,1191 880,1192 905,1192 930,1192 956,1192 981,1192 1006,1192 1031,1192 1057,1192 1082,1192 1107,1192 1133,1191"/>
                <TextEquiv>
                    <Unicode>pro agente, sed pro principio formali, quo a¬</Unicode>
                </TextEquiv>
            </TextLine>
            <TextLine id="r2l71" custom="readingOrder {index:34;}">
                <Coords points="648,1236 1114,1234 1136,1227 1136,1201 648,1205"/>
                <Baseline points="653,1223 678,1222 703,1222 728,1222 753,1221 778,1221 803,1221 829,1221 854,1221 879,1222 904,1222 929,1222 954,1222 980,1222 1005,1222 1030,1222 1055,1222 1080,1222 1105,1221 1131,1221"/>
                <TextEquiv>
                    <Unicode>gens agit. Et cum addunt, quod huiusmodi</Unicode>
                </TextEquiv>
            </TextLine>
            <TextLine id="r2l73" custom="readingOrder {index:35;}">
                <Coords points="640,1260 1122,1261 1134,1233 680,1226 640,1239"/>
                <Baseline points="645,1253 670,1253 695,1252 721,1252 746,1252 772,1252 797,1252 823,1252 848,1252 874,1252 899,1253 925,1253 950,1253 976,1253 1001,1253 1027,1253 1052,1253 1078,1253 1103,1253 1129,1252"/>
                <TextEquiv>
                    <Unicode>indeterminatio arguit illimitationem, &amp; actua</Unicode>
                </TextEquiv>
            </TextLine>
            <TextLine id="r2l76" custom="readingOrder {index:36;}">
                <Coords points="643,1293 1081,1286 1101,1298 1130,1287 1130,1257 962,1257 946,1269 643,1260"/>
                <Baseline points="648,1284 673,1283 698,1283 723,1282 748,1282 773,1282 798,1282 823,1282 848,1282 873,1282 899,1282 924,1283 949,1283 974,1283 999,1284 1024,1284 1049,1284 1074,1284 1099,1283 1125,1283"/>
                <TextEquiv>
                    <Unicode>litatem, ita vt non indigeat determinari per</Unicode>
                </TextEquiv>
            </TextLine>
            <TextLine id="r2l77" custom="readingOrder {index:37;}">
                <Coords points="642,1319 1093,1328 1135,1322 1135,1288 1100,1301 971,1287 642,1294"/>
                <Baseline points="647,1314 672,1313 697,1313 723,1312 748,1312 774,1312 799,1312 824,1312 850,1312 875,1313 901,1313 926,1313 952,1313 977,1314 1002,1314 1028,1314 1053,1314 1079,1314 1104,1314 1130,1314"/>
                <TextEquiv>
                    <Unicode>aliquod superueniens Dico, quod verum est, </Unicode>
                </TextEquiv>
            </TextLine>
            <TextLine id="r2l79" custom="readingOrder {index:38;}">
                <Coords points="648,1350 952,1359 1141,1347 1141,1328 1119,1318 1081,1329 648,1319"/>
                <Baseline points="653,1344 678,1344 703,1343 729,1343 754,1343 780,1343 805,1343 830,1343 856,1343 881,1343 907,1343 932,1343 958,1343 983,1344 1008,1344 1034,1344 1059,1344 1085,1344 1110,1343 1136,1343"/>
                <TextEquiv>
                    <Unicode>si illud superueniens intelligatur realiter di¬</Unicode>
                </TextEquiv>
            </TextLine>
            <TextLine id="r2l81" custom="readingOrder {index:39;}">
                <Coords points="653,1380 1141,1388 1141,1347 919,1360 896,1348 653,1351"/>
                <Baseline points="658,1373 683,1373 708,1374 733,1374 758,1374 783,1374 808,1374 834,1374 859,1374 884,1374 909,1374 934,1374 959,1374 985,1374 1010,1374 1035,1374 1060,1374 1085,1374 1110,1374 1136,1374"/>
                <TextEquiv>
                    <Unicode>tinctum, quia hoc repugnat actui illimitato</Unicode>
                </TextEquiv>
            </TextLine>
            <TextLine id="r2l83" custom="readingOrder {index:40;}">
                <Coords points="647,1413 1137,1413 1137,1388 1079,1380 647,1382"/>
                <Baseline points="652,1403 677,1403 702,1403 727,1403 753,1403 778,1403 803,1403 828,1403 854,1404 879,1404 904,1404 929,1404 955,1404 980,1404 1005,1404 1030,1404 1056,1404 1081,1405 1106,1405 1132,1405"/>
                <TextEquiv>
                    <Unicode>sed quod determinetur per aliquod superue</Unicode>
                </TextEquiv>
            </TextLine>
            <TextLine id="r2l86" custom="readingOrder {index:41;}">
                <Coords points="654,1441 1141,1442 1141,1413 1107,1409 1075,1421 654,1410"/>
                <Baseline points="659,1434 684,1434 709,1433 734,1433 759,1433 784,1433 809,1433 834,1434 859,1434 884,1434 910,1434 935,1434 960,1435 985,1435 1010,1435 1035,1435 1060,1435 1085,1435 1110,1435 1136,1435"/>
                <TextEquiv>
                    <Unicode>niens sola ratione distinctum, non recipien¬</Unicode>
                </TextEquiv>
            </TextLine>
            <TextLine id="r2l87" custom="readingOrder {index:42;}">
                <Coords points="647,1470 1141,1475 1141,1454 1100,1442 648,1443"/>
                <Baseline points="652,1464 677,1464 702,1463 728,1463 753,1463 779,1463 804,1464 830,1464 855,1464 881,1464 906,1465 932,1465 957,1465 983,1465 1008,1466 1034,1466 1059,1466 1085,1465 1110,1465 1136,1465"/>
                <TextEquiv>
                    <Unicode>do ab eo aliquam actualitatem, hoc non re¬</Unicode>
                </TextEquiv>
            </TextLine>
            <TextLine id="r2l90" custom="readingOrder {index:43;}">
                <Coords points="657,1501 1139,1506 1139,1473 657,1471"/>
                <Baseline points="662,1493 688,1493 714,1493 740,1494 766,1494 793,1494 819,1494 845,1494 871,1495 898,1495 924,1495 950,1495 976,1495 1002,1495 1029,1495 1055,1495 1081,1495 1107,1495 1134,1495"/>
                <TextEquiv>
                    <Unicode>pugnat. Videmus enim, quod ignis determi</Unicode>
                </TextEquiv>
            </TextLine>
            <TextLine id="r2l91" custom="readingOrder {index:44;}">
                <Coords points="655,1531 1133,1538 1133,1510 1108,1500 655,1502"/>
                <Baseline points="660,1525 686,1525 712,1525 738,1525 764,1525 790,1525 816,1525 842,1525 868,1525 894,1525 920,1525 946,1525 972,1525 998,1525 1024,1526 1050,1526 1076,1526 1102,1526 1128,1526"/>
                <TextEquiv>
                    <Unicode>natur ad calefaciedum hoc, &amp; illud magis.</Unicode>
                </TextEquiv>
            </TextLine>
            <TextLine id="r2l93" custom="readingOrder {index:45;}">
                <Coords points="659,1567 1141,1566 1141,1537 659,1534"/>
                <Baseline points="664,1555 690,1555 716,1555 742,1555 768,1555 795,1555 821,1555 847,1555 873,1555 900,1555 926,1555 952,1556 978,1556 1004,1556 1031,1556 1057,1556 1083,1556 1109,1556 1136,1556"/>
                <TextEquiv>
                    <Unicode>quam aliud, quia sibi magis approximatur, </Unicode>
                </TextEquiv>
            </TextLine>
            <TextLine id="r2l96" custom="readingOrder {index:46;}">
                <Coords points="654,1591 1108,1595 1136,1591 1136,1566 654,1567"/>
                <Baseline points="659,1585 685,1585 711,1585 737,1585 763,1585 790,1586 816,1586 842,1586 868,1586 895,1586 921,1586 947,1585 973,1585 999,1585 1026,1585 1052,1585 1078,1585 1104,1586 1131,1586"/>
                <TextEquiv>
                    <Unicode>&amp; tamen haec approximatio nullam actua¬</Unicode>
                </TextEquiv>
            </TextLine>
            <TextLine id="r2l97" custom="readingOrder {index:47;}">
                <Coords points="657,1627 892,1618 1061,1632 1137,1620 1137,1590 657,1593"/>
                <Baseline points="662,1616 688,1616 714,1615 740,1615 766,1615 792,1615 818,1615 844,1615 870,1616 897,1616 923,1616 949,1616 975,1616 1001,1616 1027,1616 1053,1616 1079,1616 1105,1616 1132,1616"/>
                <TextEquiv>
                    <Unicode>litatem illi attribuit, nec arguit in ignelali¬</Unicode>
                </TextEquiv>
            </TextLine>
            <TextLine id="r2l99" custom="readingOrder {index:48;}">
                <Coords points="654,1655 1121,1655 1133,1654 1133,1621 654,1628"/>
                <Baseline points="659,1646 685,1646 711,1645 737,1645 763,1645 789,1645 815,1645 841,1646 867,1646 893,1646 919,1646 945,1646 971,1646 997,1646 1023,1646 1049,1646 1075,1646 1101,1646 1128,1646"/>
                <TextEquiv>
                    <Unicode>quam possibilitatem talis determinationis:</Unicode>
                </TextEquiv>
            </TextLine>
            <TextLine id="r2l101" custom="readingOrder {index:49;}">
                <Coords points="653,1684 1044,1681 1132,1694 1132,1657 1104,1652 653,1655"/>
                <Baseline points="658,1675 684,1675 710,1676 736,1676 762,1676 788,1676 814,1676 840,1676 866,1676 892,1676 918,1677 944,1677 970,1677 996,1677 1022,1677 1048,1677 1074,1677 1100,1678 1127,1678"/>
                <TextEquiv>
                    <Unicode>Insuper videmus, quod Deus efficit creatu</Unicode>
                </TextEquiv>
            </TextLine>
            <TextLine id="r2l103" custom="readingOrder {index:50;}">
                <Coords points="657,1717 1139,1717 1139,1683 657,1683"/>
                <Baseline points="662,1707 688,1706 714,1706 740,1705 766,1705 793,1705 819,1705 845,1705 871,1706 898,1706 924,1707 950,1707 976,1707 1002,1708 1029,1708 1055,1708 1081,1708 1107,1708 1134,1707"/>
                <TextEquiv>
                    <Unicode>ras per diuersos respectus ideales, &amp; tamen</Unicode>
                </TextEquiv>
            </TextLine>
            <TextLine id="r2l105" custom="readingOrder {index:51;}">
                <Coords points="648,1745 1133,1742 1126,1715 648,1715"/>
                <Baseline points="653,1737 678,1736 703,1736 728,1736 753,1736 778,1736 803,1736 828,1736 853,1736 878,1736 903,1736 928,1737 953,1737 978,1737 1003,1737 1028,1737 1053,1737 1078,1737 1103,1737 1128,1737"/>
                <TextEquiv>
                    <Unicode>nullam actualitatem ab eis recipit.</Unicode>
                </TextEquiv>
            </TextLine>
            <TextLine id="r2l107" custom="readingOrder {index:52;}">
                <Coords points="691,1775 1093,1780 1142,1774 1142,1740 1094,1753 691,1742"/>
                <Baseline points="696,1766 721,1766 747,1767 773,1767 799,1767 825,1767 851,1767 877,1767 903,1767 929,1767 955,1767 981,1767 1007,1767 1033,1767 1059,1767 1085,1767 1111,1767 1137,1768"/>
                <TextEquiv>
                    <Unicode>Ad confirmationem, cum addunt, quod</Unicode>
                </TextEquiv>
            </TextLine>
            <TextLine id="r2l109" custom="readingOrder {index:53;}">
                <Coords points="651,1805 1143,1804 1143,1777 1129,1772 651,1774"/>
                <Baseline points="656,1797 681,1797 706,1797 732,1797 757,1797 782,1797 808,1797 833,1797 858,1797 884,1797 909,1797 935,1797 960,1798 985,1798 1011,1798 1036,1798 1061,1798 1087,1798 1112,1797 1138,1797"/>
                <TextEquiv>
                    <Unicode>talis indeterminatio non est ad contradicto¬</Unicode>
                </TextEquiv>
            </TextLine>
            <TextLine id="r2l111" custom="readingOrder {index:54;}">
                <Coords points="650,1834 1144,1835 1144,1804 650,1805"/>
                <Baseline points="655,1827 680,1827 705,1827 731,1827 756,1827 782,1827 807,1828 833,1828 858,1828 884,1828 909,1828 935,1828 960,1828 986,1828 1011,1828 1037,1828 1062,1828 1088,1828 1113,1827 1139,1827"/>
                <TextEquiv>
                    <Unicode>ria, sed ad disparata, dico, quod hoc magis</Unicode>
                </TextEquiv>
            </TextLine>
            <TextLine id="r2l113" custom="readingOrder {index:55;}">
                <Coords points="657,1862 687,1875 813,1862 1147,1871 1147,1834 1128,1845 1032,1831 941,1844 913,1832 657,1835"/>
                <Baseline points="662,1857 687,1857 712,1858 737,1858 763,1858 788,1858 813,1858 838,1858 864,1857 889,1857 914,1857 939,1857 965,1857 990,1858 1015,1858 1040,1858 1066,1858 1091,1858 1116,1858 1142,1858"/>
                <TextEquiv>
                    <Unicode>arguit oppositum, quam propositum; nam si</Unicode>
                </TextEquiv>
            </TextLine>
            <TextLine id="r2l115" custom="readingOrder {index:56;}">
                <Coords points="650,1897 915,1911 994,1894 1038,1909 1149,1896 1149,1868 1129,1866 650,1868"/>
                <Baseline points="655,1888 680,1888 706,1888 732,1889 757,1889 783,1889 809,1889 835,1889 860,1890 886,1890 912,1890 938,1890 963,1890 989,1890 1015,1889 1041,1889 1066,1889 1092,1888 1118,1888 1144,1887"/>
                <TextEquiv>
                    <Unicode>esset ad contradictoria, posset se determinare</Unicode>
                </TextEquiv>
            </TextLine>
            <TextEquiv>
                <Unicode>consequens non indigebit determinari por
aliquod superueniens, sed ipsa erit determi-
nata ad omnem talem actionem: Et confir¬
matur, quia talis determinatio, quamuis sit
ad disparatas actiones, non tamen est ad con
tradictorias, puta ad agere, &amp; non agere; ergo
non est necessarium aliquod tale deter¬
minans
Secundo, quando aliquod principium a¬
ctiuum extendit se ad plures actus secundum
quendam ordinem, ex se ipso sufficienter de¬
terminatur ad primum actum, &amp; illo habito
ad secundum, &amp; sic de alijs, sed diuina essen
tia principiat istas actiones secundum quen¬
dam ordinem, vt patet, ergo &amp;c.
Tertio, si relatio determinaret essentiam,
sequeretur, quod esset principium determi-
nans respectu generationis duobus modis, &amp; 
in quantum determinaret principium elici¬
tiuum, &amp; in quantum determinaret supposi
tum agens, cum sit principium constitutiuum
ipsius, hoc autem est absurdum. Accedit quod
videtur esse contra Damascenum lib. 1. cap.¬
3 vbi vult quod proprietates determinent
hypostases, non naturam: quod etiam pro¬
bant quia proprietas distinguitur ab essen¬
tia sola ratione; ergo non potest eam deter¬
minare ad aliquem actum realem. 
lstae rationes non sufficienter concludunt.
contra praefatam opinionem ideo soluuntur, 
cum ergo dicunt in prima, quod vel essei
indeterminatio principij actiui, vel passiui;
dico, quod est actiui, accipiendo actiuum non
pro agente, sed pro principio formali, quo a¬
gens agit. Et cum addunt, quod huiusmodi
indeterminatio arguit illimitationem, &amp; actua
litatem, ita vt non indigeat determinari per
aliquod superueniens Dico, quod verum est, 
si illud superueniens intelligatur realiter di¬
tinctum, quia hoc repugnat actui illimitato
sed quod determinetur per aliquod superue
niens sola ratione distinctum, non recipien¬
do ab eo aliquam actualitatem, hoc non re¬
pugnat. Videmus enim, quod ignis determi
natur ad calefaciedum hoc, &amp; illud magis.
quam aliud, quia sibi magis approximatur, 
&amp; tamen haec approximatio nullam actua¬
litatem illi attribuit, nec arguit in ignelali¬
quam possibilitatem talis determinationis:
Insuper videmus, quod Deus efficit creatu
ras per diuersos respectus ideales, &amp; tamen
nullam actualitatem ab eis recipit.
Ad confirmationem, cum addunt, quod
talis indeterminatio non est ad contradicto¬
ria, sed ad disparata, dico, quod hoc magis
arguit oppositum, quam propositum; nam si
esset ad contradictoria, posset se determinare</Unicode>
            </TextEquiv>
        </TextRegion>
    </Page>
</PcGts>
