1500 2082
120 168 604 216 ctus ille qui importatur per hoc nomen po¬
122 206 605 240 tentia nominat aliquid absolutum idest fun¬
118 236 610 270 damentum, quod est principium elicitiuum
120 271 603 306 actus. Distinguunt tamen de potentia sic de¬
116 299 610 335 nominatiue sumpta, quia vno modo dicitur
120 328 605 363 pro fundamento talis respectus praecise per
123 354 605 400 se ipsam, alio modo pro fundamento respe¬
126 384 605 426 ctus cum omnibus alijs, quae ibi necessario
118 420 604 455 concurrunt ad hoc vt talis potentia eliciat
121 448 609 491 actum, sicut in creaturis est approximatio
118 478 609 515 agentis ad possum, & remotio omnium im¬
126 512 608 545 pedimentorum, quae necessario concurrunt
118 540 610 574 ad eliciendum actum. Potentia primo modo
120 567 613 606 accepta (secundum eos) est quasi potentia re
121 602 615 636 mota, secundo vero modo est potentia pro¬
122 630 609 666 pinqua. Si ergo quaeratur de potentia gene¬
125 662 612 697 randi, secundum quod praecise dicit funda¬
120 695 614 729 mentum respectus, quod est principium eli¬
127 711 614 753 citiuum actus, dicunt, quod est ipsa essentia
119 750 610 787 diuina, & hoc probant, tum quia relatio non
121 776 613 817 est elicitiua actus, vt supra probarunt ideo se¬
123 806 613 848 quitur, quod sit essentia: quia in Deo non ess
122 836 613 880 nisi essentia & relatio, tum quia si per impos¬
124 864 617 905 sibile Deus generaret alium Deum, tunc es¬
123 901 616 938 sentia esset potentia generandi, ergo & mo¬
127 931 613 971 do: Tum quia essentia est formalis terminus ge
118 965 619 996 nerationis, terminus autem formalis, & prin
124 989 621 1031 cipium sunt vnius rationis in generatione,
120 1020 617 1063 maxime quae est vniuoca, vt est ista, sicut su¬
121 1044 326 1096 perius dictum est
155 1075 617 1119 Si vero loquamur de potentia generandi
129 1111 614 1147 secundo modo accepta, vt dicit principium
131 1141 618 1180 elicitiuum cum omnibus necessario concur
128 1171 612 1215 rentibus ad actum, sic dicunt, quod non di¬
135 1198 620 1236 cit absolute essentiam, quia essentia absolute
131 1228 621 1274 sumpta non est propinqua ratio generandi,
129 1260 621 1306 nam si hoc esset, posset generare abstracta ab
126 1292 620 1334 omni supposito: Ideo volunt, quod potentia
134 1323 624 1364 generandi sic accepta dicat potentiam, prout
135 1345 618 1394 existit in determinato, & conuenienti sup¬
137 1389 619 1423 posito ad agendum, quia hoc gerundium go
133 1411 623 1449 nerandi, quando construitur cum principio
138 1441 627 1481 actiuo dicit actum egredientem, vel possibilem
132 1470 621 1511 rgredi a supposito, in quo est tale principium,
136 1506 328 1547 vel talis potentia
146 1528 623 1570 Haec opinio mihi non videtur vera, primo
143 1561 625 1607 quia ponit, quod potentia generandi per se
137 1593 627 1631 significet respectum cuius contrarium supe
135 1624 621 1660 rius est ostensum in primo articulo. Secun¬
134 1652 625 1693 do, quia ponit, quod fundamentum istius re
142 1684 622 1726 spectus, qui importatur nomine potentiae, sit
129 1715 618 1750 aliquid pure absolutum, idest diuina essentia
135 1743 628 1787 quae est principium elicitiuum actus: hoc au
142 1773 627 1814 tem videtur inconueniens: Nam quaero ab
137 1804 626 1841 eis, vel essentia vt est principium actus inclu
143 1834 634 1870 dit respectum, & hoc est contra eos, quia, vt
139 1862 626 1912 sic, non est quid pure absolutum, vel est prin
631 174 1124 210 cipium actus, quatenus non includit respe¬
636 204 1123 240 ctum, & tunc sequitur, quod non principiet
635 235 1118 269 actum generationis potentiae, & per conse¬
639 266 1128 306 quens nec in quantum habet rationem prin
641 296 997 335 cipij, quod est contradictorium.
642 325 1127 363 Tertio dicit quod essentia vno modo est
637 357 1121 395 potentia remota, & alio modo propinqua,
639 383 1136 428 prout existit in supposito, quod videtur absur
639 415 1127 453 dum. Nam quaero ab eis, an essentia aliquid
634 451 1122 486 acquirat a tali supposito, quod ipsa non ha¬
635 473 1119 511 bebat secundum se, vel nihil acquirat, si ni¬
638 504 1120 540 hil acquirit, tunc non habet alio modo ratio
640 534 1129 573 nem potentiae prout existit in supposito, quam
642 565 1130 599 haberet secundum se accepta, si autem ali¬
638 594 1133 632 quid acurit a supposito, pero, quomodo hoc
639 624 1127 658 acquirat, vel sicut ab actuante eam, vel sicut
637 657 1135 690 a determinante, non ficut ab actuante, quia,
638 690 1129 722 cum essentia sit purus actus, non potest ab
640 720 1136 754 aliquo actuari; nec sicut a determinante, quia
641 750 1133 782 isti improbant doctores ponentes hanc opi-
639 776 1139 816 nionem, maxime quantum ad hoc, quod po
640 813 1131 843 nit essentiam determinari per relationem:
650 840 1110 878 ldeo haec opinio non videtur vera.
667 862 1141 903 Est ergo opinio domini Egidij Doctoris
640 898 1128 934 nostri dicentis, quod potentia generandi di¬
648 927 1132 965 cit essentiam, non secundum se, vt est quod¬
650 954 1138 995 dam pure absolutum, sed dicit eam cum ali¬
655 989 1131 1029 quo modo relatiuo. Quam opinionem sequor.
646 1020 1136 1058 quia credo eam esse veram. Ad cuius confir¬
648 1051 1131 1087 mationem primo probabo, quod potentia ge
650 1081 1130 1115 nerandi in Deo dicat aliquid absolutum, pu
646 1110 1133 1142 ta essentiam. Secundo ostendam, quod dicit
646 1135 1137 1173 illam cum quoddam modo relatiuo. Tertio
642 1172 1097 1210 soluam rationes aliarum opinionum.
666 1195 1132 1241 Primum probo tribus rationibus superius
644 1227 1134 1264 adductis, quae videntur facere ad propositum
645 1257 1130 1300 1Si Deus per impossihile generaret alit
648 1287 1137 1323 Deum, formalis ratio generandi esset essen¬
646 1319 1138 1356 tia, ergo & hoc modo debet poni essentia;
658 1351 1147 1390 quia talis modus generandi non tollit aliquam
655 1377 1102 1413 perfectionem ab essentia.
651 1400 1136 1445 2 Terminus generationis, & principium
650 1436 1137 1476 sunt vnius rationis, vbi generatio est vniuo¬
656 1469 1134 1507 ca, sicut ponitur esse in proposito, sed termi-
651 1499 1134 1536 nus generationis est aliquid absolutum, scili
658 1527 1145 1570 cet essentia, vt superius probatum est in 4.
659 1557 1143 1596 distinctione; ergo principium, quod est poten
657 1588 1047 1630 tia, erit aliquid absolutum.
654 1619 1143 1652 3 Relatio in Deo non est principium ge
656 1646 1142 1686 nerandi, ergo est essentia. Antecedens fuit
657 1683 1140 1719 probatum superius. Consequentia patet, quia
651 1708 1143 1745 in Deo non est aliud quam essentia, & relatio.
677 1741 1141 1772 4 Addo hanc rationem desumptam ex di
655 1761 1135 1804 ctis in primo articulo. Illud est potentia ge¬
653 1804 1145 1837 netandi in patre, quod actuat, determinat, &
655 1829 1142 1866 necesfitat ipsum ad actum generandi, assimi
657 1858 1143 1908 latque ipsum filio genito: hoc est essentia; er¬
