<?xml version="1.0" encoding="UTF-8" standalone="yes"?>
<PcGts xmlns="http://schema.primaresearch.org/PAGE/gts/pagecontent/2013-07-15" xmlns:xsi="http://www.w3.org/2001/XMLSchema-instance" xsi:schemaLocation="http://schema.primaresearch.org/PAGE/gts/pagecontent/2013-07-15 http://schema.primaresearch.org/PAGE/gts/pagecontent/2013-07-15/pagecontent.xsd">
    <Metadata>
        <Creator>prov=University of Rostock/Institute of Mathematics/CITlab|PLANET AI GmbH/Gundram Leifert/gundram.leifert@planet-ai.de:name=cod-P122zz-m2(htr_id=26330)::::v=2.6.6
prov=University of Rostock/Institute of Mathematics/CITlab|PLANET AI GmbH/Tobias Gruening/tobias.gruening@planet-ai.de:name=de.uros.citlab.module.baseline2polygon.B2PSeamMultiOriented:v=2.6.6
prov=University of Rostock/Institute of Mathematics/CITlab|PLANET AI GmbH/Tobias Gruening/tobias.gruening@planet-ai.de:name=/net_tf/LA73_249_0mod360.pb:de.uros.citlab.segmentation.CITlab_LA_ML:v=2.6.6
Transkribus</Creator>
        <Created>2020-02-27T16:44:55.719+01:00</Created>
        <LastChange>2020-09-29T05:14:22.552+02:00</LastChange>
        <TranskribusMetadata docId="330297" pageId="13057895" pageNr="287" tsid="41732281" status="IN_PROGRESS" userId="25065" imgUrl="https://files.transkribus.eu/Get?id=HIBXGQNYUWBUMMTUQLYHNCPZ&amp;fileType=view" xmlUrl="https://files.transkribus.eu/Get?id=PIBFUBIXZMVVTTXFEMUWGSAY" imageId="9248436"/>
    </Metadata>
    <Page imageFilename="286.jpg" imageWidth="1500" imageHeight="2423">
        <ReadingOrder>
            <OrderedGroup id="ro_1601414259343" caption="Regions reading order">
                <RegionRefIndexed index="0" regionRef="TextRegion_1600634151766_174"/>
                <RegionRefIndexed index="1" regionRef="TextRegion_1600634161298_179"/>
            </OrderedGroup>
        </ReadingOrder>
        <TextRegion orientation="0.0" id="TextRegion_1600634151766_174" custom="readingOrder {index:0;}">
            <Coords points="129,121 728,121 728,2255 129,2255"/>
            <TextLine id="r4l4" custom="readingOrder {index:0;}">
                <Coords points="131,231 505,222 655,239 712,228 713,191 132,180"/>
                <Baseline points="136,217 164,216 193,216 221,215 250,215 278,215 307,215 335,216 364,216 392,216 421,217 450,217 478,218 507,218 535,219 564,220 592,220 621,220 649,221 678,221 707,222"/>
                <TextEquiv>
                    <Unicode>Adtertiam concedo, quod potentia gene</Unicode>
                </TextEquiv>
            </TextLine>
            <TextLine id="r4l6" custom="readingOrder {index:1;}">
                <Coords points="130,261 659,274 712,263 712,229 130,233"/>
                <Baseline points="135,253 163,253 192,252 220,252 249,252 278,252 306,252 335,252 363,252 392,252 421,252 449,252 478,252 506,253 535,253 564,254 592,254 621,255 649,256 678,257 707,259"/>
                <TextEquiv>
                    <Unicode>randi sit in omnibus personis quantum ad</Unicode>
                </TextEquiv>
            </TextLine>
            <TextLine id="r4l8" custom="readingOrder {index:2;}">
                <Coords points="127,298 667,310 706,305 707,268 128,262"/>
                <Baseline points="132,287 160,287 188,286 217,286 245,286 274,286 302,286 331,287 359,287 388,287 416,288 444,288 473,288 501,289 530,289 558,290 587,291 615,291 644,292 672,293 701,294"/>
                <TextEquiv>
                    <Unicode>aillud absolutum quod dicit, non tamen quam</Unicode>
                </TextEquiv>
            </TextLine>
            <TextLine id="r4l10" custom="readingOrder {index:3;}">
                <Coords points="138,331 706,344 707,304 138,301"/>
                <Baseline points="143,324 172,323 201,322 231,322 260,321 290,321 319,321 348,321 378,322 407,322 437,323 466,323 496,324 525,324 554,325 584,326 613,327 643,328 672,329 702,330"/>
                <TextEquiv>
                    <Unicode>tum ad modum relatiuum, quem includit, </Unicode>
                </TextEquiv>
            </TextLine>
            <TextLine id="r4l14" custom="readingOrder {index:4;}">
                <Coords points="137,372 596,369 596,345 541,334 509,344 383,329 262,340 137,331"/>
                <Baseline points="142,357 168,358 194,359 221,359 247,359 274,360 300,360 326,360 353,360 379,360 406,360 432,360 458,360 485,360 511,360 538,361 564,361 591,362"/>
                <TextEquiv>
                    <Unicode>quia sic reperitur in solo patre.</Unicode>
                </TextEquiv>
            </TextLine>
            <TextLine id="r4l20" custom="readingOrder {index:5;}">
                <Coords points="128,436 700,443 700,407 682,402 128,405"/>
                <Baseline points="133,428 161,428 189,428 217,428 245,429 273,429 301,429 329,429 357,429 385,430 414,430 442,430 470,431 498,431 526,431 554,432 582,432 610,433 638,434 666,434 695,435"/>
                <TextEquiv>
                    <Unicode>DISTINCTIONIS OCTAVae.</Unicode>
                </TextEquiv>
            </TextLine>
            <TextLine id="r4l29" custom="readingOrder {index:6;}">
                <Coords points="215,509 545,510 577,522 636,508 649,520 698,507 698,473 660,486 596,471 215,474"/>
                <Baseline points="220,504 246,502 272,502 298,501 325,501 351,501 377,502 403,502 430,503 456,503 482,504 509,505 535,505 561,505 587,505 614,504 640,503 666,502 693,500"/>
                <TextEquiv>
                    <Unicode>QV.AESTIO PRIMA.</Unicode>
                </TextEquiv>
            </TextLine>
            <TextLine id="r4l37" custom="readingOrder {index:7;}">
                <Coords points="126,582 490,581 518,596 544,579 709,582 709,553 679,543 126,544"/>
                <Baseline points="131,568 159,569 188,569 216,570 245,570 274,571 302,571 331,572 360,572 388,572 417,573 446,573 474,573 503,573 532,573 560,574 589,574 618,574 646,574 675,574 704,575"/>
                <TextEquiv>
                    <Unicode>Vtrum in Deo sit aliqua realis composito,</Unicode>
                </TextEquiv>
            </TextLine>
            <TextLine id="r4l53" custom="readingOrder {index:8;}">
                <Coords points="124,834 493,826 585,841 617,825 679,831 680,796 125,795"/>
                <Baseline points="129,817 156,818 183,819 210,819 238,820 265,820 292,821 319,821 347,821 374,822 401,822 428,822 456,822 483,823 510,823 537,823 565,823 592,824 619,824 646,824 674,825"/>
                <TextEquiv>
                    <Unicode>ARVITVR AD PARTEM</Unicode>
                </TextEquiv>
            </TextLine>
            <TextLine id="r4l56" custom="readingOrder {index:9;}">
                <Coords points="347,869 365,876 386,867 478,868 488,862 500,867 517,863 517,831 477,826 454,837 414,827 398,835 375,826 358,834 347,832"/>
                <Baseline points="352,857 378,857 405,857 432,858 458,858 485,857 512,857"/>
                <TextEquiv>
                    <Unicode>affimantem.</Unicode>
                </TextEquiv>
            </TextLine>
            <TextLine id="r4l62" custom="readingOrder {index:10;}">
                <Coords points="127,935 708,940 709,901 254,905 182,867 128,868"/>
                <Baseline points="133,922 161,923 190,924 218,925 247,925 275,926 304,926 332,927 361,927 389,927 418,927 447,927 475,927 504,927 532,927 561,927 589,928 618,928 646,928 675,928 704,928"/>
                <TextEquiv>
                    <Unicode>1 Qlcut se habet prima materia ad formam,</Unicode>
                </TextEquiv>
            </TextLine>
            <TextLine id="r4l65" custom="readingOrder {index:11;}">
                <Coords points="133,969 709,971 696,938 627,932 588,947 133,934"/>
                <Baseline points="138,960 166,960 194,960 222,960 251,960 279,961 307,961 336,961 364,962 392,962 421,962 449,962 477,963 505,963 534,963 562,963 590,963 619,963 647,962 675,962 704,961"/>
                <TextEquiv>
                    <Unicode>2ita prima forma ad materiam: materia</Unicode>
                </TextEquiv>
            </TextLine>
            <TextLine id="r4l67" custom="readingOrder {index:12;}">
                <Coords points="133,1003 717,1007 711,968 635,981 608,967 133,968"/>
                <Baseline points="138,992 166,993 195,994 224,995 252,996 281,996 310,997 338,997 367,997 396,997 425,997 453,998 482,998 511,998 539,998 568,998 597,998 625,998 654,998 683,999 712,999"/>
                <TextEquiv>
                    <Unicode>an. &amp; forma dicuntur relatiue ex 2. phys.</Unicode>
                </TextEquiv>
            </TextLine>
            <TextLine id="r4l72" custom="readingOrder {index:13;}">
                <Coords points="132,1044 637,1037 707,1051 707,1008 691,1005 132,1002"/>
                <Baseline points="137,1028 165,1029 193,1030 221,1030 250,1031 278,1031 306,1032 334,1032 363,1032 391,1033 419,1033 447,1033 476,1033 504,1033 532,1033 560,1033 589,1034 617,1033 645,1033 673,1033 702,1033"/>
                <TextEquiv>
                    <Unicode>sed impossibile est primam mam manere absqu </Unicode>
                </TextEquiv>
            </TextLine>
            <TextLine id="r4l75" custom="readingOrder {index:14;}">
                <Coords points="134,1076 719,1080 719,1049 641,1037 134,1044"/>
                <Baseline points="139,1064 167,1065 196,1066 225,1066 254,1067 282,1067 311,1068 340,1068 369,1068 397,1069 426,1069 455,1069 484,1069 512,1069 541,1069 570,1069 599,1069 627,1069 656,1069 685,1069 714,1068"/>
                <TextEquiv>
                    <Unicode>aliqua forma, vt habetur 2. de Cen. ergo im</Unicode>
                </TextEquiv>
            </TextLine>
            <TextLine id="r4l79" custom="readingOrder {index:15;}">
                <Coords points="133,1115 717,1111 717,1086 677,1077 133,1078"/>
                <Baseline points="138,1100 166,1101 195,1101 224,1101 252,1102 281,1102 310,1103 338,1103 367,1103 396,1103 425,1104 453,1104 482,1104 511,1104 539,1104 568,1104 597,1104 625,1104 654,1104 683,1103 712,1103"/>
                <TextEquiv>
                    <Unicode>possibile est primam formam esse sine aliqua</Unicode>
                </TextEquiv>
            </TextLine>
            <TextLine id="r4l83" custom="readingOrder {index:16;}">
                <Coords points="135,1150 649,1156 715,1146 715,1113 135,1114"/>
                <Baseline points="140,1135 168,1135 197,1136 225,1136 254,1137 282,1137 311,1138 339,1138 368,1139 396,1139 425,1139 453,1139 482,1139 510,1140 539,1140 567,1140 596,1140 624,1140 653,1140 681,1140 710,1139"/>
                <TextEquiv>
                    <Unicode>materia. Sed Deus est prima forma, ergo est</Unicode>
                </TextEquiv>
            </TextLine>
            <TextLine id="r4l85" custom="readingOrder {index:17;}">
                <Coords points="133,1179 199,1191 234,1177 573,1188 580,1145 134,1151"/>
                <Baseline points="138,1171 163,1171 189,1172 214,1172 240,1173 266,1173 291,1173 317,1173 343,1173 368,1174 394,1174 420,1174 445,1174 471,1174 497,1175 522,1175 548,1175 574,1175"/>
                <TextEquiv>
                    <Unicode>compositus ex materia, &amp; forma.</Unicode>
                </TextEquiv>
            </TextLine>
            <TextLine id="r4l90" custom="readingOrder {index:18;}">
                <Coords points="165,1215 707,1225 707,1182 691,1179 165,1181"/>
                <Baseline points="170,1207 196,1207 223,1208 249,1208 276,1209 303,1209 329,1209 356,1209 382,1209 409,1209 436,1209 462,1210 489,1210 515,1210 542,1210 569,1210 595,1210 622,1209 648,1209 675,1209 702,1209"/>
                <TextEquiv>
                    <Unicode>2 Quod est comparabile alicui sm Maius</Unicode>
                </TextEquiv>
            </TextLine>
            <TextLine id="r4l92" custom="readingOrder {index:19;}">
                <Coords points="139,1251 716,1254 716,1221 692,1219 139,1215"/>
                <Baseline points="144,1239 172,1240 200,1241 229,1242 257,1242 285,1243 314,1244 342,1244 370,1245 399,1245 427,1245 455,1245 484,1245 512,1245 540,1245 569,1245 597,1245 625,1245 654,1246 682,1246 711,1246"/>
                <TextEquiv>
                    <Unicode>&amp; Minus, est compositum ex partibs quanti</Unicode>
                </TextEquiv>
            </TextLine>
            <TextLine id="r4l95" custom="readingOrder {index:20;}">
                <Coords points="132,1285 721,1288 721,1252 132,1250"/>
                <Baseline points="137,1276 167,1276 197,1277 228,1278 258,1278 289,1279 319,1279 350,1279 380,1280 411,1280 441,1280 472,1281 502,1281 533,1281 563,1281 594,1281 624,1281 655,1281 685,1281 716,1281"/>
                <TextEquiv>
                    <Unicode>tatiuis, Deus est huiusmodi, ergo. Probatur</Unicode>
                </TextEquiv>
            </TextLine>
            <TextLine id="r4l98" custom="readingOrder {index:21;}">
                <Coords points="141,1325 717,1328 711,1289 141,1285"/>
                <Baseline points="146,1312 174,1312 202,1313 230,1313 259,1314 287,1314 315,1314 344,1315 372,1315 400,1315 429,1315 457,1316 485,1316 513,1316 542,1316 570,1316 598,1316 627,1316 655,1316 683,1316 712,1315"/>
                <TextEquiv>
                    <Unicode>Maior ex Arist. primo phys. dicente, quod</Unicode>
                </TextEquiv>
            </TextLine>
            <TextLine id="r4l103" custom="readingOrder {index:22;}">
                <Coords points="129,1361 717,1360 707,1325 129,1321"/>
                <Baseline points="134,1347 162,1348 191,1348 220,1349 249,1349 278,1349 307,1350 336,1350 365,1350 394,1351 423,1351 451,1351 480,1351 509,1351 538,1351 567,1352 596,1352 625,1352 654,1352 683,1351 712,1351"/>
                <TextEquiv>
                    <Unicode>talis comparatio non potest fieri, nisi inter</Unicode>
                </TextEquiv>
            </TextLine>
            <TextLine id="r4l105" custom="readingOrder {index:23;}">
                <Coords points="127,1393 707,1393 707,1364 679,1356 127,1364"/>
                <Baseline points="132,1381 160,1382 189,1383 217,1383 246,1384 274,1384 303,1385 331,1385 360,1386 388,1386 417,1386 445,1386 474,1386 502,1387 531,1387 559,1386 588,1386 616,1386 645,1386 673,1385 702,1385"/>
                <TextEquiv>
                    <Unicode>ea quae sunt eiusdem rationis. Minor habe¬</Unicode>
                </TextEquiv>
            </TextLine>
            <TextLine id="r4l107" custom="readingOrder {index:24;}">
                <Coords points="125,1426 686,1439 713,1432 714,1398 126,1391"/>
                <Baseline points="130,1417 158,1417 187,1418 216,1418 245,1419 274,1419 303,1419 332,1420 361,1420 390,1420 419,1421 447,1421 476,1421 505,1421 534,1422 563,1422 592,1422 621,1422 650,1422 679,1422 708,1423"/>
                <TextEquiv>
                    <Unicode>tur lob xi. Excelsior caelo est, &amp; quid facies; </Unicode>
                </TextEquiv>
            </TextLine>
            <TextLine id="r4l111" custom="readingOrder {index:25;}">
                <Coords points="131,1471 707,1472 707,1442 669,1428 131,1427"/>
                <Baseline points="136,1454 164,1454 192,1454 220,1454 249,1454 277,1455 305,1455 334,1455 362,1456 390,1456 419,1456 447,1457 475,1457 503,1457 532,1458 560,1458 588,1458 617,1458 645,1458 673,1458 702,1457"/>
                <TextEquiv>
                    <Unicode>profundior inferno, &amp; vnde cognosces: lon¬</Unicode>
                </TextEquiv>
            </TextLine>
            <TextLine id="r4l115" custom="readingOrder {index:26;}">
                <Coords points="132,1510 167,1496 356,1510 644,1501 650,1465 132,1471"/>
                <Baseline points="137,1490 162,1491 187,1491 213,1491 238,1491 264,1491 289,1491 314,1491 340,1491 365,1491 391,1491 416,1492 441,1492 467,1492 492,1492 518,1492 543,1492 568,1492 594,1492 619,1491 645,1491"/>
                <TextEquiv>
                    <Unicode>gior terra mensura eius, &amp; latior mare.</Unicode>
                </TextEquiv>
            </TextLine>
            <TextLine id="r4l118" custom="readingOrder {index:27;}">
                <Coords points="138,1538 695,1542 710,1500 174,1497 138,1513"/>
                <Baseline points="143,1527 171,1526 199,1526 227,1526 255,1526 283,1526 311,1526 339,1526 367,1526 395,1526 424,1527 452,1527 480,1527 508,1527 536,1527 564,1528 592,1528 620,1528 648,1528 676,1527 705,1527"/>
                <TextEquiv>
                    <Unicode>3 Substantia vere dicitur a subsistendo</Unicode>
                </TextEquiv>
            </TextLine>
            <TextLine id="r4l121" custom="readingOrder {index:28;}">
                <Coords points="141,1568 561,1580 709,1571 709,1536 141,1542"/>
                <Baseline points="146,1560 173,1560 201,1560 229,1560 257,1561 285,1561 313,1561 341,1562 369,1562 397,1562 425,1562 452,1562 480,1562 508,1563 536,1563 564,1563 592,1563 620,1563 648,1563 676,1562 704,1562"/>
                <TextEquiv>
                    <Unicode>accidentibus: Deus autem proprijssime ess</Unicode>
                </TextEquiv>
            </TextLine>
            <TextLine id="r4l124" custom="readingOrder {index:29;}">
                <Coords points="139,1605 623,1616 716,1606 717,1570 140,1569"/>
                <Baseline points="144,1595 172,1595 200,1596 229,1596 257,1596 285,1597 314,1597 342,1597 370,1598 399,1598 427,1598 455,1598 484,1599 512,1599 540,1599 569,1599 597,1599 625,1599 654,1599 682,1599 711,1600"/>
                <TextEquiv>
                    <Unicode>substantia, vt patet, ergo est compositus ex sub</Unicode>
                </TextEquiv>
            </TextLine>
            <TextLine id="r4l126" custom="readingOrder {index:30;}">
                <Coords points="142,1641 300,1636 319,1644 350,1638 370,1649 388,1642 389,1613 363,1607 353,1615 329,1613 319,1604 272,1614 240,1603 221,1613 201,1604 143,1607"/>
                <Baseline points="148,1632 174,1631 200,1631 226,1631 252,1632 279,1632 305,1632 331,1632 357,1632 384,1632"/>
                <TextEquiv>
                    <Unicode>iecto, &amp; accidente</Unicode>
                </TextEquiv>
            </TextLine>
            <TextLine id="r4l129" custom="readingOrder {index:31;}">
                <Coords points="147,1673 575,1675 589,1689 715,1674 692,1640 147,1643"/>
                <Baseline points="152,1666 179,1666 207,1667 235,1667 263,1667 291,1668 319,1668 347,1668 375,1668 403,1668 431,1668 458,1668 486,1668 514,1668 542,1668 570,1668 598,1668 626,1668 654,1668 682,1668 710,1668"/>
                <TextEquiv>
                    <Unicode>4 Secundum Arist. octauo phys. est de¬</Unicode>
                </TextEquiv>
            </TextLine>
            <TextLine id="r4l131" custom="readingOrder {index:32;}">
                <Coords points="135,1710 711,1713 711,1675 593,1689 135,1677"/>
                <Baseline points="140,1699 168,1700 196,1700 224,1701 253,1702 281,1702 309,1703 338,1703 366,1703 394,1704 423,1704 451,1704 479,1704 507,1704 536,1704 564,1704 592,1704 621,1704 649,1704 677,1705 706,1705"/>
                <TextEquiv>
                    <Unicode>nenire ad aliquod primum mobile, quod mo</Unicode>
                </TextEquiv>
            </TextLine>
            <TextLine id="r4l133" custom="readingOrder {index:33;}">
                <Coords points="133,1745 708,1747 708,1712 690,1710 133,1713"/>
                <Baseline points="138,1737 166,1737 194,1737 222,1737 251,1738 279,1738 307,1738 335,1738 364,1738 392,1739 420,1739 448,1739 477,1739 505,1739 533,1740 561,1740 590,1740 618,1740 646,1740 674,1740 703,1740"/>
                <TextEquiv>
                    <Unicode>ueatur ab alio, hoc autem est corpus Caele¬</Unicode>
                </TextEquiv>
            </TextLine>
            <TextLine id="r4l137" custom="readingOrder {index:34;}">
                <Coords points="139,1782 708,1790 704,1746 139,1745"/>
                <Baseline points="144,1771 173,1771 202,1772 232,1772 261,1773 291,1773 320,1773 349,1773 379,1773 408,1773 438,1773 467,1773 497,1773 526,1774 555,1774 585,1774 614,1774 644,1775 673,1775 703,1776"/>
                <TextEquiv>
                    <Unicode>ste, quod quidem secundum Auer: in de sub</Unicode>
                </TextEquiv>
            </TextLine>
            <TextLine id="r4l139" custom="readingOrder {index:35;}">
                <Coords points="138,1816 709,1820 709,1790 690,1780 138,1782"/>
                <Baseline points="143,1806 171,1807 199,1807 227,1808 255,1808 283,1808 311,1809 339,1809 367,1809 395,1809 423,1809 451,1809 479,1809 507,1809 535,1809 563,1810 591,1810 619,1810 647,1810 675,1811 704,1811"/>
                <TextEquiv>
                    <Unicode>stantia orbis, compositum est ex motore, &amp;</Unicode>
                </TextEquiv>
            </TextLine>
            <TextLine id="r4l141" custom="readingOrder {index:36;}">
                <Coords points="139,1851 717,1862 710,1819 139,1818"/>
                <Baseline points="144,1840 172,1841 200,1842 229,1843 257,1843 286,1844 314,1844 342,1844 371,1845 399,1845 428,1845 456,1845 484,1845 513,1845 541,1846 570,1846 598,1846 626,1846 655,1846 683,1846 712,1846"/>
                <TextEquiv>
                    <Unicode>moto: Sed iste motor non potest esse nisi pri</Unicode>
                </TextEquiv>
            </TextLine>
            <TextLine id="r4l143" custom="readingOrder {index:37;}">
                <Coords points="133,1889 702,1899 709,1859 134,1853"/>
                <Baseline points="138,1877 166,1877 194,1878 222,1878 251,1879 279,1879 307,1879 335,1880 364,1880 392,1880 420,1880 448,1881 477,1881 505,1881 533,1881 561,1881 590,1881 618,1881 646,1881 674,1881 703,1881"/>
                <TextEquiv>
                    <Unicode>mus, qui est Deus; nam corpus primo mo¬</Unicode>
                </TextEquiv>
            </TextLine>
            <TextLine id="r4l145" custom="readingOrder {index:38;}">
                <Coords points="143,1929 716,1922 716,1899 668,1886 583,1900 552,1886 533,1902 504,1887 143,1893"/>
                <Baseline points="148,1913 176,1914 204,1914 232,1914 260,1914 288,1915 316,1915 345,1915 373,1915 401,1916 429,1916 457,1916 485,1917 513,1917 542,1917 570,1917 598,1917 626,1917 654,1917 682,1917 711,1917"/>
                <TextEquiv>
                    <Unicode>tum non potest moueri nisi a primo moto¬</Unicode>
                </TextEquiv>
            </TextLine>
            <TextLine id="r4l148" custom="readingOrder {index:39;}">
                <Coords points="136,1957 156,1956 170,1965 176,1959 192,1963 206,1956 223,1963 244,1954 281,1965 291,1955 306,1955 306,1932 277,1931 245,1921 221,1929 187,1930 182,1925 136,1933"/>
                <Baseline points="141,1948 167,1949 194,1949 221,1949 247,1949 274,1949 301,1950"/>
                <TextEquiv>
                    <Unicode>re, ergo &amp;c.</Unicode>
                </TextEquiv>
            </TextLine>
            <TextLine id="r4l150" custom="readingOrder {index:40;}">
                <Coords points="135,2001 205,1987 321,2004 344,1990 718,1999 707,1957 136,1957"/>
                <Baseline points="141,1984 169,1984 198,1984 226,1985 255,1985 284,1985 312,1985 341,1986 369,1986 398,1986 427,1986 455,1986 484,1987 512,1987 541,1987 570,1987 598,1987 627,1987 655,1987 684,1986 713,1986"/>
                <TextEquiv>
                    <Unicode>3 Vbicunque est numeratiua connexio, ibi</Unicode>
                </TextEquiv>
            </TextLine>
            <TextLine id="r4l153" custom="readingOrder {index:41;}">
                <Coords points="135,2027 627,2037 713,2029 713,1993 135,2001"/>
                <Baseline points="140,2018 168,2018 196,2019 225,2019 253,2019 282,2020 310,2020 338,2020 367,2021 395,2021 424,2021 452,2022 480,2022 509,2022 537,2022 566,2023 594,2023 622,2023 651,2023 679,2022 708,2022"/>
                <TextEquiv>
                    <Unicode>est aliqua composito, sed connexio numera</Unicode>
                </TextEquiv>
            </TextLine>
            <TextLine id="r4l155" custom="readingOrder {index:42;}">
                <Coords points="145,2062 715,2064 715,2033 698,2028 145,2026"/>
                <Baseline points="150,2053 178,2053 206,2054 234,2054 262,2055 290,2055 318,2056 346,2056 374,2056 402,2057 430,2057 458,2057 486,2057 514,2058 542,2058 570,2058 598,2058 626,2058 654,2058 682,2057 710,2057"/>
                <TextEquiv>
                    <Unicode>tiua est inter Deum, &amp; vniuersum, ergo &amp;c.</Unicode>
                </TextEquiv>
            </TextLine>
            <TextLine id="r4l158" custom="readingOrder {index:43;}">
                <Coords points="139,2098 721,2104 721,2066 691,2062 139,2064"/>
                <Baseline points="144,2089 172,2090 201,2090 229,2090 258,2091 287,2091 315,2092 344,2092 372,2092 401,2093 430,2093 458,2093 487,2093 515,2093 544,2093 573,2094 601,2094 630,2094 658,2093 687,2093 716,2093"/>
                <TextEquiv>
                    <Unicode>Minorem probo, per Aristo. 12. metaph vbi</Unicode>
                </TextEquiv>
            </TextLine>
            <TextLine id="r4l160" custom="readingOrder {index:44;}">
                <Coords points="138,2136 705,2130 686,2098 138,2101"/>
                <Baseline points="143,2125 170,2125 198,2125 226,2126 254,2126 282,2126 310,2126 337,2126 365,2127 393,2127 421,2127 449,2127 477,2127 505,2128 532,2128 560,2128 588,2128 616,2128 644,2129 672,2129 700,2129"/>
                <TextEquiv>
                    <Unicode>vult quod vniuersum se habeat ad Deum</Unicode>
                </TextEquiv>
            </TextLine>
            <TextLine id="r4l162" custom="readingOrder {index:45;}">
                <Coords points="140,2168 711,2175 711,2140 689,2136 140,2136"/>
                <Baseline points="145,2160 173,2161 201,2161 229,2161 257,2162 285,2162 313,2162 341,2163 369,2163 397,2163 425,2164 453,2164 481,2164 509,2164 537,2164 565,2164 593,2165 621,2165 649,2165 677,2165 706,2164"/>
                <TextEquiv>
                    <Unicode>sicut exercitus ad Ducem, &amp; per consequens, </Unicode>
                </TextEquiv>
            </TextLine>
            <TextLine id="r4l164" custom="readingOrder {index:46;}">
                <Coords points="140,2223 237,2205 457,2220 583,2208 675,2226 717,2218 718,2182 141,2167"/>
                <Baseline points="145,2198 173,2198 201,2198 230,2198 258,2198 286,2198 315,2199 343,2199 371,2199 400,2200 428,2200 456,2201 485,2201 513,2201 541,2202 570,2202 598,2202 626,2202 655,2202 683,2202 712,2201"/>
                <TextEquiv>
                    <Unicode>sicut connexio militum cum exercitu non</Unicode>
                </TextEquiv>
            </TextLine>
            <TextEquiv>
                <Unicode>Adtertiam concedo, quod potentia gene
randi sit in omnibus personis quantum ad
aillud absolutum quod dicit, non tamen quam
tum ad modum relatiuum, quem includit, 
quia sic reperitur in solo patre.
DISTINCTIONIS OCTAVae.
QV.AESTIO PRIMA.
Vtrum in Deo sit aliqua realis composito,
ARVITVR AD PARTEM
affimantem.
1 Qlcut se habet prima materia ad formam,
2ita prima forma ad materiam: materia
an. &amp; forma dicuntur relatiue ex 2. phys.
sed impossibile est primam mam manere absqu 
aliqua forma, vt habetur 2. de Cen. ergo im
possibile est primam formam esse sine aliqua
materia. Sed Deus est prima forma, ergo est
compositus ex materia, &amp; forma.
2 Quod est comparabile alicui sm Maius
&amp; Minus, est compositum ex partibs quanti
tatiuis, Deus est huiusmodi, ergo. Probatur
Maior ex Arist. primo phys. dicente, quod
talis comparatio non potest fieri, nisi inter
ea quae sunt eiusdem rationis. Minor habe¬
tur lob xi. Excelsior caelo est, &amp; quid facies; 
profundior inferno, &amp; vnde cognosces: lon¬
gior terra mensura eius, &amp; latior mare.
3 Substantia vere dicitur a subsistendo
accidentibus: Deus autem proprijssime ess
substantia, vt patet, ergo est compositus ex sub
iecto, &amp; accidente
4 Secundum Arist. octauo phys. est de¬
nenire ad aliquod primum mobile, quod mo
ueatur ab alio, hoc autem est corpus Caele¬
ste, quod quidem secundum Auer: in de sub
stantia orbis, compositum est ex motore, &amp;
moto: Sed iste motor non potest esse nisi pri
mus, qui est Deus; nam corpus primo mo¬
tum non potest moueri nisi a primo moto¬
re, ergo &amp;c.
3 Vbicunque est numeratiua connexio, ibi
est aliqua composito, sed connexio numera
tiua est inter Deum, &amp; vniuersum, ergo &amp;c.
Minorem probo, per Aristo. 12. metaph vbi
vult quod vniuersum se habeat ad Deum
sicut exercitus ad Ducem, &amp; per consequens, 
sicut connexio militum cum exercitu non</Unicode>
            </TextEquiv>
        </TextRegion>
        <TextRegion orientation="0.0" id="TextRegion_1600634161298_179" custom="readingOrder {index:1;}">
            <Coords points="728,121 1324,121 1324,2255 728,2255"/>
            <TextLine id="r4l5" custom="readingOrder {index:0;}">
                <Coords points="742,239 1302,245 1318,240 1319,194 743,192"/>
                <Baseline points="748,222 776,223 804,224 832,225 861,225 889,226 917,227 945,227 974,227 1002,228 1030,228 1058,229 1087,229 1115,230 1143,230 1171,231 1200,232 1228,233 1256,233 1284,234 1313,236"/>
                <TextEquiv>
                    <Unicode>potest esse sine connexione totius exercitus</Unicode>
                </TextEquiv>
            </TextLine>
            <TextLine id="r4l7" custom="readingOrder {index:1;}">
                <Coords points="738,267 1274,279 1307,276 1308,245 739,240"/>
                <Baseline points="744,257 771,258 799,259 827,260 855,261 883,261 911,262 939,263 967,263 995,263 1023,264 1050,264 1078,265 1106,265 1134,266 1162,267 1190,267 1218,268 1246,269 1274,270 1302,271"/>
                <TextEquiv>
                    <Unicode>ad Ducem; ita connexio inter partes vniuer</Unicode>
                </TextEquiv>
            </TextLine>
            <TextLine id="r4l9" custom="readingOrder {index:2;}">
                <Coords points="737,299 1307,311 1299,274 738,267"/>
                <Baseline points="742,293 770,294 798,295 826,296 854,296 882,297 910,298 938,298 966,299 994,299 1022,300 1050,300 1078,301 1106,302 1134,302 1162,303 1190,303 1218,303 1246,304 1274,304 1302,305"/>
                <TextEquiv>
                    <Unicode>si non potest saluari absque connexione totius</Unicode>
                </TextEquiv>
            </TextLine>
            <TextLine id="r4l13" custom="readingOrder {index:3;}">
                <Coords points="743,337 997,342 998,311 964,315 934,303 912,313 841,302 828,313 783,304 744,308"/>
                <Baseline points="749,331 776,331 803,331 830,332 857,333 884,333 911,334 938,335 965,335 993,336"/>
                <TextEquiv>
                    <Unicode>vniuersi cum Deo.</Unicode>
                </TextEquiv>
            </TextLine>
            <TextLine id="r4l19" custom="readingOrder {index:4;}">
                <Coords points="764,409 959,417 980,405 1016,421 1154,410 1257,438 1258,372 1246,369 765,380"/>
                <Baseline points="769,404 794,404 819,404 845,404 870,404 896,405 921,405 946,405 972,406 997,406 1023,407 1048,407 1074,407 1099,408 1124,408 1150,409 1175,409 1201,409 1226,410 1252,410"/>
                <TextEquiv>
                    <Unicode>ARGVITVR PRO PART</Unicode>
                </TextEquiv>
            </TextLine>
            <TextLine id="r4l23" custom="readingOrder {index:5;}">
                <Coords points="943,448 958,455 990,445 1005,452 1098,453 1123,440 1136,450 1201,439 1199,413 941,418"/>
                <Baseline points="947,440 974,442 1002,443 1029,442 1057,441 1084,438 1112,437 1139,434 1167,433 1195,433"/>
                <TextEquiv>
                    <Unicode>affirmatiun. </Unicode>
                </TextEquiv>
            </TextLine>
            <TextLine id="r4l26" custom="readingOrder {index:6;}">
                <Coords points="764,490 1084,479 1303,496 1304,440 1288,437 960,458 936,443 765,439"/>
                <Baseline points="769,470 795,471 821,472 848,473 874,474 901,475 927,475 954,476 980,477 1007,477 1033,478 1059,478 1086,478 1112,479 1139,479 1165,479 1192,480 1218,480 1245,480 1271,481 1298,481"/>
                <TextEquiv>
                    <Unicode>ORimo auctoritate D Patris August. ry</Unicode>
                </TextEquiv>
            </TextLine>
            <TextLine id="r4l30" custom="readingOrder {index:7;}">
                <Coords points="737,520 942,514 964,531 1039,514 1171,535 1305,522 1305,496 1283,485 1169,498 1084,480 808,478 737,498"/>
                <Baseline points="742,509 769,509 797,509 825,509 853,509 881,510 909,510 937,511 965,511 993,512 1021,513 1048,513 1076,514 1104,514 1132,515 1160,515 1188,516 1216,516 1244,516 1272,516 1300,516"/>
                <TextEquiv>
                    <Unicode>4 de Trinit. cap. 15. dicentis, quod Deui</Unicode>
                </TextEquiv>
            </TextLine>
            <TextLine id="r4l35" custom="readingOrder {index:8;}">
                <Coords points="742,546 949,550 1001,562 1064,552 1065,520 991,517 967,529 898,514 743,521"/>
                <Baseline points="747,540 773,541 799,542 825,543 851,544 877,544 903,545 929,546 955,546 981,547 1007,547 1033,547 1059,548"/>
                <TextEquiv>
                    <Unicode>vere est summe simplex</Unicode>
                </TextEquiv>
            </TextLine>
            <TextLine id="r4l38" custom="readingOrder {index:9;}">
                <Coords points="775,585 1020,588 1054,602 1163,589 1202,603 1304,593 1305,547 1002,562 776,552"/>
                <Baseline points="780,577 807,578 834,579 861,580 889,580 916,581 943,581 971,582 998,582 1025,583 1053,583 1080,584 1107,584 1135,584 1162,585 1189,585 1217,586 1244,587 1271,587 1299,588"/>
                <TextEquiv>
                    <Unicode>Praeterea, omne compositum dependent a</Unicode>
                </TextEquiv>
            </TextLine>
            <TextLine id="r4l40" custom="readingOrder {index:10;}">
                <Coords points="740,619 1293,630 1303,594 741,593"/>
                <Baseline points="746,611 773,612 801,614 828,614 856,615 883,616 911,616 938,617 966,617 993,617 1021,618 1049,618 1076,619 1104,619 1131,619 1159,620 1186,620 1214,621 1241,622 1269,623 1297,624"/>
                <TextEquiv>
                    <Unicode>componentibus partibus: Deus a nullo de¬</Unicode>
                </TextEquiv>
            </TextLine>
            <TextLine id="r4l42" custom="readingOrder {index:11;}">
                <Coords points="738,664 1067,658 1193,677 1307,661 1308,623 1062,619 955,636 941,622 739,620"/>
                <Baseline points="744,649 771,649 799,650 827,651 855,651 883,652 911,652 939,653 967,653 995,653 1023,654 1050,654 1078,654 1106,655 1134,655 1162,655 1190,655 1218,656 1246,656 1274,656 1302,657"/>
                <TextEquiv>
                    <Unicode>pendet, cum sit primum ens independetis)</Unicode>
                </TextEquiv>
            </TextLine>
            <TextLine id="r4l45" custom="readingOrder {index:12;}">
                <Coords points="736,689 769,700 794,689 820,697 876,685 898,695 948,684 975,699 994,687 1080,693 1097,684 1096,661 1067,658 959,655 943,665 877,655 857,664 806,654 735,666"/>
                <Baseline points="741,683 766,683 791,684 816,684 841,683 866,683 891,683 916,682 941,682 966,681 991,681 1016,681 1041,680 1066,680 1092,680"/>
                <TextEquiv>
                    <Unicode>ergo &amp;c.</Unicode>
                </TextEquiv>
            </TextLine>
            <TextLine id="r4l47" custom="readingOrder {index:13;}">
                <Coords points="781,728 1233,740 1318,732 1319,693 782,693"/>
                <Baseline points="787,719 813,719 839,719 865,719 892,720 918,720 944,720 971,721 997,721 1023,722 1050,722 1076,723 1102,724 1128,724 1155,724 1181,725 1207,725 1234,725 1260,726 1286,726 1313,726"/>
                <TextEquiv>
                    <Unicode>RESPONDEO: in ista questionem</Unicode>
                </TextEquiv>
            </TextLine>
            <TextLine id="r4l49" custom="readingOrder {index:14;}">
                <Coords points="738,762 1170,766 1225,791 1310,789 1311,733 739,735"/>
                <Baseline points="744,753 772,754 800,755 828,756 856,757 884,757 912,758 940,758 968,759 996,759 1024,759 1052,760 1080,760 1108,760 1136,761 1164,761 1192,762 1220,762 1248,763 1276,763 1305,764"/>
                <TextEquiv>
                    <Unicode>quinque sunt videnda, quae etiam tanguntur</Unicode>
                </TextEquiv>
            </TextLine>
            <TextLine id="r4l52" custom="readingOrder {index:15;}">
                <Coords points="741,795 775,808 857,797 1053,802 1053,777 1027,764 893,769 859,760 812,771 742,764"/>
                <Baseline points="746,789 771,790 796,790 821,791 846,791 871,792 897,792 922,793 947,793 972,793 997,794 1022,794 1048,795"/>
                <TextEquiv>
                    <Unicode>in argumentis adductis.</Unicode>
                </TextEquiv>
            </TextLine>
            <TextLine id="r4l54" custom="readingOrder {index:16;}">
                <Coords points="777,834 1307,841 1308,798 778,805"/>
                <Baseline points="782,825 808,826 834,827 860,827 886,828 912,829 938,829 964,829 990,830 1016,830 1042,830 1068,831 1094,831 1120,831 1146,832 1172,832 1198,832 1224,832 1250,833 1276,833 1302,833"/>
                <TextEquiv>
                    <Unicode>1 An Deus sit compositus ex materiam</Unicode>
                </TextEquiv>
            </TextLine>
            <TextLine id="r4l59" custom="readingOrder {index:17;}">
                <Coords points="739,871 776,867 801,881 825,867 851,875 866,867 890,869 887,835 881,838 867,830 848,842 831,842 822,835 803,837 790,830 784,836 765,825 757,829 739,824"/>
                <Baseline points="744,859 772,861 800,862 828,861 856,861 885,862"/>
                <TextEquiv>
                    <Unicode>&amp; forma.</Unicode>
                </TextEquiv>
            </TextLine>
            <TextLine id="r4l61" custom="readingOrder {index:18;}">
                <Coords points="767,905 1251,921 1316,910 1317,869 768,869"/>
                <Baseline points="773,896 799,897 826,898 853,899 880,899 907,900 934,900 961,901 988,901 1015,901 1042,901 1068,902 1095,902 1122,902 1149,902 1176,902 1203,902 1230,902 1257,903 1284,903 1311,903"/>
                <TextEquiv>
                    <Unicode>2 An compositus sit ex partibus quan¬</Unicode>
                </TextEquiv>
            </TextLine>
            <TextLine id="r4l64" custom="readingOrder {index:19;}">
                <Coords points="739,942 755,936 764,944 777,940 787,948 793,943 807,945 814,939 829,943 871,940 872,908 826,905 810,912 802,906 789,909 774,901 740,904"/>
                <Baseline points="744,931 774,931 805,932 835,933 866,935"/>
                <TextEquiv>
                    <Unicode>titatiuis.</Unicode>
                </TextEquiv>
            </TextLine>
            <TextLine id="r4l66" custom="readingOrder {index:20;}">
                <Coords points="774,980 1320,983 1311,946 1199,931 1175,947 1109,930 1053,944 774,941"/>
                <Baseline points="779,970 805,970 832,970 859,970 886,970 913,970 939,971 966,971 993,971 1020,972 1047,972 1073,973 1100,973 1127,973 1154,974 1181,974 1207,974 1234,974 1261,974 1288,973 1315,973"/>
                <TextEquiv>
                    <Unicode>3 An componatur ficut substantia cum</Unicode>
                </TextEquiv>
            </TextLine>
            <TextLine id="r4l71" custom="readingOrder {index:21;}">
                <Coords points="745,1013 780,1015 786,1010 797,1016 819,1009 898,1013 898,976 888,980 859,975 843,982 824,982 814,975 793,976 784,983 746,981"/>
                <Baseline points="751,1004 779,1003 807,1003 836,1004 864,1005 893,1006"/>
                <TextEquiv>
                    <Unicode>accidente.</Unicode>
                </TextEquiv>
            </TextLine>
            <TextLine id="r4l74" custom="readingOrder {index:22;}">
                <Coords points="766,1044 1114,1060 1273,1042 1273,1007 766,1014"/>
                <Baseline points="771,1038 797,1039 823,1040 849,1040 875,1041 901,1041 927,1041 954,1042 980,1042 1006,1042 1032,1042 1058,1041 1084,1041 1111,1040 1137,1040 1163,1039 1189,1037 1215,1035 1241,1034 1268,1031"/>
                <TextEquiv>
                    <Unicode>4 An sicut motor cum mobili.</Unicode>
                </TextEquiv>
            </TextLine>
            <TextLine id="r4l77" custom="readingOrder {index:23;}">
                <Coords points="774,1089 1061,1077 1243,1088 1268,1109 1310,1096 1311,1049 775,1051"/>
                <Baseline points="780,1075 806,1075 832,1075 858,1075 885,1075 911,1076 937,1076 964,1076 990,1077 1016,1077 1043,1078 1069,1078 1095,1079 1121,1079 1148,1080 1174,1080 1200,1080 1227,1081 1253,1081 1279,1081 1306,1081"/>
                <TextEquiv>
                    <Unicode>3 An componatur Deus cum vniuerso, si</Unicode>
                </TextEquiv>
            </TextLine>
            <TextLine id="r4l80" custom="readingOrder {index:24;}">
                <Coords points="744,1127 857,1112 908,1128 954,1115 1146,1123 1147,1085 970,1081 924,1094 908,1081 782,1087 745,1074"/>
                <Baseline points="750,1109 776,1110 802,1110 828,1110 854,1110 880,1111 906,1111 932,1111 958,1112 984,1112 1010,1113 1036,1113 1062,1114 1088,1114 1114,1115 1141,1116"/>
                <TextEquiv>
                    <Unicode>cut cum eo quod est ad finem. </Unicode>
                </TextEquiv>
            </TextLine>
            <TextLine id="r4l87" custom="readingOrder {index:25;}">
                <Coords points="799,1189 1008,1192 1023,1181 1042,1193 1063,1182 1105,1214 1189,1215 1190,1152 1139,1140 1115,1157 1071,1143 1041,1157 982,1144 799,1153"/>
                <Baseline points="804,1181 829,1182 854,1183 880,1183 905,1183 931,1184 956,1184 981,1184 1007,1184 1032,1184 1058,1185 1083,1185 1108,1185 1134,1186 1159,1187 1185,1188"/>
                <TextEquiv>
                    <Unicode>ARTICVLVS PRIMI</Unicode>
                </TextEquiv>
            </TextLine>
            <TextLine id="r4l93" custom="readingOrder {index:26;}">
                <Coords points="751,1259 1298,1268 1312,1225 752,1215"/>
                <Baseline points="756,1251 783,1251 811,1251 838,1251 866,1251 893,1252 921,1252 948,1253 976,1253 1003,1254 1031,1255 1058,1255 1086,1256 1113,1256 1141,1257 1168,1257 1196,1258 1223,1258 1251,1258 1278,1257 1306,1257"/>
                <TextEquiv>
                    <Unicode>An Deus sit compositus ex materia, &amp; forma</Unicode>
                </TextEquiv>
            </TextLine>
            <TextLine id="r4l106" custom="readingOrder {index:27;}">
                <Coords points="739,1396 1318,1406 1310,1366 1169,1380 905,1367 860,1330 741,1333"/>
                <Baseline points="744,1382 772,1385 800,1386 829,1388 857,1390 886,1391 914,1392 943,1393 971,1394 1000,1395 1028,1395 1056,1396 1085,1396 1113,1397 1142,1397 1170,1398 1199,1398 1227,1398 1256,1399 1284,1399 1313,1400"/>
                <TextEquiv>
                    <Unicode>P GEIMfuius cuidentiam est primo intens</Unicode>
                </TextEquiv>
            </TextLine>
            <TextLine id="r4l109" custom="readingOrder {index:28;}">
                <Coords points="748,1438 1005,1432 1071,1450 1225,1437 1271,1451 1309,1445 1310,1408 1231,1398 1148,1416 1116,1399 749,1392"/>
                <Baseline points="753,1431 780,1430 808,1429 835,1429 863,1428 890,1428 918,1428 945,1428 973,1429 1000,1429 1028,1430 1056,1430 1083,1431 1111,1432 1138,1432 1166,1433 1193,1433 1221,1434 1248,1434 1276,1434 1304,1434"/>
                <TextEquiv>
                    <Unicode>gendum, quae composito sit illa, qua</Unicode>
                </TextEquiv>
            </TextLine>
            <TextLine id="r4l112" custom="readingOrder {index:29;}">
                <Coords points="745,1470 1156,1485 1307,1477 1315,1445 746,1440"/>
                <Baseline points="751,1462 778,1462 806,1462 834,1462 862,1462 890,1463 918,1463 946,1464 974,1464 1002,1465 1030,1466 1057,1466 1085,1467 1113,1468 1141,1468 1169,1469 1197,1469 1225,1469 1253,1469 1281,1469 1309,1469"/>
                <TextEquiv>
                    <Unicode>est ex materia, &amp; forma: nam quidam arbi¬</Unicode>
                </TextEquiv>
            </TextLine>
            <TextLine id="r4l116" custom="readingOrder {index:30;}">
                <Coords points="746,1511 1086,1502 1274,1522 1312,1511 1313,1477 747,1469"/>
                <Baseline points="751,1498 778,1497 806,1497 834,1497 862,1498 890,1498 917,1498 945,1499 973,1500 1001,1500 1029,1501 1056,1502 1084,1502 1112,1503 1140,1504 1168,1504 1195,1504 1223,1504 1251,1504 1279,1504 1307,1504"/>
                <TextEquiv>
                    <Unicode>trantur, quod materia, &amp; forma sic compo¬</Unicode>
                </TextEquiv>
            </TextLine>
            <TextLine id="r4l120" custom="readingOrder {index:31;}">
                <Coords points="748,1540 1197,1543 1243,1557 1314,1547 1315,1513 749,1510"/>
                <Baseline points="753,1534 780,1533 808,1533 836,1533 864,1533 892,1533 919,1533 947,1534 975,1535 1003,1535 1031,1536 1058,1537 1086,1537 1114,1538 1142,1539 1170,1539 1197,1540 1225,1540 1253,1540 1281,1540 1309,1540"/>
                <TextEquiv>
                    <Unicode>nantur adinuicem, quod constituanit quan¬</Unicode>
                </TextEquiv>
            </TextLine>
            <TextLine id="r4l123" custom="readingOrder {index:32;}">
                <Coords points="742,1574 1311,1588 1312,1547 743,1545"/>
                <Baseline points="747,1568 776,1568 805,1568 835,1568 864,1569 894,1569 923,1569 952,1570 982,1570 1011,1571 1041,1571 1070,1572 1100,1572 1129,1573 1158,1573 1188,1574 1217,1574 1247,1574 1276,1575 1306,1575"/>
                <TextEquiv>
                    <Unicode>dam tertiam naturam, quam vocant formam</Unicode>
                </TextEquiv>
            </TextLine>
            <TextLine id="r4l125" custom="readingOrder {index:33;}">
                <Coords points="745,1612 1298,1619 1315,1617 1316,1592 1132,1574 1049,1589 746,1578"/>
                <Baseline points="750,1603 778,1603 806,1603 834,1604 862,1604 890,1604 918,1605 946,1605 974,1605 1002,1606 1030,1606 1058,1606 1086,1607 1114,1607 1142,1608 1170,1608 1198,1609 1226,1609 1254,1610 1282,1610 1310,1611"/>
                <TextEquiv>
                    <Unicode>totius; &amp; hanc dicunt esse aliquod resultans</Unicode>
                </TextEquiv>
            </TextLine>
            <TextLine id="r4l128" custom="readingOrder {index:34;}">
                <Coords points="740,1644 1317,1664 1304,1616 741,1614"/>
                <Baseline points="746,1637 774,1638 802,1638 830,1639 859,1639 887,1639 915,1640 944,1641 972,1641 1000,1641 1029,1642 1057,1642 1085,1642 1113,1643 1142,1643 1170,1644 1198,1644 1227,1645 1255,1645 1283,1646 1312,1647"/>
                <TextEquiv>
                    <Unicode>ex coniunctione materiae cum forma: itaqu</Unicode>
                </TextEquiv>
            </TextLine>
            <TextLine id="r4l130" custom="readingOrder {index:35;}">
                <Coords points="747,1686 1232,1683 1254,1701 1310,1687 1310,1665 1258,1650 747,1647"/>
                <Baseline points="752,1673 779,1673 807,1674 834,1674 862,1674 890,1675 917,1675 945,1675 973,1676 1000,1676 1028,1677 1056,1677 1083,1677 1111,1678 1139,1678 1166,1679 1194,1679 1222,1680 1249,1681 1277,1681 1305,1682"/>
                <TextEquiv>
                    <Unicode>nec est forma, nec materia, nec etiam ipsum</Unicode>
                </TextEquiv>
            </TextLine>
            <TextLine id="r4l132" custom="readingOrder {index:36;}">
                <Coords points="746,1719 1214,1713 1301,1729 1318,1688 747,1686"/>
                <Baseline points="751,1708 779,1708 807,1709 835,1709 863,1710 891,1710 919,1710 947,1711 975,1711 1003,1712 1031,1712 1059,1713 1087,1713 1115,1714 1143,1714 1171,1715 1199,1715 1227,1715 1255,1716 1283,1716 1312,1716"/>
                <TextEquiv>
                    <Unicode>compositum, sed quid aliud resultas ex vnib</Unicode>
                </TextEquiv>
            </TextLine>
            <TextLine id="r4l135" custom="readingOrder {index:37;}">
                <Coords points="747,1756 841,1748 885,1751 900,1762 911,1753 949,1755 956,1748 1005,1755 1011,1716 975,1727 940,1715 826,1721 804,1710 787,1719 747,1719"/>
                <Baseline points="752,1745 777,1745 802,1745 828,1745 853,1745 879,1745 904,1745 929,1746 955,1746 980,1746 1006,1745"/>
                <TextEquiv>
                    <Unicode>ne illarum partium.</Unicode>
                </TextEquiv>
            </TextLine>
            <TextLine id="r4l138" custom="readingOrder {index:38;}">
                <Coords points="779,1789 1310,1796 1310,1749 1288,1743 779,1753"/>
                <Baseline points="784,1778 810,1778 836,1779 862,1779 888,1780 914,1780 940,1781 966,1781 992,1782 1018,1782 1044,1783 1070,1783 1096,1783 1122,1784 1148,1784 1174,1784 1200,1784 1226,1785 1252,1785 1278,1785 1305,1785"/>
                <TextEquiv>
                    <Unicode>Quod non sit materia, nec forma satis pa¬</Unicode>
                </TextEquiv>
            </TextLine>
            <TextLine id="r4l140" custom="readingOrder {index:39;}">
                <Coords points="749,1825 1317,1830 1318,1793 1277,1805 1204,1788 900,1784 812,1800 750,1781"/>
                <Baseline points="755,1815 782,1815 810,1815 838,1815 866,1815 894,1816 922,1816 950,1816 978,1817 1006,1817 1034,1817 1061,1818 1089,1818 1117,1819 1145,1819 1173,1820 1201,1820 1229,1821 1257,1821 1285,1822 1313,1822"/>
                <TextEquiv>
                    <Unicode>tet, quia resultat ex eis: quod autem non fit</Unicode>
                </TextEquiv>
            </TextLine>
            <TextLine id="r4l142" custom="readingOrder {index:40;}">
                <Coords points="750,1868 1080,1854 1257,1870 1316,1863 1317,1830 751,1825"/>
                <Baseline points="756,1849 783,1850 811,1850 839,1851 867,1851 894,1852 922,1852 950,1853 978,1853 1005,1853 1033,1853 1061,1854 1089,1854 1116,1854 1144,1854 1172,1854 1200,1855 1227,1855 1255,1855 1283,1855 1311,1856"/>
                <TextEquiv>
                    <Unicode>psum compositum facile probatur, eo quod</Unicode>
                </TextEquiv>
            </TextLine>
            <TextLine id="r4l144" custom="readingOrder {index:41;}">
                <Coords points="747,1892 1311,1900 1301,1860 747,1867"/>
                <Baseline points="752,1883 779,1884 807,1885 835,1886 862,1886 890,1887 918,1887 945,1888 973,1888 1001,1888 1029,1888 1056,1888 1084,1889 1112,1889 1139,1889 1167,1889 1195,1890 1222,1890 1250,1891 1278,1892 1306,1893"/>
                <TextEquiv>
                    <Unicode>est forma composit, nihil autem est forma</Unicode>
                </TextEquiv>
            </TextLine>
            <TextLine id="r4l146" custom="readingOrder {index:42;}">
                <Coords points="740,1929 1115,1926 1188,1945 1206,1931 1270,1937 1271,1901 740,1899"/>
                <Baseline points="745,1920 771,1921 797,1921 823,1921 849,1921 875,1922 901,1922 927,1922 953,1922 979,1923 1005,1923 1031,1923 1057,1924 1083,1924 1109,1924 1135,1925 1161,1925 1187,1926 1213,1926 1239,1927 1266,1927"/>
                <TextEquiv>
                    <Unicode>sui ipsius, ergo erit diuersa a composito,</Unicode>
                </TextEquiv>
            </TextLine>
            <TextLine id="r4l149" custom="readingOrder {index:43;}">
                <Coords points="788,1964 1318,1970 1318,1942 1284,1934 1185,1945 1113,1925 896,1941 788,1929"/>
                <Baseline points="793,1954 819,1955 845,1956 871,1956 897,1957 923,1957 949,1958 975,1958 1001,1959 1027,1959 1053,1960 1079,1960 1105,1961 1131,1961 1157,1961 1183,1962 1209,1962 1235,1962 1261,1963 1287,1963 1313,1963"/>
                <TextEquiv>
                    <Unicode>Probant autem hanc eorum sententiam </Unicode>
                </TextEquiv>
            </TextLine>
            <TextLine id="r4l152" custom="readingOrder {index:44;}">
                <Coords points="743,1998 772,2000 782,2009 793,1999 812,1994 819,2000 882,1998 882,1966 869,1964 857,1971 850,1965 829,1962 817,1968 801,1962 780,1970 771,1961 743,1963"/>
                <Baseline points="748,1992 773,1990 799,1990 825,1991 851,1992 877,1991"/>
                <TextEquiv>
                    <Unicode>tripliciter.</Unicode>
                </TextEquiv>
            </TextLine>
            <TextLine id="r4l154" custom="readingOrder {index:45;}">
                <Coords points="795,2034 1317,2043 1317,2006 1257,1989 1171,2005 1070,1987 795,1997"/>
                <Baseline points="800,2025 825,2026 851,2027 876,2027 902,2028 928,2029 953,2029 979,2029 1004,2030 1030,2030 1056,2030 1081,2030 1107,2030 1132,2031 1158,2031 1184,2031 1209,2031 1235,2032 1260,2032 1286,2033 1312,2033"/>
                <TextEquiv>
                    <Unicode>Primo quia compositum ex materia, &amp; </Unicode>
                </TextEquiv>
            </TextLine>
            <TextLine id="r4l157" custom="readingOrder {index:46;}">
                <Coords points="742,2069 1308,2074 1300,2038 743,2031"/>
                <Baseline points="747,2060 774,2061 802,2061 830,2062 858,2062 886,2062 913,2063 941,2063 969,2063 997,2064 1025,2064 1052,2064 1080,2065 1108,2065 1136,2066 1164,2066 1191,2066 1219,2067 1247,2068 1275,2069 1303,2070"/>
                <TextEquiv>
                    <Unicode>forma habet quidditatem definibilem; non</Unicode>
                </TextEquiv>
            </TextLine>
            <TextLine id="r4l159" custom="readingOrder {index:47;}">
                <Coords points="754,2101 961,2103 991,2118 1257,2106 1288,2121 1311,2107 1312,2074 754,2070"/>
                <Baseline points="759,2096 786,2097 813,2097 841,2097 868,2097 896,2098 923,2098 950,2099 978,2099 1005,2099 1033,2100 1060,2100 1087,2101 1115,2101 1142,2101 1170,2102 1197,2102 1224,2102 1252,2102 1279,2102 1307,2102"/>
                <TextEquiv>
                    <Unicode>potest autem dici, quod ista quidditas sit ip¬</Unicode>
                </TextEquiv>
            </TextLine>
            <TextLine id="r4l161" custom="readingOrder {index:48;}">
                <Coords points="746,2139 1134,2139 1152,2157 1187,2140 1314,2142 1272,2107 746,2110"/>
                <Baseline points="751,2131 778,2131 806,2132 834,2132 862,2133 890,2133 918,2134 946,2134 974,2135 1002,2135 1030,2136 1057,2136 1085,2136 1113,2137 1141,2137 1169,2137 1197,2137 1225,2137 1253,2138 1281,2138 1309,2138"/>
                <TextEquiv>
                    <Unicode>sa natura composit, quia tunc quidditas ha¬</Unicode>
                </TextEquiv>
            </TextLine>
            <TextLine id="r4l163" custom="readingOrder {index:49;}">
                <Coords points="743,2175 1303,2181 1313,2145 1187,2140 1151,2156 1073,2137 1011,2152 744,2139"/>
                <Baseline points="749,2166 776,2166 804,2167 832,2167 860,2168 888,2168 916,2169 944,2169 972,2170 1000,2170 1028,2170 1055,2171 1083,2171 1111,2172 1139,2172 1167,2173 1195,2173 1223,2173 1251,2173 1279,2174 1307,2174"/>
                <TextEquiv>
                    <Unicode>beret quidditatem, &amp; compositum haberet</Unicode>
                </TextEquiv>
            </TextLine>
            <TextLine id="r4l165" custom="readingOrder {index:50;}">
                <Coords points="742,2214 778,2231 843,2215 916,2231 963,2211 1036,2233 1086,2214 1193,2227 1320,2218 1321,2184 743,2173"/>
                <Baseline points="748,2202 776,2203 804,2204 833,2204 861,2205 890,2205 918,2205 946,2206 975,2206 1003,2206 1032,2207 1060,2207 1088,2207 1117,2207 1145,2208 1174,2208 1202,2208 1230,2208 1259,2208 1287,2208 1316,2208"/>
                <TextEquiv>
                    <Unicode>seipsum, cum habeatsuam naturam: nec etiam</Unicode>
                </TextEquiv>
            </TextLine>
            <TextEquiv>
                <Unicode>potest esse sine connexione totius exercitus
ad Ducem; ita connexio inter partes vniuer
si non potest saluari absque connexione totius
vniuersi cum Deo.
ARGVITVR PRO PART
affirmatiun. 
ORimo auctoritate D Patris August. ry
4 de Trinit. cap. 15. dicentis, quod Deui
vere est summe simplex
Praeterea, omne compositum dependent a
componentibus partibus: Deus a nullo de¬
pendet, cum sit primum ens independetis)
ergo &amp;c.
RESPONDEO: in ista questionem
quinque sunt videnda, quae etiam tanguntur
in argumentis adductis.
1 An Deus sit compositus ex materiam
&amp; forma.
2 An compositus sit ex partibus quan¬
titatiuis.
3 An componatur ficut substantia cum
accidente.
4 An sicut motor cum mobili.
3 An componatur Deus cum vniuerso, si
cut cum eo quod est ad finem. 
ARTICVLVS PRIMI
An Deus sit compositus ex materia, &amp; forma
P GEIMfuius cuidentiam est primo intens
gendum, quae composito sit illa, qua
est ex materia, &amp; forma: nam quidam arbi¬
trantur, quod materia, &amp; forma sic compo¬
nantur adinuicem, quod constituanit quan¬
dam tertiam naturam, quam vocant formam
totius; &amp; hanc dicunt esse aliquod resultans
ex coniunctione materiae cum forma: itaqu
nec est forma, nec materia, nec etiam ipsum
compositum, sed quid aliud resultas ex vnib
ne illarum partium.
Quod non sit materia, nec forma satis pa¬
tet, quia resultat ex eis: quod autem non fit
psum compositum facile probatur, eo quod
est forma composit, nihil autem est forma
sui ipsius, ergo erit diuersa a composito,
Probant autem hanc eorum sententiam 
tripliciter.
Primo quia compositum ex materia, &amp; 
forma habet quidditatem definibilem; non
potest autem dici, quod ista quidditas sit ip¬
sa natura composit, quia tunc quidditas ha¬
beret quidditatem, &amp; compositum haberet
seipsum, cum habeatsuam naturam: nec etiam</Unicode>
            </TextEquiv>
        </TextRegion>
    </Page>
</PcGts>
