1500 2374
128 172 686 229 quia si Deus posset concipi tali conceptu con
129 218 687 266 plexo sequeretur, quod aliquid in eo habe¬
136 258 690 307 ret rationem partis, quod est falsum, quia ses¬
130 289 692 336 per partialitas importat imperfectionem, &
134 332 694 367 defectu, omnis autem imperfectio est a Deo
139 362 694 406 remouenda; Consequentiam probo, quia il¬
132 394 689 439 lud, quod potest concipi conceptu comple¬
138 427 689 476 xo, potest definiri, cum habeat genus, & dif-
134 464 697 508 ferentiam, quae sola requiruntur ad definitio
137 496 697 541 nem, definitio autem habet partes, vt patet
132 532 691 576 3. Metaph erit igitur in Deo aliquid habens
134 566 691 606 rationem partis, puta, illud a quo sumitur
135 599 689 640 differentia, & illud, a quo sumitur genus,
131 641 697 684 quod habet rationem partis, prout ingredi¬
135 674 697 720 tur definitionem, ad quod attendens Auic¬
135 702 695 744 8 Metaph, cap. 8. probabat Deum non esse
137 739 696 788 in genere, quia genus habet rationem par¬
138 778 585 818 tis, Deus autem est simplex.
140 810 696 854 His tribus conclusionibus probatis respo
143 845 688 885 deo ad motiua alterius opinionis.
140 882 701 921 Ad primum quod procedit ex experien¬
146 914 704 954 tia de conceptu entis, quia quaerit illam diffi
140 955 700 992 cultatem, vtrum scilicet de ente creato, & in
151 983 708 1024 creato possit haberi vnus conceptus, nil aliud
146 1013 706 1063 dicendum est, nisi quod supra dictum fuit
140 1051 428 1098 in tertia distinctione.
155 1087 702 1133 Ad secundum quod procedit ex eo quod
153 1122 708 1166 possumus abstrahere substantiam in commu
144 1154 710 1199 ni a ratione finiti, & infiniti, dico, quod hoc
152 1192 712 1231 est potius deceptio, quam experientia, quia
151 1225 709 1265 ille conceptus, qui videtur communis sub¬
154 1261 706 1302 stantiae creatae, & increatae, non est commu¬
149 1296 715 1337 nis, sed proprius alteri illarum, quod patet,
153 1328 710 1367 nam ideo videtur esse conis quia est indeter¬
150 1363 713 1406 minatus, nnnc autem indetenminatio neces¬
151 1399 721 1443 sario contingit altero istorum modorum, pu
153 1435 714 1476 ta, vel quia sic est indeterminatus, quod non
161 1462 718 1514 potest determinari per alium superuenienten
163 1504 714 1542 conceptum magis specialem, vel potest de¬
163 1534 720 1575 terminari per alium conceptum magis spe¬
163 1570 715 1614 cialem: Quod huiusmodi conceptus non pos¬
163 1603 716 1643 sit determinari, hoc prouenit ex parte rei com
166 1644 718 1681 ceptae, cui repugnat oino limitatio, & ista
163 1670 721 1715 est sola substantia increata: quapropter est so
163 1705 720 1749 li Deo proprius talis conceptus; si autem ad
158 1741 722 1782 huc pot determinari, tunc pertinet ad sub¬
164 1781 729 1819 stantiam creatam, quia illa indeterminatio, quae
163 1810 729 1855 expectat adhuc determinationem, prouenit
161 1846 722 1895 ex potentialitate rei conceptae; & sic non con
160 1884 463 1930 cludit illa experientia,
164 1911 730 1963 Ad au ctoritates autem, quibus innitun¬
169 1949 726 1991 tur, leue est respondere, nam quodprimo
169 1986 733 2027 dicunt de boetio, dico, non esse eius inten¬
171 2019 729 2064 tionem ponere substantiam, & relationem in
175 2060 732 2096 Deo tanquam duo genera praedicamenta¬
164 2086 730 2129 lia, sed vult dicere, quod omnia, quae sunt
167 2122 738 2172 in Deo, vel sunt absoluta, vel relatiua, & sic
719 161 1285 228 non sunt ibi nisi duo modi essendi, & duo
720 221 1280 272 modi praedicandi, scilicet absolutus, & rela¬
720 256 1289 298 tiuus, ita tamen, quod absoluta, & relatiua in
723 290 1283 330 Deo sunt omnino alterius rationis ab absolun
726 327 1279 377 tis, & relatiuis quae sunt de numero decem
721 360 1222 402 Praedicamentorum.
735 374 1273 442 Ad illud quod additur ex P. Augustino
722 431 1280 470 dico non intendere quod in Deo sit aliquid
725 464 1288 509 de numero decem generum, cum ipse expres
722 502 1281 542 se remoueat omne praedicamentum a Deo,
724 532 1285 579 in 0. de Trinitate cap. 2. etiam ipsum praedi¬
725 568 1292 610 camentum substantiae, de quo minus vide¬
728 599 1286 641 tur remouendum esse, sed Deus non est sub¬
730 635 1287 675 stantia praedicamentalis, vnde per verba eius
732 670 1279 713 dem non potest aliud haberi, nisi quod se¬
729 708 1284 747 cundum nostrum modum intelligendi, & si
730 744 1286 787 gnificandi aliqua sunt in Deo, quae signifi¬
726 774 1292 819 camus per modum substantiae, & aliqua, quae
733 803 1307 852 significamus per modum qualitatis.
739 838 1294 888 Ad illud Comment. respondent quidam
733 881 1290 923 dicentes, quod Comm. non assequtus est
738 912 1291 956 mentem Arist. quicquid tamen sit de hoc,
738 954 1292 994 quia petit aliam difficultatem, idcirco bre¬
735 981 1299 1028 uiter respondeo, & dico, Comment ibi loqui
739 1018 1297 1068 de genere valde large, secundum quem mo
738 1049 1290 1095 dum quodcunque primum in aliquo ordins
733 1087 972 1137 potest dici genus.
781 1153 1297 1195 ARTICVLVS TERTIVS.
797 1397 1307 1443 Ria sunt quod videntur in praesenti art fa¬
766 1414 1302 1474 cere difficultatem, primum est, quia
750 1466 1302 1512 negamus a Deo compositionem generis, &
751 1501 1301 1539 differentiae, vt patet ex praecedenti articulo,
755 1532 1308 1580 non obstante quod illa dicant composito¬
750 1564 1309 1616 nem secundum rationem tantum, ergo pari
746 1604 1311 1643 ratione debemus negare ab eo compositonem
754 1640 1313 1678 enunciatiuam. Secundum est, quia omnis
751 1671 1311 1712 composito videtur importare potentialitatem,
754 1705 1309 1743 vt patet ex praecedentibus, omnis autem po
755 1742 1311 1782 tentialitas est a Deo remouenda, ergo. Ter-
756 1773 1305 1822 tium, quia dictum fuit, quod non possumus
760 1807 1308 1851 Deum concipere conceptu confuso, nec con
756 1843 1320 1884 ceptu distincto, vnde videtur, quod nullum
757 1879 1313 1924 habeamus de eo conceptum, & per conse¬
759 1913 1319 1961 quens non possumus de eo aliquid enun¬
761 1950 880 1988 ciare.
799 1980 1324 2026 His tamen non obstantibus dico, quod
762 2016 1319 2056 de Deo possumus formare veras enunciatio
767 2050 1322 2098 nes affirmatiuas, sicut patet per dicta San¬
768 2082 1324 2126 ctorum, & Philolophorum, qui multas enun
768 2118 1319 2164 ciationes de Deo formarunt, idcirco P. Au¬
