1500 2285
196 169 728 222 quo hanc infero similitudinem, & conue¬
194 215 722 252 nientiam, quod sicut se habet materia in re
201 241 729 285 cipiendo formas sensibiles, ita intellectus in
201 279 728 317 recipiendo formas intelligibiles: sed materia
210 308 723 350 otest recipere formam duobus modis, scili¬
196 346 735 383 cet naturauiter, & supernaturaliter, & pri¬
194 377 730 414 mus modus competit ei per suam naturalem
201 415 729 453 potentiam, quae dicitur naturalis, quia redu
200 440 728 480 citur ad actum per actionem agentium natu
196 480 730 521 ralium habentium cum materia naturalem
196 507 735 555 connexionem. Secundus autem modus reci
199 546 737 585 piendi formam competit materiae per poten¬
194 578 734 616 tiam obedientialem, quia non potest reduci
196 607 731 650 ad actum nisi per causam supremam existen
198 643 739 682 tem extra totam latitudinem materiae, cui
196 673 732 715 ipsa nata est obedire ad nutum, vt puta Deus:
200 706 737 746 ergo pari ratione intellectus noster possibi¬
196 742 733 779 lis habebit duos modos recipiendi formas in
198 779 735 817 telligibiles, naturalem vnum, & supernatu¬
194 812 734 850 ralem alterum, qui competit illi per poten¬
192 847 735 886 tiam obedientialem. Primus modus dicitur
191 879 733 920 naturalis, quia reducitur ad actum per actio
192 904 728 949 nem agentis intellectus naturaliter possibili
192 940 735 993 connexus, & per actionem formarum intel¬
198 972 742 1014 ligibilium, quae ordine quodam, median¬
195 1012 733 1051 te intellectu agente, possibili naturaliter con¬
196 1039 731 1081 nectuntur. Secundus vero dicitur superna¬
194 1076 736 1119 turalis; quia per actionem agentis superioris;
196 1108 731 1149 qui non est intellectus agens, nec species.
201 1139 733 1182 nequidquam aliud in tali ordine, sed supra
195 1174 737 1215 omnem hanc connexionem reducitur de po
195 1208 733 1247 tentia ad actum, cui agenti intellectus possi
195 1239 734 1286 bilis est natus subiici imediate recipiendo pr
196 1279 737 1316 eius impressionem aliquam veritatem intel¬
193 1308 743 1350 ligibilem, sicut & materia potest ab eodem
201 1342 663 1386 recipere imediate formam sensibilem
236 1372 741 1415 Ad propositum ergo dico, quod possumus
196 1401 743 1448 loqui de opiecto adaequato intellectus nostri
198 1441 740 1487 duobus modis. Vno modo secundum eius
204 1477 740 1522 potentiam naturalem, qua subiicitur actioni
203 1510 745 1551 intellectus agentis, & connectitur formis in
207 1539 741 1583 telligibilibus mediante intellectu agente; se
203 1573 740 1616 cundum quem modum obiectum adaequatum
200 1609 740 1650 est ens vniuersaliter sumptum, prout redu¬
206 1637 738 1682 cibile est in omnes eius causas, & principia,
201 1673 745 1712 nam omne tale ens cum sit sensibile, vel sen
207 1707 742 1750 sibilibus coniunctum, potest ab intellectu
201 1739 741 1785 possibili percipi mediante intellectu agente;
203 1771 739 1816 & sic loquendo, veritas quam scimus de Deo
202 1808 743 1846 non continetur sub obiecto adaequato intel
207 1835 739 1879 lectus nostri, quia non habet causas, & prin
207 1875 741 1915 cipia in quae possit reduci : & sic non potest
209 1906 741 1945 connecti intellectui possibili, mediante intel
202 1944 744 1984 lectu agente, nec vt veritas sensibilis, vel sen
206 1975 741 2017 sibilibus coniuncta, cum sit extra omnem
206 2007 471 2049 hanc connexionem.
239 2031 743 2088 Nec valet si dicatur, quod sensibilibus,
760 166 1300 220 & intelligibilibus connectitur tanquam cau
759 213 1298 256 sa: quia quamuis incidat in idem re cum pri
763 246 1306 287 mis causis entium, puta cum prima forma,
762 278 1295 318 & vltimo fine, manet tamen extra secundum
758 315 1308 349 earum causalitatem, quia non est conditio ha
762 347 1304 382 rum causarum, vt tales causae sunt, propter
769 378 1301 418 quod non connectimus cognitionem diuine
770 412 1300 455 veritatis cum cognitione harum causarum.
796 447 1302 484 Exempli gratia, licet primus motor, prima
766 477 1300 515 forma, & vltimus finis coincidant in idem re,
766 511 1307 557 & differant ratione, sicut tangit Coment. 12.
762 544 1301 580 Metaph com. 8tamen cognitio primi Moto
766 580 1301 618 ris non connectitur cognitioni primae for¬
768 610 1302 653 mae, quia illa spectat ad scientiam naturalem;
765 645 1301 687 ista veto, ad Metaph. quod prouenit ex eo
771 678 1305 718 quod ratio primae formae, & vltimi finis, sunt
770 717 1302 754 extraneae a ratione primi motoris; similiter
771 744 1300 789 posset dici in proposito. Patet ergo, quomo
769 781 1301 821 do veritas, quam scimus de Deo per Theolo
767 813 1296 853 giam, non continetur sub obiecto adaequate
764 846 1296 892 intellectus secundum potentiam eius natu¬
770 875 859 917 ralem.
803 908 1302 945 Si tamen loquamur de huiusmodi obiecto
770 944 1294 983 secundum potentiam obedientialem, sic ve
767 979 1309 1021 ritas illa continetur sub illo, quod patet, nam
766 1012 1302 1057 cognitio cuiuscumque veritatis, numquam po
776 1045 1301 1088 test imprimi ipsi intellectui, nisi aliquo mo¬
767 1076 1301 1116 do esset in potentia ad eam: & nisi talis ver
775 1112 1305 1154 tas contineretur aliquo modo sub obiecto
768 1142 1303 1179 adaequato, intellectus noster non posset ea
774 1178 1314 1220 attingere; quia obiectum adaequatum, est
772 1219 1310 1252 vltimum in quod potest potentia; & per con
773 1247 1305 1284 sequens, si illa veritas non contineretur ali¬
770 1276 1309 1319 quo modo sub hoc obiecto, potentia se exte¬
770 1313 1310 1356 deret vltra suum vltimum, quod est contra¬
774 1343 857 1380 dictio.
805 1376 1311 1413 Sciendum est etiam, quod licet intellectus
766 1411 1308 1446 sit in potentia naturali, & obedientiali ad
772 1443 1312 1481 huiusmodi veritates, numquam tamen pot
777 1478 1309 1512 ta se extendere, quod contineat illam veri¬
772 1511 1311 1547 tatem infinitam, quam scit Deus de se ipso;
775 1546 1312 1585 quia ad eam nullam habet facultatem nec
768 1573 1153 1615 naturalem, nec obedientialem
802 1606 1304 1645 Ad secundam dubitationem, quae erat de
778 1644 1312 1683 principijs, respondet quidam Doctor negan
766 1678 1308 1717 do, quod prima principia contineant omnes
770 1711 1310 1742 veritates virtualiter, quia sicut subiecta pri¬
776 1742 1294 1781 morum principiorum sunt communissima
778 1778 1303 1822 ta etiam praedicata, quapropter virtute ta¬
778 1804 1306 1846 sium principiorum non posiunt sciri de infe
773 1842 1305 1877 rioribus, nec etiam praedicata communissi¬
767 1874 1310 1921 ma. Si ergo volumus scire specialia praedica
776 1910 1313 1954 ta, oportet habere specialia media, in quorum
771 1945 1308 1980 ratione includuntur talia praedicata, ita vt
767 1979 1313 2017 dicant propter quid de eis, prout requirit de
768 2011 1312 2049 monstratio; nam definitio subiecti alicuius
777 2040 1319 2095 primi principij, quamuis dicat propter quid
