1500 2366
130 179 716 250 idem subiectum, dicere ergo quod vna earum
134 240 697 277 habeat pro immediato subiecto materiam, &
130 272 689 319 alia formam, est omnino contra rationem.
176 308 693 353 ldeo concludo secundum mentem Com¬
140 341 704 387 quod substantia corporalis habet esse cor¬
138 380 698 420 poreum in genere substantiae per ipsam ma¬
141 419 701 460 teriam, in determinata vero specie illius ge¬
139 444 704 489 neris, per formam: Quia tamen non est da¬
134 479 707 529 re materiam sine forma, nec formam sine ma
136 512 698 558 teria (prout de forma nunc loquimur) idcir¬
144 549 702 585 co materia non potest dare esse corporeum in
138 584 706 631 genere substantie, nisi concurrat ibi forma,
139 620 704 668 quasi secundario ad determinandum illud
138 649 705 694 esse cotporeum in determinata specie, & eo¬
147 688 701 731 dem modo forma non potest dare esse cor¬
145 721 706 769 poreum, in determinata specle, nisi concur¬
146 757 703 799 rat ibi materia quasi secundario, quae dat es¬
146 794 705 831 se corporeum in primo genere, & sicut ma¬
142 823 700 870 teria trahitur ad essc corporeum determina¬
142 864 712 907 tum per formam, ita forma trahitur ad esse
149 896 698 935 corporeum indeterminatum per materiam.
146 930 707 972 Si at expositores verum dicerent facile esset
143 964 713 1002 euadere primam difficultatem de anima in¬
145 1000 706 1048 tellectiua, quia diceretur, quod homo habet
153 1034 712 1082 esse corporeum in genere substantiae per suam
144 1071 708 1114 materiam, sed in determinata specie illius ge
147 1102 710 1151 neris, puta in specie humana, per animam
150 1136 711 1187 intellectiuam: & quia materia ex hoc ipso
163 1171 713 1219 quod dat essc corporeum in genere substan¬
154 1210 716 1256 tiae est subiectum quantitatis, vt patuit, idcir
156 1242 714 1285 co est extensa; Anima vero intellectiua, siue
155 1273 710 1321 quaecumque alia forma substantialis, quamuis
154 1309 716 1357 trahat esse corporeum ad determinatam spe
150 1339 714 1389 ciem illius generis, non tamen propter hoc
158 1379 712 1424 est subiectum quantitatis, & corporeitatis de
156 1419 715 1462 genere quantitatis; idcirco ex hoc non po¬
154 1445 718 1501 test argui neque de anima intelle iua, nequ
155 1480 719 1538 de aliqua alia forma substantiailquod neces
150 1514 718 1561 sario sit extensa, & sic, quod onines formae,
157 1557 719 1598 vna excepta rationali sint extensae, non vi¬
163 1593 715 1631 detur contingere ex hac causa, sed ex aliqua
153 1620 722 1672 alia, quaecumque sit illa; quae explicabitur
156 1658 267 1702 inferius.
202 1673 718 1735 Verum iste modus dicedi quibusdam do¬
164 1714 722 1768 ctoribus modernis non placet, putant enim
169 1762 714 1801 mpossibile esse, quod materia sit immedia¬
161 1789 718 1839 tum subiectum alicuius accidentis; vnde vo¬
159 1830 720 1871 lunt, quod totum aggregatum ex materia, &
157 1859 724 1907 forma sit subiectum quantitatis, & ideo isi
164 1893 720 1950 quaereretur ab eis, per quid substantia corpo
162 1931 719 1974 rea habet esse corporeum in genere substan
163 1965 717 2009 tiae, dicerent, quod per formam substantialem,
163 1996 722 2041 quia corporeum est differentia per quam sub
167 2031 726 2077 stantia corporea distinguitur ab incorporea,
166 2065 720 2116 differentia autem sumitur a forma, siue a to¬
162 2103 587 2158 ro aggregato per modum formae.
203 2133 724 2194 Sed contra istos directe est difficultas de
718 205 1285 252 anima intellectiua; Nam si homo habet esse
726 242 1286 284 corporeum in genere substantiae per animam
722 276 1289 312 intellectiuam, ergo competit sibi corporeitas
726 308 1283 353 de genere quantitatis per animam intellecti
733 348 1295 383 uam, & per consequens coguntur dicere, quod
730 379 1291 418 anima intellectiua ordine naturae sit prius ex
725 417 1287 456 tensa, quam corpus, vel saltem, quod totum
724 448 1289 492 aggregatum ex anima intellectiua, & corpo
731 481 949 520 re sit extensum.
748 507 1292 565 Et ideo quidam eorum volentes euitare
730 549 1286 597 hanc difficultatem, dixetunt se sola fide te¬
731 582 1292 628 nere animam intellectiuam esse formam
732 619 1288 668 corporis: Quorum dictum non est con¬
732 655 1281 701 ueniens, neque necessarium: Conueniens quod
734 688 1286 734 dem non est, quia videtur fauere errori Con
734 719 1294 761 de vnitate intellectus, siquidem quasi ponit
744 751 1294 802 quod ille error non possit improbari, cum
737 796 1300 832 tamen sufficienter sit improbatus per solem
731 824 1297 874 nes Doctores, de quo etiam tractabitur in se
738 859 1295 899 cundo libro, & nisi quis vellit veritatem ab
738 899 1299 938 oibs concessam, negare, rationes quae fiunt
741 930 1305 971 contra Comm, sunt multo fortiores, quam
737 962 1299 1005 illae quae fiunt pro eo. Similiter non est ne¬
739 1004 1298 1044 cessarium dictum eorum, quia (vt patuit) da¬
739 1034 1301 1082 to, quod anima intellectiua sit forma corpo¬
737 1066 1304 1109 ris, vti re vera est, adhuctamen non est di¬
738 1104 1305 1147 cendum, quod sit extensa, secundum funda¬
743 1136 1025 1184 menta ipsius Com.
766 1149 1288 1217 Propter quod ipsimet aliam dederunt re
749 1204 1301 1252 sponsionem dicentes, quod in homine forte
744 1239 1296 1281 necessarium est concedete esse aliqua, alia
746 1273 1299 1316 formam corporeitatis praeter animam intelle¬
744 1309 1300 1347 ctiuam, per quam habeat esse corporeum in
742 1342 1301 1391 genere substantiae, & ad quam sequatur ne¬
750 1376 1250 1418 cessario esse extensum per quantitatem.
774 1412 1293 1454 Haec responsio deficit propter tria, primo
744 1445 1293 1492 quia. Volendo euitare vnam difficultatem, in
746 1487 1302 1527 cidunt in plures, & forte maiores, incidunt
747 1517 1296 1559 enim in omnia illa quae possunt induci con¬
747 1549 1028 1598 tra gradus formarum.
779 1584 1299 1627 Secundo, quia si non admittant gradus
753 1618 1301 1660 formarum, & solum in homine ponant plu
746 1651 1298 1695 res formas, tunc brutum erit simplicius ho¬
745 1693 1295 1736 mine, quia per vnam formam habebit esse con
755 1725 1305 1764 poreum, & esse animatum, homo vero per
749 1765 1298 1805 diuersas. Nec etiam apparet ratio quare sipo
748 1795 1296 1834 namus in homine formam corporeitatis, di
748 1827 1309 1867 stinctam ab intellectiua, non ponamus etiam
750 1862 1311 1904 ibi animam sensitiuam eodem modo distin¬
748 1893 1309 1941 ctam contra intellectiuam, quia tam sensiti¬
752 1928 1305 1968 ua, quam forma illa corporeitatis sunt mate
753 1966 1311 2001 riales; & ideo si vna earum continetur in in¬
755 2001 1313 2040 tellectiua, eadem ratione, & alia, & si vna
757 2032 1315 2085 non continetur, sed remanet distincta ab ea,
759 2066 969 2108 nec etiam altera.
785 2105 1316 2144 Tertio, quia hoc concesso adhuc non ha¬
761 2133 1311 2193 pent propositum; non enim possunt saluare,
