1500 2368
134 168 712 217 dat materiae: ex quo habetur vel quod nulla
136 216 701 263 forma snbstantialis extenditur per quantita¬
138 245 707 299 tem, vel si extenditur hoc erit, prout quanti
143 283 618 324 tas necessario praeuenit eam, in fieri.
178 309 709 368 Tunc autem quantitas est disposito prae¬
145 349 705 397 ueniens formam necessario quantum ad suum
143 388 707 435 fieri, quando talis forma educitur de poten¬
142 420 704 466 tia materiae quantae, & extense; nam quia ma
138 458 705 503 teria quanta, & extensa habet distinctas par
147 487 715 535 tes, oportet necessario, quod ex alia, & alia
148 529 706 573 parte materiae educatur alia, & alia pars for¬
144 560 708 607 mae, & tunc forma habebit alias, & alias par
139 598 710 636 tes, & sic erit extensa per accidens; & ista est
138 630 713 673 melior ratio, quae possit fieri ad istam conclu
143 668 705 704 sionem, quam tangit frater AEgidius nostet
144 700 710 736 in ista octaua distinct vt ostendat, quod onis
148 734 707 772 forma materialis eo ipso quo deducta est de
148 764 712 816 potentia materiae necessario dicitur extensa
146 806 708 850 per accidens; anima vero intellectiua, quia
143 843 708 886 non est educta, neque educibilis de potentia
145 873 571 913 materiae, nullo modo est extensa
184 899 711 953 Impugnatur tamen a quibusdam duplici
151 941 719 986 ter; Primo dicunt, quod eius ratio non con¬
149 980 708 1022 cludit, nam sicut forma educitur de poten¬
152 1012 713 1061 tia materiae passiue loquendo, ita educitur
147 1047 709 1089 de potentia agentis actiue, sed ex parte age
154 1078 713 1118 tis non praeexistit alia, & alia pars formae in
145 1117 713 1156 ipso; ergo nec debet dici, quod in alia, & alis
150 1151 712 1198 parte materiae praeexistat alia, & alia pars for
148 1185 516 1243 mae, & ideo non concludit.
187 1211 711 1261 Secundo dicunt, quod petit principium,
152 1251 709 1304 quia probat formam esse extensam per acci¬
153 1287 713 1335 dens, eo quod de alia, & alia parte materiae
158 1325 711 1374 educitur alia, & alia pars formae, & sic suppo
148 1360 720 1397 nit formam habere partes, hoc autem non est
150 1392 711 1440 nisi ipsam esse extensam, & hoc est, quod
155 1429 710 1479 quaeritur, vnde supponit quod est in principio.
193 1462 708 1510 His tamen non obstantibus dico, quod
163 1493 709 1535 eius ratio est optima; deduco tamen eam ali¬
162 1531 707 1577 ter secundum fundamenta superius posita
162 1566 721 1615 postea remouebo has impuonationes. Suppo
155 1593 717 1647 no ergo ex iam dictis, quod nulla forma substan
160 1642 721 1686 tialis extendatur per quantitatem, tanquam
158 1669 715 1721 per dispositionem sequentem in ratione for¬
158 1704 718 1747 malis principij dantis esse; neque etiam tan¬
164 1744 721 1790 quam per dispositionem praeuenientem in
158 1774 716 1831 ratione principij materialis cooperantis ad
159 1804 524 1857 illud esse, quod dat materiae.
197 1830 724 1895 Si ergo aliqua forma substantialis per quam
159 1876 727 1918 titatem extendatur, hoc erit tanquam per di
162 1915 716 1964 spositionem praeuenientem necessario eam,
164 1945 710 1997 quantum ad suum fieri. Quo posito, sic ar
155 1981 727 2039 guo; Omne, quod supponit quantitatem, tan
166 2019 725 2067 quam dispositionem necessario requisitam
165 2048 718 2099 ad suum sieri extenditur per accidens quae¬
171 2084 717 2128 ibet forma materialis est huiusmodi, ergo
164 2118 716 2178 &c. Maior probatur, quia illud, quod suppo¬
739 163 1296 232 nit quantitatem tanquam dispositionem ne¬
737 218 1306 275 cessariam in suo ficri, necessario fit diuisibi¬
742 251 1308 291 liter, nam sifieret indiuisibiliter, non neces¬
742 287 1296 338 sario requireret quantitatem, quod autem
736 323 1299 359 fit diuisibiliter necessario est extensum, &
737 353 1294 411 diuisibile. Minorem probo dupliciter Primo
735 394 1297 434 ex eo quod non potest esse contactus agen¬
736 422 1306 476 tis naturalis ad materiam nisi supposita quam
736 459 1304 514 titate, ergo quantitas necessario requiritur
736 491 1299 536 in eductione formae de potentia materiae. Se
741 529 1295 579 cundo ex eo quod omnes partes materiae
743 566 1303 617 sunt in potentia ad formam eodem modo, &
746 598 1296 648 ideo oportet, quod etiam eodem modo redum
739 631 1303 689 cantur ad actum, vel ergo forma, quae debet
739 666 1297 725 reducere omnes partes materiae de potentia
740 699 1298 748 ad actum non educetur de potentia, alicu¬
741 735 1297 790 ius partis, vel educetur de potentia omnium
738 772 1298 825 partium eodem modo: Non potest dici, quod
745 804 1309 859 non educatur de potentia alicuius partis, quia
740 836 1312 889 tunc nullo modno educeret de poia materiae, se
751 875 1309 918 quitur ergo quod educatur de potentia oium par
744 909 1311 967 tium, quod autem sic educitur necessario fit
753 943 1305 988 diuisibiliter, & extenditur cum partibus ma
751 979 1300 1032 teriae, quia supponit quantitatem in suo fie¬
748 1017 1307 1060 ri: nam cum vna pars materia sit extra aliam,
754 1047 1301 1102 non videtur posse fieri, quod eductum de
754 1082 1302 1140 vna parte educatur de alia; sicut ergo mate¬
751 1116 1298 1169 ria quatenus est ratio, de qua forma educi¬
751 1151 1310 1207 citur habet partem extra partem: ita opor-
743 1185 1304 1243 fet, quod forma, quae de eius potentia educi¬
749 1220 1301 1280 tur sic educatur diuisibiliter, quod secundum
751 1255 1306 1300 allud educatur ex vna parte, & secundum
743 1289 1303 1351 aliud ex alia; & hoc est fundamentum cui
749 1324 1137 1361 innititur ratio Doctoris nostri.
776 1352 1304 1421 Viso autem hoc fundamento facile tol¬
744 1390 1198 1451 luntur impugnationes contra illam
785 1427 1305 1485 Nam cum primo dicitur, quod sicut for¬
742 1457 1309 1525 ma praeexistit in potentia passiua materie, ita
742 1498 1301 1556 etiam praeexistit in potentia actiua agentis,
746 1533 1302 1592 dico quod si ly sicut, notat aequalitatem ne¬
754 1566 1304 1628 cessitatis, vera est proposito, quia si forma
748 1600 1297 1658 debet reduci de potentia ad actum, necesse
748 1635 1307 1693 est, quod aeque praeexistat in potentia actiua
746 1668 1305 1729 agentis, & in potentia passiua materiae, quia
758 1705 1298 1763 vnum non sufficit sine altero. Si autem l
757 1739 1307 1798 licut, notet absolutam similitudinem, tunc
756 1774 1300 1832 proposito est falsa, quia non eodem modo
760 1807 1302 1855 praeexistit vtrobique; in potentia enim acti¬
761 1845 1305 1901 ia agentis sic praeexistit, quod suum fieri, &
755 1877 1306 1934 suum esse sunt separata a tali potentia, sed
752 1914 1312 1969 in potentia passiua materiae sunt coniuncta
751 1948 1313 2000 cum illa potentia, & idcirco rationabiliter
754 1981 1308 2037 diuisibilitas, vel indiuisibilitas formae debet
753 2014 1315 2073 accipi penes diuisibilitatem, potentiae passiuae
754 2049 1314 2107 & non actiuae, & sic eorum ratio non conclu¬
752 2086 1320 2143 dit, quia mutat modum necessitatis, in modum
753 2120 924 2177 similitudinis,
