1500 2336
221 165 738 221 Dicunt ergo quidam, quod anima intelle¬
194 195 741 254 ctiua est omnino extensa per accidens, que¬
196 238 739 289 admodum, & quaecunque alia forma mate¬
193 283 746 314 riam informans, fundamentum autem cui
195 315 743 358 innititur ista opinio est, quia supponunt tan
193 347 740 383 quam notum, subiectum quantitatis, & cu¬
199 375 743 428 uscunque accidentis, vel esse totum compo¬
192 415 744 457 situm ex materia & forma, vel saltem formam
194 448 749 497 esse principale subiectum, quodcunque auten
189 479 751 529 istorum concedatur eis, habent propositum;
188 518 750 562 siquidem, si concedatur quod totum compo
190 545 747 586 situm sit subiectum quantitatis, & cuiusli¬
195 583 748 633 bet accidentis, sic debemus concedere, quod
189 623 744 659 totus homo compositus ex materia, & forma
197 647 752 696 quae est anima intellectiua, sit subiectum unti
189 686 747 735 tatis; & per consequens extensus: ex quo ha
188 714 748 769 betur non solum esse extensum secundum ma
199 749 750 795 teriam, sed ctiam secundum animam intelle
197 786 748 837 ctiuam, quae est sua forma. Praeterea si conce
196 818 749 864 datur eis formam esse principale subiectumi,
192 864 744 901 clarius habent propositum, quia tunc anima
190 895 748 936 intellectiua erit subiectum quantitatis, & per
198 923 744 976 consequens necessario extendetur, quia de
189 956 740 1004 ratione quantitatis est extendere necessario
194 989 750 1035 suum subiectum. Probant autem istud fun¬
193 1024 746 1071 damentum, cui innitunt, hoc modo: Quia cum
202 1056 742 1104 oquimur de substantia, cogimur dicere, quod
201 1092 751 1136 subiectum quantitatis, & cuiuscunque acci¬
197 1125 742 1175 dentis, vel est totum compositum, vel est for
190 1162 744 1208 ma magis quam materia, vel est materia ma
194 1199 752 1251 gis quam forma: Non potest dici vltimum
193 1238 357 1284 propter tria
226 1237 752 1311 Primo, quia sequeretur, quod homo, vel
196 1299 748 1343 quaecunque alia substantia corporalis esset
196 1328 747 1380 corpus in genere substantiae magis per mate
197 1362 742 1412 riam, quam per formam, quod est falsum, quid
203 1401 743 1452 praedicata estentialia magis competunt rei p
193 1437 744 1485 formam, quam per materiam: Consequentiam
195 1464 752 1517 probant per hoc, quia per illud, quod est ma
196 1497 746 1549 gis subiectum quantitatis in genere substan¬
198 1533 745 1582 tiae, habet substantia corporalis magis ratio¬
200 1568 749 1618 nem corporis; si ergo materia sit magis
198 1600 751 1644 subiectum quantitatis, quam forma sequi¬
201 1638 746 1684 tur quod substantia corporalis habeat ratio¬
198 1668 747 1714 nem corporis, quod est praedicatum essentia¬
200 1704 746 1752 le magis per materiam, quam per formam,
201 1738 516 1789 quod videtur absurdum.
234 1746 754 1815 Secundo probant hoc idem, quia si mate
198 1810 757 1852 ria esset subiectum quantitatis magis quam
201 1842 749 1889 forma, sequeretur, quod quantitas praeueni¬
202 1869 749 1925 ret formam substantialem in materia, & per
204 1905 744 1957 consequens materia prius actuaretur per a¬
201 1936 750 1990 ctum accidentalem, quam per substantialem,
208 1977 557 2028 quod videtur eis absurdum.
233 1983 750 2055 Tertio sequeretur etiam, quod actus se¬
203 2038 752 2087 cundum quid, praecederet actum simpliciter.
207 2077 754 2125 & accidens substantiam, quae omnia viden¬
772 157 1321 211 tur absurda. Relinquitur ergo secundum
775 200 1331 249 eos, quod subiectum quantitatis, & cuiuscum
775 231 1327 285 que accidentis, vel sit ipsum compositum ex
775 278 1329 314 materia & forma, vel forma magis quam ma
770 305 1334 353 teria; & per consequens, vel totus homo erit
774 334 1339 390 subiectum quantitatis,; vel sua forma, quae est
772 367 1330 415 anima intellectiua erit principale subiectum.
784 406 1326 451 lsta opinio videtur mihi omnino irra¬
778 443 1322 485 tionabilis; deficit enim in se: & in funda¬
779 472 1322 520 mento cui innititur, supponit enim pro fur¬
776 512 1334 558 damento: quod subiectum cuiuscunque
782 549 1332 591 accidentis sit ipsum compositum, vel saltem
783 572 1322 630 quod forma sit principale subiectum eorum:
780 609 1331 660 quorum vtrumque videtur falsum; nam si con¬
791 643 1331 691 positum ponatut subiectum omnium acci¬
782 685 1324 723 dentium, tunc nullum erit accidens quod te
774 712 1324 757 neat se magis ex parte formae, quam ex par¬
778 754 1002 804 te materiae.
794 756 1332 826 Vlterius si ponatur speclaliter, quod totum
775 811 1334 871 compositum sit subiectum quantitatis, sequi
781 853 1327 897 tur, quod quantitas sit quid superueniens
776 880 1329 933 toti composito, & quod inueniat ipsum in¬
784 915 1334 963 diuisibile, & illud extendendo faciat ipsum
779 949 1334 998 diuisibile; ita namque coguntur dicere, & ita
778 989 1331 1028 dicunt Ad quod sequuntur plura inconue¬
774 1014 1337 1069 nientia: Primo, quod indiuisibile, & non quam
780 1049 1327 1097 tum fiat diuisibile, & quantum, & per consa
779 1088 1329 1140 quens, quod non corpus fiat corpus, quae
782 1130 1335 1167 omnia per Commentatorem inconuenien¬
776 1152 1330 1203 tia sunt, sicut patet in suo tractatu de sub¬
779 1195 943 1241 stantia orbis.
792 1223 1332 1267 Secundo sequitur, quod receptum non
780 1257 1332 1303 reciperetur in recipiente, secundum naturam
778 1290 1333 1338 & modum ipsius recipientis: sed magis e con¬
785 1323 1333 1377 uerso, secundum naturam ipsius, recepti: Nam
780 1357 1330 1405 compositum ex materia, & forma, cum sup¬
786 1394 1325 1436 ponatur indiuisibile (secundum hanc opi. re
789 1426 1326 1471 cipiet tamen quantitatem diuisibiliter secun
782 1462 1324 1512 dum modum, & naturam ipsius quantitatis
780 1492 1333 1545 quod videtur derisorium, & dictum ad pla¬
782 1540 868 1578 citum.
813 1539 1326 1611 Tertio sequitur, quod accidens praecedas
783 1593 1322 1649 proprium subiectum, saltem ordine naturae
789 1625 1330 1680 quod facile apparet, constat enim (secudum
780 1662 1329 1713 istos) quod partes composit ex materia & for
781 1696 1325 1745 ma, sunt subiectum partium quantitatis, &
788 1730 1330 1777 non compositum ipsum, nec habet aliquas
795 1772 1333 1818 artes, nisi per aduentum quantitatis, quia
783 1800 1332 1845 ante quantitatis aduentum totum est indiui
788 1837 1333 1881 sibile: Relinquitur ergo, quod partes quanti
790 1867 1339 1915 tatis ordine naturae sint praeuiae partibus sub
783 1902 1331 1952 stantiae compositae, & per consequens acci¬
783 1936 1332 1983 dens erit praeuium subiecto; Neque valet si
782 1972 1337 2016 dicatur, quod idem inconueniens sequetur
793 2005 1333 2049 ponendo materiam esse subiectum quantita
784 2048 1338 2089 tis; quia non sic ponitur materiam esse subie
778 2071 1330 2134 ctum quantitatis, quod superueniat quanti
