1500 2329
138 140 706 193 tas de nouo ipsi materiae, & inueniat eam in
148 185 713 233 diuisibilem, quia tunc idem inconueniens se
153 222 705 263 queretur vtrobique, sed ponitur, quod ma¬
157 260 705 298 teria sit subiectum quantitatis; ita tamen, quod
150 289 703 326 nunquam adueniat sibi de nouo, sed semper
148 326 704 367 fuerit cum ea, & per consequens semper fuim
155 358 703 398 diuisa, & extensa, inextensa, & indiuisa. Illi
155 393 711 433 autem, qui ponunt subiectum quantitatis ip
150 425 706 468 sum compositum, vel formam substantialem,
155 462 706 501 coguntur dicere, quod quantitas corrumpa¬
150 495 714 538 tur cum composito, & forma, & quod de non
155 533 717 574 uo adueniat, & per consequens, quod non
159 561 715 611 quantum fiat quantum, & multa alia quae su
150 598 686 642 perius sunt enumerata.
191 627 713 675 Praeterea deficit eorum fundamentum po
152 667 710 704 nendo formam substantialem esse prius su¬
154 698 713 740 biectum quantitatis, quam materiam, hoc. enm
163 740 717 774 expresse est contra Comm. (vt dictum est su
159 768 721 811 perius) & si verum esset, sequeretur, quod ma
162 799 708 843 teria diuideretur secundum diuisiones for¬
161 835 721 876 me, & non e conuerso, quod est absurdum
162 870 721 911 secundum Com. vt superius patuit, quia tuc
161 904 712 942 materia esset actualior forma, cum talis diui
164 936 718 981 sio accidat propter potentialitatem, ex quibus
162 973 716 1010 apparet, quod non solum anima intellectiua
164 1008 716 1044 non est extensa, sed nec etam quaelibet alia ala¬
198 1044 714 1084 Teneo ergo conclusionem oppositam sci¬
164 1072 723 1117 licet animam intellectiuam nullo modo esse
158 1108 718 1154 extensam, quod probo, primo accipiendo cau
164 1144 722 1183 sam ex ijs quae dicta sunt in praecedenti arti¬
162 1184 720 1219 culo: nam si anima intellectiua extenderetur
166 1215 715 1257 per quantitatem, vel hoc esset, quia quanti¬
170 1248 717 1287 tas sequeretur eam afficiendo, & informan¬
172 1283 718 1321 do, vel quia praeueniret eam cooperando
165 1314 724 1356 suae receptioni in materia, non enim apparent
175 1348 725 1389 plures modi, quibus possit extendi per quam¬
170 1390 722 1428 titatem, non potest autem dici, quod sequa¬
172 1416 720 1459 tur eam informando, & afficiendo, quia iam
178 1456 724 1488 probatum fuit, immediate quantitatem non
172 1487 721 1530 sequi formam, sed materiam tanquam suum
168 1521 612 1563 subiectum, quod per eam afficitur,
169 1551 721 1597 Vlterius non potest dici, quod preueniat
170 1588 730 1629 eam cooperando suae productioni, quia non
173 1618 726 1664 educitur de potentia materie, vt aliae formae
172 1660 718 1699 materiales, quae extenduntur: nec etiam po¬
180 1691 728 1730 test dici quod praeueniat eam cooperando
174 1726 730 1765 suae receptioni in materia, quia hoc repugnat
173 1756 724 1798 omni formae substantiali (vt superius visum
177 1791 733 1835 fuit: Nullus ergo relinquitur modus, quo
180 1826 725 1872 possimus dicere eam esse extensam per quam¬
182 1863 293 1903 titatem.
206 1892 735 1936 Secundo, si anima intellectiua esset exten
173 1924 727 1974 sa cum corpore sequeretur, quod non esset
177 1965 730 2002 tota in toto, & tota in qualibet parte. Conse¬
182 1993 732 2040 quens est falsum, ergo &c. Consequentia est
183 2035 730 2074 nota; Falsitas patet per P. Aug. superius alle¬
184 2067 728 2117 gatum, tam in 8. de Trin. quam etiam in ser¬
738 152 1299 196 mone de imagine; vtrobique enim dicit ani¬
740 189 1294 232 mam intellectiuam esse totam in qualibet parte.
778 221 1295 259 Tertio sequeretur: quod intellectus sic
740 260 1299 291 esset mixtus cum corpore, sicut quaecunque
738 291 1303 330 alia forma, quod est falsum, per Aristo. 3. de
735 323 1295 363 anima, vbi vult intellectum esse immixtum:
744 355 1292 399 Consequentiam probo, quia quantitas est ac
741 390 1295 433 cidens materialius, & corporalius omnibus
736 430 1301 469 alijs accidentibus; & ideo cui communicatur
741 463 1301 502 esse quantum, maxime miscetur cum corpo
744 493 1294 539 re, & cum materia; & confirmatur, quia cuicum¬
751 531 1299 575 que communicatur esse quantum, secudum
743 559 1301 602 quod inuenitur in mistis, & elementis, com
739 593 1309 641 municantur etiam sibi qualitates, quibus mi¬
747 632 1299 667 sta, & elementa necessario sunt coniuncta;
750 666 1305 706 sicut calor, & frigus &calia: Sequeretur er¬
745 700 1297 743 go, quod intellectus esset calidus, vel frigi¬
744 739 1303 778 dus, vel aliud tale, quod Arist. habet pro ma¬
746 772 1300 813 gno inconuenienti in 3. de anima: apparet er
746 800 1298 851 go falsum esse ponere animam intellectiuam
744 834 1092 881 esse extensam per accidens
777 846 1296 911 Vlterius probo, quod istud sit impossibile
748 900 1304 949 dupliciter: Primo sic, si anima intellectiua es
748 939 1298 977 set extensa cum corpore, sequeretur, quod
755 977 1300 1015 esset corruptibilis quod est falsum, Consequentia
757 1009 1297 1050 patet, quia quod extenditur cum alio, potest
750 1039 1301 1085 diuidi cum eo, & quia diuisio est causa cor¬
749 1070 1301 1113 ruptionis, pari ratione potest corrumpi cum cor¬
756 1109 1308 1152 pore, Falsitatem probo, quia illud, quod non
746 1150 1301 1186 dependet a corpore, impossibile est quod con
750 1179 1306 1219 rumpatur ad corruptionem corporis, alioquin
756 1213 1303 1247 dependeret, & non dependeret, & sic pone¬
752 1246 1307 1288 rentur incompossibilia: Intellectus autem non
752 1279 1311 1327 dependet a corpore, eum non sit eductus de
754 1314 1097 1361 potentia materiae, ergo.
773 1345 1301 1392 Secundo sequeretur, quod intellectus es¬
760 1384 1306 1424 set arctatus ad cognoscendum solum particu
754 1412 1302 1459 laria: Consequens est falsum, & impossibile;
761 1452 1301 1491 ergo & antecedens: Consequentia patet, quia
753 1484 1305 1527 illud, quod est extensum, nullo modo abstra
753 1518 1306 1564 hit ab hic, & nunc, & per consequens quic¬
754 1549 1308 1594 quid recipit, particulariter recipit. Impossibi
754 1583 1311 1621 litas consequentis patet, quia si intellectus
762 1617 1312 1659 sic esset arctatus, non esset intellectus, sed
755 1656 1312 1696 magis esset sensus: nam per hoc praecipue con
762 1689 1309 1738 gnoscitur differentia inter intellectum, &
754 1721 1308 1764 sensum. Sed contra hanc rationem duae se of¬
758 1757 1311 1798 ferunt instantiae, prima est, quia posset aliqu
761 1790 1309 1833 dicere, quod dato, quod intellectus esset quan
758 1827 1311 1867 tus, non tamen reciperet particulariter, quia
762 1868 1308 1903 quantitas non esset sibi ratio recipiendi; nec
765 1893 1307 1938 oportet, quod omnis conditio quae est
760 1924 1216 1967 in recipiente, sit sibi ratio recipiendi¬
799 1954 1311 2005 Secunda instantia est, quia non videtur,
763 1997 1313 2039 quod quantitas impediat cognitionem vni¬
769 2032 1318 2070 uersalis; nam magis repugnat singularitas
769 2059 1322 2117 vniuersalitati, quam ipsa quantitas, & tamen
