1500 2339
208 127 762 200 fingularitas non impedit, videmus, nm quod
211 186 755 224 intellectus est quoddam singulare. Illud
210 220 754 260 etiam, quod est in intellectu, est singulare,
217 253 755 294 &tamen ducit in cognitionem vniuersalis.
249 284 765 332 Ad primam dico, quod quamuis non om
212 322 755 368 ne, quod est in recipiente, sit ratio recipien¬
210 357 751 394 di, nihil tamen esse debet in eo, quod repu¬
206 395 759 439 gnet recepto, vel rationi recipiendi, nunc
210 431 755 469 autem esse quantum, & esse hic, & nunc, re¬
210 461 754 506 pugnat vniuersali, & ei, quod est ratio reci¬
214 492 753 532 biendi vniuersale; & per consequens omni-
208 526 514 577 no repugnat intellectui.
239 559 757 601 Ad secundam dico, quod duplex est sin¬
205 598 753 643 gulare, quoddam est materiale, quod est si¬
198 628 753 676 gnatum ad hic, & nunc, & tale bene repu¬
198 665 750 710 gnat vniuersali, & impedit cognitionem vni
206 703 752 744 uersalis, immo esse quantum ideo impedit,
205 732 746 778 quia facit talem singularitatem: Aliud
206 772 743 810 vero est singulare immateriale, & per conse¬
195 801 747 841 quens non dependens a loco, &tempore, &
200 837 754 880 tale singulare proprie loquendo nec habet
199 868 751 907 esse hic, neque nunc, quia non mensuratur
207 905 749 951 loco, vel tempore, & ideo neque repugnat vni
203 943 754 979 uersali, neqe impedit cognitionem ipsius, cu
200 972 745 1012 iusmodi est intellectus, & quicquid ponitur
196 1008 743 1050 in intellectu, hoc n non est in ipso tanquam
197 1046 743 1085 in loco, sed tanquam in subiecto.
231 1077 753 1115 Concludo ergo ex ijs omnibus, animam
199 1109 737 1151 intellectiuam nullo modo esse extensam, &
197 1144 744 1183 tamen hoc non obstante, vere homo est cor¬
192 1174 744 1225 pus de genere substantiae eo modo quo fuit
195 1215 742 1258 declaratum in primo articulo : vere etiam
191 1244 734 1285 dicitur extensus, & tamen sola altera pari
199 1282 736 1327 est extensa, nam ficut dicunt quidam, illud
195 1322 732 1363 quod competit vni parti, natum si na sit compe¬
191 1347 738 1387 tere alijs partibus, potest denominare totum
193 1385 736 1425 sicuti uidemus, quod crispitudo, quae deter
190 1418 736 1456 minat sibi solum caput, neque potest compe¬
192 1449 735 1492 tere aliis partibus, denominatum totum, homi
192 1485 738 1526 nem. Vel possumus dicere, quod quamuis
185 1521 727 1557 anima intellectiua non sit extensa, habet ta¬
187 1556 737 1592 men vnum esse cum materia, quae est exten
184 1586 728 1632 sa, ratione cuius vnitatis rotus homo potess
188 1625 735 1660 denominari extensus. Possum etiam dicere
187 1658 729 1700 tertio, quod quamuis anima intellectiua non
188 1694 731 1734 extendatur, determinat tamen materiam ad
188 1723 729 1763 talem, & tantam extensionem, ratione cuius
183 1760 735 1804 determinationis supposita vnitate, quae dicta
187 1793 740 1834 est modo, extensio ipsa non attribuitur soli
181 1826 723 1865 materiae, sed toti congregato.
217 1860 737 1899 Nunc ergo restat respondere ad motiua
188 1895 421 1944 alterius opinionis.
221 1930 724 1971 Ad primum dico, non esse inconueniens
180 1961 733 2009 immo necessarium esse ponere, quod mate¬
182 1995 727 2036 ria sit subiectum quantitatis: Ad probatio¬
180 2032 725 2071 nem vero cum dicunt, quod tunc id essei
174 2063 731 2118 corpus in genere substantiae magis per ma¬
795 139 1357 198 teriam, quam per formam: istud etiam non
795 189 1353 231 debeo habere pro inconuenienti secundum
788 223 1261 261 ea, quae dicta sunt in primo articulo.
821 256 1347 296 Cum vero vlterius addunt, quod omnia
793 291 1359 335 praedicata essentialia magis competunt rei pros
789 326 1343 372 formam, quam per materiam, dico, quod ve¬
790 357 1338 403 rum est, ubi per talia praedicata essentialia
787 396 1345 440 fit distinctio inter ea quae sunt eiusdem ge¬
791 430 1345 474 neris naturalis, quia talis distinctio principa
790 463 1337 505 lius fit per formam, quam per materiam, sed
791 496 1338 532 vbi per praedicata essentialia fit distinctio inter
791 533 1335 574 ea, quae sunt diuersorum generum, possunt
784 567 1335 609 distingui principalius per materiam; vel
796 598 1342 644 quia non habent eandem materiam, vt qui¬
785 634 1339 673 dam dicerent, vel quia unum eorum habet
785 673 1339 713 materiam, & alterum non, & ita vtique vide
784 699 1343 743 tur esse in proposito, substantia nm corpora¬
790 741 1332 776 lis distinguitur a spirituali secudum genus,
785 776 1333 815 quia ista habet materiam, & illa non.
815 805 1335 847 Ad secundum dico, quod non solum est
783 840 1331 876 inconueniens, immo necessarium, quod, via
778 874 1326 914 originis, & dispositiue materia prius actue¬
786 910 1335 943 tur per actum accidentalem, quam per a¬
788 943 1327 982 ctum substantialem, via tamen perfectionis,
780 978 1335 1016 & complementi est e conuerso, quia quae
782 1009 1333 1047 sunt priora generatione, sunt posteriora per
778 1045 1333 1084 fectione; & eodem modo dicendum est ad
784 1081 1328 1117 tertium, quia actus secundum quid, & acci¬
781 1116 1331 1155 dentalis potest praecedere actum simpliciter,
778 1146 1333 1182 & substantialem secundum dictum modum
777 1184 1324 1221 AD RATIONES PRINCIP ALES.
846 1213 1319 1255 D primam dico, quod consequentia
786 1215 1318 1292 non est vera aliquo modo, quia anima
772 1279 1325 1320 non dat esse corporeum in genere substan¬
777 1317 1327 1357 ti e praeueniendo materiam, sed magis eam
771 1350 1315 1391 sequendo, quamuis det esse secundum detei
768 1388 1322 1427 minatam speciem illius generis materiam
773 1419 1241 1461 praeueniendo, vt superius fuit visum
795 1456 1317 1489 Ad secundam dico, quod vegetatiua, &
764 1485 1323 1526 sensitiua aliquo modo sunt distincta ab intel
771 1523 1317 1559 lectiua, secundum quem modum non con¬
766 1558 1314 1593 tinentur in ea, & sic non repugnat eis exten
763 1590 1316 1632 di, quia educuntur de potentia materiae, quen
765 1623 1312 1663 admodum aliae formae materiales; in quan¬
765 1663 1315 1703 tum vero continentur in intellectiua, & sunt
762 1695 1317 1735 ab ea indistinctae, nullo modo extenduntur,
767 1730 1317 1774 &c. & haec sufficiant pro octaua distinct. :
773 1796 1315 1836 DISTINCTIONIS NONA
845 1855 1240 1908 QV.AESTIO PRIMA
769 1917 1321 1980 Vtrum generatio in diuinis distinguat Filium
971 1964 1317 2010 a Patre.
