1500 2349
243 155 748 235 Secundam etiam conclusionem probo
195 213 335 270 dupliciter.
237 235 750 297 1 Si generatio non esset per se principium
197 270 746 330 distinctionis sequeretur, quod non esset por
195 313 746 356 se principium assimilationis, quod est falsum,
189 347 745 400 vt patet ex conclusione praecedente, Conse¬
190 381 742 430 quentiam probo, quia vbi nulla est distin¬
196 416 738 461 ctio, ibi non potest esse proprie assimilatio
195 449 746 497 immo magis est ibi identitas, & ideo omnis
187 485 744 527 assimilatio proprie dicta includit necessario
194 521 748 568 realem distinctionem: sequitur ergo, quod
188 552 750 597 nihil possit esse principium talis assimilatio¬
193 587 714 645 nis, nisi sit principium talis distinctionis.
223 621 743 669 2 Si generationi non competeret per se
192 655 744 708 realis distinctio, sequeretur, quod posset sta
185 689 749 741 re cum opposito ipsius, puta cum reali iden
192 723 746 779 titate, hoc autem est falsum, quia tunc idem
185 758 744 812 generaret se ipsum, quod est absurdum, &
192 794 748 847 contra Augustinum primo de Trinit, cap.
185 824 742 878 3. Consequentia patet, quia quando aliquid
185 861 750 919 non competit alicui per se, non repugnat si¬
193 897 532 955 bi stare cum opposito eius.
223 920 751 997 Tertiam conclusionem probo etiam du¬
188 959 303 1026 pliciter.
253 985 752 1052 lllud primo, & magis proprie compe¬
195 1032 745 1089 tit generationi, quod est magis intentum ab
190 1065 749 1125 ipso generante: Assimilatio est magis inten¬
188 1098 742 1151 ta ab eo, quam distinctio; ergo &c. Maior
192 1137 745 1185 est nota: Minorem probo, quia assimilatio est
188 1170 748 1223 perfectior ipsa distinctione, cum habeat se per
194 1201 742 1250 additionem ad cam, quemadmodum species
186 1237 744 1302 supra genus, ergo per se, & primo est ab eo
190 1280 291 1334 intenta
211 1297 749 1361 2. Itlud magis proprie est de ratione ge¬
199 1341 750 1396 nerationis, quod competit sibi per aliquid ma¬
193 1374 743 1430 gis essentiale: sed assimilatio competit illi por
193 1412 745 1466 aliquid magis essentiale, quam competat di¬
193 1444 748 1499 stinctio, ergo &c. Maior patet, Minorem pro
195 1477 746 1532 bo, quia assimilatio competit sibi per formam,
191 1511 744 1570 vt forma est, quod patet per Com.7 Metaph¬
193 1547 743 1602 com. 27. vbi dicit, quod generans, & genera
193 1582 754 1636 tum sunt idem in forma, distinctio vero vide
194 1616 753 1672 tur competere generationi per aliquid anne
188 1648 749 1696 xum formae, quicquid sit illud, forma au¬
199 1684 745 1747 tem magis essentialiter pertinet ad genera¬
193 1717 742 1772 tionem, quam ad aliquid aliud sibi anne¬
195 1747 749 1808 xum, quia specificatur per formam, & non
195 1784 738 1846 per aliud annexum formae. Concludo ergo
222 1816 712 1876 breuiter pro hoc articulo, quod quam¬
269 1853 677 1910 nis generatio sit per se assimila¬
295 1885 643 1953 tiua, & per se distinctiua, pri
325 1922 584 1980 mo tamen, & magis
362 1955 578 2017 prie est assimilat
405 1991 552 2048 ua, quam di
432 2025 517 2076 stincti¬
450 2060 504 2121 ua
818 157 1317 233 ARTICVLVS SECVNDVS
788 230 1330 288 Vtrum Filius per generationem distingua¬
849 274 1262 314 tuc a Patre numero, vel specie.
867 448 1338 497 D hoc dico, quod non distinguitur spe
784 461 1337 534 cifice, nec numeraliter, quia cum in Deo
774 519 1331 566 non inueniatur proprie ratio generis, neque
777 547 1339 598 ratio speciei, vt potest patere ex ijs, quae di¬
779 585 1349 626 cta fuerunt in distinctione praecedente, se¬
783 620 1339 668 quitur etiam, quod nec distinctio specifica,
789 657 1353 693 vel numeralis proprie dicta habeat ibi locun:
782 679 1353 738 & ideo tota difficultas huius articuli stat in
776 724 1334 774 videndo. Vtrum talis distinctio magis assi¬
779 754 1329 808 miletur distinctioni specificae, quam distin¬
781 790 1178 836 ctioni numerali, vel e conuerso.
811 825 1343 873 Ad quod videtur mihidicendum simplici
778 857 1329 898 ter, quod magis assimiletur distinctioni nu¬
780 892 1326 931 merali in vnitate speciei, quam disti nction
782 927 1139 986 specificae, in vnitate generis.
818 950 1323 1013 Quam conclusionem probo sex rationibus
826 994 1325 1047 Quanto aliqua generatio est perfectior
778 1030 1334 1074 tanto maior est ibi similitudo geniti ad gi¬
780 1064 1342 1118 gnentem: sed diuina generatio est perfectif
776 1098 1344 1142 sima, ergo est ibi maxima similitudo filij ge
775 1134 1349 1177 nerati ad patrem generantem : Vbi autem
777 1166 1342 1207 est distinctio specifica, non potest esse simili
781 1202 1349 1242 tudo maxima: ergo magis assimilatur distin
780 1238 1340 1280 ctioni numerali, quam distinctioni specifice:
784 1271 1342 1319 Minor est nota, & Maior patet ex ijs, quae
787 1303 1332 1344 dicta sunt in praecedente articulo, Confirma
781 1344 1343 1390 tur per Damascenum lib. primo cap. 8. vbi¬
781 1368 1330 1412 dicit, quod generatio est de se ipso (scilicet,
779 1410 1341 1458 ex propria substantia) simile secundum na¬
783 1444 985 1489 turam generare.
815 1468 1327 1514 2 Vbi inuenitur perfecta ratio patris, &
780 1505 1332 1550 filij; ibi est assimilatio specigi, & distinctio nu
776 1539 1327 1583 meralis: sed in dicta generatione est perfe¬
784 1576 1311 1620 cta ratio patris, & filij, ergo &c. Maiorem
782 1590 1337 1651 bo per Augustinum contra Felicianum, vbi
780 1652 1333 1691 dicit, quod nunquam est perfecta ratio pa¬
780 1680 1333 1721 tris, & filij, nisi vbi maxima est similitudo;
777 1720 1332 1758 haec autem maxima similitudo non inueni¬
784 1743 1333 1798 tur, nisi vbi est vnitas speciei; ergo &c. Mi¬
783 1778 1345 1825 nor apparet ex pluribus locis Sacrae Seriptu
781 1827 1339 1860 rae, vnde Apostolus ad Ephesios tertio, sle¬
784 1852 1333 1895 cto genua mea ad patrem domini nostri lesu
781 1885 1333 1941 Christi, ex quo omnis paternitas in caelo, &
780 1921 1028 1973 in terra nominatur.
856 1944 1338 2003 Quanto parens fuerit perfectior, tanto
787 1969 1333 2038 proles erit similior: Sed Deus pater est patens
792 2020 1339 2071 perfectissimus, ergo & filius est proles sibi
782 2056 1347 2104 maxime similis: Minor est nota: Maiorem
782 2093 1353 2146 probo per Anselmum Monolg. 15 vbi dicit,
