1500 2325
195 160 747 206 distinguitur a filio, quam filius a Spiritu
192 204 305 253 Sancto.
232 233 753 276 2 Confirmatur, quia qua ratione non pos
194 264 742 308 sunt ibi plurificari productiones eiusdem spe
200 307 748 345 ciei, & rationis, pari ratione videtur, quod
190 340 748 385 non possint ibi plurificari personae, quae sint
198 365 540 417 eiusdem speciei, & rationis.
226 406 744 447 3 Principia productionum sunt alterius
193 442 745 485 rationis, ergo, & producta. Consequentia vi¬
197 470 748 512 detur nota, quia non debet esse maior distin
192 512 742 550 ctio in principiatis, quam in principijs: Ante
189 540 741 585 cedens patet, quia intellectus, & voluntas,
189 582 747 618 quae sunt principia ipsarum productionum,
192 609 747 660 sunt potentiae alterius rations, saltem for¬
188 644 294 685 maliter,
223 661 741 714 Ad euidentiam ergo istarum rationum in¬
198 713 755 755 telligendum, quod quidam volentes eas vi¬
187 745 742 786 tare, dicunt, relationes, per quas constituun¬
186 777 741 821 tur personae, non differre specle, quia fundan
184 816 568 853 tur super eodem fundamento.
212 846 745 887 Sed istam responsio non potest stare: Primo
187 887 741 928 quia videmus etiam increaturis, quod super
191 923 741 958 eodem fundamento fundantur diuersae rela
183 946 747 986 tiones secundum speciem; sicut scientia fun¬
183 986 740 1025 dat relationem mensurati respectu scibilis, &
189 1019 741 1056 relationem similitudinis respectu alterius
187 1051 739 1090 scientiae eiusdem speciei. Secundo, quia, non
180 1083 742 1125 ideo praefatae relationes non differunt spe¬
189 1120 736 1161 cie, quia fundantur super eodem fundamen
186 1153 732 1199 to; nam pari ratione, non differrent nec etiam
178 1192 736 1229 numero, quia magis repugnat plura aceide¬
184 1224 730 1260 tia solo numero differentia fundari in eodem,
184 1249 747 1298 quam accidentia differentia secundum spe¬
184 1294 730 1331 ctem. Tertio, quia si differrent solo numero,
184 1321 730 1359 tunc essent relationeslsimiles, & eiusdem ra
184 1355 516 1402 tionis, quod est absurdum
206 1386 730 1433 Et ideo alij aliter respondent, dicentes, quod
190 1425 734 1463 si loquamur de dictis personis in quantum
188 1457 733 1499 habent naturam, & essentiam vnam, sic sunt
186 1492 732 1534 vnius speciei; si vero loquamur d eis in quam
178 1521 734 1568 tum constituuntur per proprietates relati¬
178 1565 732 1605 uas specifice distinctas, sic distinguuntur
179 1597 730 1632 quasi specifice: haec responsio videtur Henri
178 1626 738 1668 ci in summa sua, art oo. qui4 in solutione se¬
178 1659 735 1713 ptimi argumenti.
221 1691 735 1737 lste etiam modus respondendi mihi vide
184 1728 732 1767 tur, deficere dupliciter. Primo, quantum ad
187 1758 730 1799 hoc, quod ponit diuinas personas distingui
183 1800 732 1834 ab inuicem specifice, & numeraliter; non enim
188 1832 732 1874 videtur rationabile, quod illa, quae omnino
182 1863 730 1902 simplicia sunt, distinguantur abinuicem se¬
179 1896 735 1940 cundum duos modos. Diuinae ergo personae,
182 1932 721 1970 vel distinguentur abitiuicem solo numero
178 1950 735 2010 & sic nusso modo specifice; vel si distinguum
178 2000 733 2038 tur, non distinguentur numeraliter, nisi pro¬
184 2034 731 2073 sit distinctio numeralis includitur in distin¬
182 2067 733 2115 ctione specifica: dicere ergo, quod secundum
774 154 1338 212 aliud sint vnins speciei, & secundum aliud¬
773 206 1326 244 alterius speciei, est dicere, quod aliquo mo¬
776 239 1334 275 do sint compositae, Praeterea deficit, quia po¬
774 271 1339 308 nit, quod diuinae personae sint vnius speciei,
778 307 1339 343 in quantum habent vnam essentiam: quod.
777 342 1341 376 si est bene dictum, sequitur pari ratione.
775 371 1264 417 quod sint vnum secundum numerum
799 405 1324 454 Et ideo adhuc alij respondent aliter, di¬
779 442 1328 477 cunt enim, relationes constituentes diuinas
778 477 1325 514 personas posse dupliciter accipi; vno modo
769 513 1331 549 in quantum sunt constitutiuae personarum,.
770 545 1335 583 & sic non distinguuntur specifice, ex hoc n.
775 577 1330 622 constituunt, quia contrahunt quadam quasi
775 611 1331 651 virtutem formae substantialis ab essentia; &
770 646 1340 687 quia essentia est vna, non trahunt ab ea di¬
771 679 1341 725 uersitatem specificam, sed manent in vnita¬
774 714 1314 751 te speciei. Alio modo possunt accipi, in quan
769 748 1328 789 tum relationes sunt, & sic distinguuntur spe
769 782 1339 818 cifice, non tamen communicant istam distin
771 813 1315 855 ctionem personis, quia relatio, vt relatio est,
767 851 1329 894 non intrat distinctionem personae, quod pa¬
764 879 1325 922 tet per definitionem personae quam assignat Doet.
769 916 1321 955 Persona est rationalis naturae indiuidua sub
772 949 1158 992 stantia.
797 984 1321 1030 Sed neque ista responsio videtur bona,
773 1019 1329 1062 propter tria
799 1052 1330 1091 Primo, quia dato, quod relationes habe¬
760 1089 1333 1129 rent virtutem constitutiuam ab essentia ali¬
763 1122 1331 1164 quo modo, non tamen haberent ex ea virtu¬
762 1156 1322 1192 tem distinguendi, cum ipsa sit vna, & sim¬
770 1188 1035 1228 plicissima.
787 1224 1334 1262 Secundo, quia si praefatae relationes essent
763 1261 1312 1298 eiusdem specier in quantum constitutiuae, &
766 1292 1315 1328 & alterius speciei inquantum relationes, se¬
765 1326 1319 1366 queretur, quod essent compositae ex eo in quo
762 1361 1316 1397 conuenirent secundum speciem, & ex eo in
767 1395 1321 1436 quo differrent, quia impossibile est, quod ali¬
774 1429 1317 1472 ua sint eiusdem speciei, & alterius, secundum
756 1462 1309 1498 idem, dicere autem, quod relationes sint con¬
762 1493 1321 1534 positae, & maxime relationes diuinae, videtur
763 1523 1321 1569 omnino absurdum.
776 1562 1318 1605 Tertio, quia si relationes essent constitu¬
760 1597 1308 1642 tiuae non in quantum relationes, sequeretur
761 1631 1317 1672 quod constituerent suppositam non relatiua,
765 1658 1313 1708 quod non est dicendum.
783 1700 1319 1744 Et ideo videtur esse dicendum, quod di¬
765 1733 1327 1776 uinae relationes, quae personas constituunt,
761 1761 1326 1806 sunt distinctae secundum speciem, & hoc non
754 1803 1315 1844 obstante, persona: per eas con:itutae distin¬
754 1835 1316 1874 guuntur ad modum indiuiduorum sub vna
764 1871 1313 1911 pecie, hoc autem ideo contingit, quia perso
765 1904 1309 1940 nae non constituuntur per eas in esse speci¬
761 1932 1304 1981 fico, sed quasi in esse indiuiduali, ita vt ma¬
766 1970 1304 2015 gis sint differentiae quasi materiales, quam
773 2001 1312 2054 uasi formales, quemadmodum videmus in
758 2032 1300 2080 istis inferioribus, quod sexus masculinus, &
756 2070 1307 2118 foemininus, quantumcunque sint distincti spe
