1500 2369
139 157 697 206 detur esse aliud, quam quaedam dissimilium
133 204 692 246 proportio; & ideo conuenionter Deatus Au
130 239 687 282 gust. accipit in definitione ordinis parita¬
130 273 692 316 tem, & disparitatem, sicut patet in auctorita¬
135 304 538 352 te superius allegata.
165 341 689 383 Ex quibus omnibus possumus colligere,
135 376 690 419 quod tria requiruntur ad hoc, quod inter a¬
137 407 695 452 liqua sit ordo; Primo, quod sint distincta,
130 447 688 489 quia nihil proprie loquendo habet ordinem
135 485 689 520 ad se ipsum; Secundo, quod sint dissimilia,
137 517 693 557 quia ea, quae sunt omnino similia, non potest
138 549 692 587 dici quod vnum eorum habeat rationem prin
134 581 688 624 cipij alterius, magis quam e conuerso: Ter¬
130 616 686 656 tio, quod inter ea sit habitudo terminata ac
133 647 697 698 aliquid, quod habeat rationem principij, vel
134 684 216 734 primi.
172 716 693 761 Cum ergo quaeritur, vtrum inter patrem
143 749 693 793 & filium in diuinis sit aliquis ordo, dico,
137 787 694 826 quod ibi est ordo communiter dictus, quia
141 827 694 866 est ibi mutua relatio, est etiam ibi ordo pro¬
134 857 691 904 prie dictus, quia habitudo filiationis, quae est
141 892 693 935 in filio, terminatur per ipsum patiem, qui
135 928 697 972 est principium filij, sicut patet per Augusti¬
137 962 695 999 num 5. de Trinitate cap 20. vbi ait, quod gi
139 995 699 1042 gnens ad illud, quod gignitur principium
138 1026 509 1075 est, & haec de primo articulo.
174 1093 663 1146 ARTICVLVS SECVNDVS.
150 1162 694 1204 Vtrum concesso tali ordine, necessario sit
182 1199 669 1248 concedendum, Patrem esse priorem
387 1232 458 1277 Filio.
227 1334 703 1379 D hoc dicunt aliqui, quod sic; ldque
155 1349 540 1422 probant quadrupliciter.
176 1404 702 1450 Primo sic. Vbicunque est ordo, ibi necessa
142 1440 696 1477 rio est prius est posterius; Sed inter patrem.
148 1476 698 1520 & filium est ordo, ergo prius, & posterius;
147 1508 701 1552 non est autem dicendum, quod pater sit po
148 1544 702 1582 sterior filio, ergo prior, & per consequens
142 1578 702 1626 fillus posterior: Minor conceditur; Maior
142 1608 700 1661 probatur, quia semper ordo accipitur per com
144 1647 702 1695 parationem ad aliquod pr incipium, sicut et
150 1681 698 1733 patet ex articulo praecedente, vbi autem non
152 1715 702 1758 inuenitur ratio prioris, & posterioris, sed omia
147 1747 700 1794 sunt penitus simul, ibi non est aliquid, quod
148 1788 700 1834 possit habere rationem principij respectu al
151 1818 555 1864 terius, magis quam e conuerso.
174 1860 711 1895 Secundo, vbi est originans, & originatum,
141 1885 704 1939 ibi prius & posterius, sed pater in diuinis est
146 1919 708 1959 vere originans, & filius vere originatus, ergo
147 1960 706 2005 pater est prior, & filius posterior: Minor con
150 1994 706 2035 ceditur; Maior probatur: quia sicut in ijs,
154 2033 708 2071 quae distinguuntur secundum naturam, ori¬
145 2062 710 2115 ginans est prius originato naturaliter, ita
153 2093 706 2152 in ijs, quae distinguuntur sola origine, orig
718 160 1274 211 nans debet esse prius originato originaliter
745 203 1273 251 Confirmatur, quia videmus, quod prius,
718 237 1281 278 & posterius secundum naturam possunt sta
715 274 1271 313 re cum simultate durationis, nam subiectum
722 309 1270 350 cum sit prius natura propria passione, quis
721 342 1276 389 est ab ea independens, est simul cum ea du¬
716 374 1281 423 ratione, ergo eodem modo potest stare prius
721 409 1275 446 & posterius secundum originem cum simul
725 442 1277 481 tate durationis, & naturae, & per consequens
719 477 1285 521 non obstante, quod pater, & filius sint simul
723 511 1274 554 secundum durationem, quia habent vnam du¬
718 545 1279 588 rationis aeternitatem, & etiam quod sint si¬
726 588 1276 623 mul secundum naturam, quia habent vnam
722 617 1275 663 naturam, poterit vnus esse prior alio secun¬
717 648 950 699 dum originem.
765 683 1282 731 Tertio, si aliqua causa obstaret, quare pa¬
724 719 1282 765 ter non esset prior filio in diuinis, esset simul
719 755 1277 792 tas relatiuorum, quia non solum sunt simul
723 788 1275 826 secundum naturam, sed etiam secundum ra¬
719 819 1279 859 tionem, cum vnum non poscit intelligi sine
721 853 1280 904 altero, sed ista causa non obstat, ergo nulla
722 899 1283 937 alia. Maior est nota, quia ista assignatur pro
726 929 1282 970 potissima causa a tenentibus contrarium: Mi¬
728 960 1285 996 nor probatur, quia prius, & posterius sunt re
724 992 1283 1030 latiua, & tamen hoc non oostante, prius est
718 1026 1276 1075 prius per continentiam, & etiam causa, &
725 1065 1287 1112 effectus sunt relatiua, & tamen causa est pri
722 1096 1220 1144 or effectu, cum sit ab eo independens
767 1132 1285 1180 Quarro, vbi est dare primum, & secundum
728 1164 1278 1214 ratione originis, ibi est dare prius, & poste¬
726 1198 1274 1243 rius, sed hoc est in proposito, ergo &c Ma¬
732 1233 1277 1282 por est nota, quia sicut secundum sequitur
733 1269 1279 1317 ad primum, ita posterius sequitur ad prius,
728 1301 1277 1342 & sic primum dicitur relatiue ad posterius.
736 1340 1282 1384 Minor probatur, quia sicuti patet ex eo quod
731 1372 1282 1419 principium filij habet rationem primi, quia
733 1404 1281 1441 ibidem est principium, & primum, vt supe¬
735 1439 1285 1488 rius dicebatur, ita pari ratione filius ex eo
734 1473 1292 1521 quod principiatum, habet rationem secundi.
765 1512 1287 1553 lsta opinio potest confirmari per Riccar¬
729 1539 1283 1589 dum, qui vult, quod in illa Trinitate, quam¬
737 1575 1285 1624 uis non sit prius, & posterius temporaliter,
732 1611 1290 1658 potest tamen ibi esse aliquo modo causali¬
735 1648 1287 1694 ter, & per consequens naturaliter; vnde in¬
731 1679 1294 1719 fert 5. de Trinitate cap. 7. quod in Trinitate
730 1723 1282 1759 nihil prius, aut posterius temporaliter repe¬
732 1752 1292 1786 riri potest, sed quod non potest esse prius te¬
738 1781 1286 1823 poraliter, potest esse prius causaliter, & ex
736 1816 1282 1856 hoc naturaliter, & origine, ergo &c.
774 1851 1287 1892 Contra istum modum dicendi est opinio
738 1884 1286 1927 communis, quae simpliciter negat prius, &
738 1919 1291 1968 posterius a diuinis personis: totale autem fun¬
739 1958 1296 1998 damentum, cui innititur est, quia si ibi esset
739 1987 1297 2034 prius, & posterius, vel hoc esset quantum ad
742 2023 1295 2067 absoluta, & hoc non, quia omnia sunt ibi v¬
738 2058 1295 2097 num, vel quantum ad relatiua, & hoc non,
741 2097 1301 2149 quia relatiua sunt simul, non solum secundum
