1500 2323
191 167 678 227 ARGVITVR QVOD NON.
160 212 703 263 IQI Spiritus Sanctus procederet per mo¬
198 241 709 289 dum voluntatis sequeretur, quod ei non
165 278 706 327 eommunicaretur natura diuina, quod est fal
163 315 707 352 sum; ergo &c. Consequentia probatur, quia
161 351 711 389 voluntas est posterior natura, & posterius
159 378 709 435 non est principium communicandi illud quod
160 415 280 460 est prius.
205 433 717 492 2 Si processio Spiritus Sancti esset per
165 478 711 518 modum voluntatis sequeretur, quod non es¬
166 516 709 558 set necessaria, quod est falsum, quia quicquid
166 557 704 592 est in Deo, est summe necessarium, Conse¬
161 584 712 624 quentiam probo, nam voluntas habet oppo¬
159 620 706 656 situm modum principiandi ab ipsa natura,
165 650 705 698 aliter non esset distinctum principium ab eo.
166 684 707 731 cum ergo processio per modum naturae sit
166 717 711 755 necessaria, sequitur quod processio per mo¬
165 753 666 800 dum voluntatislsit libera, & contingens
191 788 689 841 ARGVITVR PRO PARTE
362 819 504 866 affirmante¬
170 833 705 893 ILlud, quod procedit vt amor, & charitas,
162 882 711 929 procedit per modum voluntatis, Spiritus
168 927 709 961 Sanctus est huiusmodi, ergo &c. Maior pa¬
167 951 711 996 tet, quia charitas, & amor ad solam pertinent
170 987 717 1027 voluntatem. Minor probatur per P. August.
175 1015 715 1059 15. de Trin cap. 10 dicentem, non frustra in
167 1053 720 1103 ipsa Trinita, solus Spiritus Sanctus charitas
166 1087 652 1129 nuncupatur, ergo procedit vt charitas.
206 1124 719 1176 RESPONDEO: in hac quaestione tria
168 1155 348 1209 sunt videnda
239 1165 720 1238 An Spiritus Sanctus procedat vt amor
166 1223 466 1275 per modum voluntatis.
205 1239 716 1301 2 An per talem modum procedendi sibi
172 1290 544 1341 communicetur natura diuina¬
241 1306 640 1379 An eius processio sit necessaria.
238 1365 660 1440 ARTICVLVS PRIMVS.
202 1436 701 1511 An Spiritus Sanctus procedat vt amor.
270 1638 722 1703 Vantum ad hoc dicunt, quidam, quod
274 1692 725 1741 in productione diuinarum persona¬
279 1732 727 1775 rum est considerare tria, scilicet vir¬
181 1749 721 1812 tutem productiuam in ordine ad actum, sup
185 1788 723 1845 posita producentia, & ordinem productio¬
178 1822 731 1879 num, & productorum. Cum ergo quaeritur
178 1863 724 1904 ab eis, Vtrum Spiritus Sanctus procedat por
180 1901 729 1943 modum voluntatis, dicunt, quod si compa¬
175 1936 727 1972 retur illa productio ad virtutem producti¬
180 1965 726 2001 uam, sic est per modum naturae, & non per
177 2002 723 2037 modum voluntatis, si autem comparetur ac
178 2030 725 2071 suppositaproducentia, & ordinem produ¬
180 2064 734 2119 ctionum, sic concedunt quod sit per modum
743 178 878 227 voluntatis,
771 214 1287 255 Primam conclusionem probant sic. llla
742 248 1287 289 productio est per modum naturae, quae est a
738 287 1288 319 virtute productiua determinata ad vnum a¬
740 312 1284 359 ctum ex necessitate immutabilitatis, sed pro
743 348 1279 383 ductio Spiritus Sancti est huiusmodi, ergo
738 381 1289 420 &c. Maiorem probant per hoc, quia in hoc
739 421 1281 459 differt modus producendi naturae a modo
746 450 1278 486 producendi voluntatis, quia natura non ha
743 482 1282 520 bet in potestate suum actum, nec est indiffe¬
739 514 1284 561 rens ad opposita, voluntas autem cum sit po
742 548 1284 586 tentia variabilis, est indifferens ad opposita,
742 582 1282 621 & habet in potestate suum actum. Minor est
741 617 1284 656 manifesta, quia productio Spiritus Sancti est
747 651 1285 692 necessaria, & virtus productiua ipsius ita est
746 685 1291 733 determinata ad hoc, quod nullo modo ad
746 714 885 762 oppositum.
773 745 1287 791 Secundam conclusionem probant quan¬
742 785 1296 821 tum ad ambas partes, & primo quod produm
745 817 1289 853 ctio praefata sit per modum voluntatis si com¬
746 850 1292 893 paretur ad supposita producentia, tali ratio¬
742 888 1294 931 ne. llla productio quae est a pluribus produm
752 919 1289 956 centibus eiusdem rationis, quorum quodli¬
744 952 1287 996 bet esset per se sufficiens ad totum faciedum,
744 990 1291 1030 est per modum voluntatis, productio Spiri¬
745 1017 1291 1053 tus Sancti est huiusmodi, ergo &c. Maior pro¬
742 1053 1293 1094 batur per hoc, quia videmus in creaturis, quod
746 1085 1287 1130 plura agentia eiusdem rationis, si quodlibet
751 1121 1293 1160 sit per se sufficiens, nunquam concurrit simul
745 1155 1299 1192 ad vnum effectum, nisi per voluntatem co¬
748 1185 1286 1238 pulantem, vt patet in pluribus hominibus
749 1220 991 1263 trahentibus nauem
787 1253 1292 1293 Tertio probat quod praefata processio sit
750 1284 1287 1333 per modum voluntatis, si attendatur ordo
756 1323 1297 1367 processionum alia ratione. llla productio est
753 1364 1297 1402 per modum voluntatis, quae existens in natu
748 1384 1292 1428 ra intellectuali supponit ante se necessario
749 1426 1293 1462 aliam productionem, productio Spiritus San
750 1458 1299 1500 cti est huiusmodi, ergo &c. Minor concedi¬
752 1490 1307 1530 tur tanquam nota, quia productio Spiritus.
754 1525 1297 1564 Sancti existens in natura intellectuali diui¬
761 1555 1297 1602 na supponit necessario productionem filij;
752 1593 1295 1633 Maiorem probant per id, quod videmus in
753 1631 1297 1664 natura intellectuali animae nostre, quod ema
752 1661 1294 1700 natio voluntatis supponit ante se necessario
757 1691 1221 1733 emanationem secundum intellectum.
787 1722 1293 1764 Si qus aute instet, quod intellectus est prin¬
758 1757 1301 1799 cipium productiuum filij; ergo voluntas est
766 1793 1307 1834 principium productiuum Spiritus Sancti;
762 1825 1314 1873 Respondent quod intellectus, in quantum
754 1858 1303 1899 intellectus, non est principium productiuum,
755 1892 1303 1929 immo habet oppositam actionem ad princi¬
769 1925 1305 1963 pium productiuum, quod patet, quia de ra¬
762 1959 1307 2000 tione principij productiui est fecunditas ad
768 1995 1305 2038 producendum, intellectus autem inquantum
758 2028 1307 2069 intellectus, habet oppositam rationem ad se
760 2060 1316 2105 cunditatem productiuam, nam de ratione eius.
