1500 2352
192 187 745 242 nis filij, & voluntas productionis Spiritus
195 232 738 273 Sancti ex eo quod, tam intellectus, quam vo
198 270 745 315 luntas sint virtutes separatae a materia, poten
192 306 740 349 tes se conuertere super actus suos, ad quod
193 334 747 381 ostendendum, primo declarat intellectum,
198 374 740 410 & voluntatem esse virtutes conuersiuas quia
192 406 744 446 sunt imateriales: Secudo declarat quod sint
194 440 747 482 virtutes productiuae ad intra, quia conuertum
194 473 751 516 tur super actus suos, primum sic patet, vide¬
190 503 742 550 mus enim, quod intellectus, & voluntas sunt
195 540 749 587 virtutes separatae a materia, & ex hoc pos¬
201 576 743 615 sunt tendere non solum in sua obiecta, sed
194 613 754 649 etiam in suos actus; ita quod intellectus non
193 647 753 685 solum intelligit verum simplici intelligen¬
197 677 748 719 tia, sed etiam intelligentia reflexiua. Nam
199 711 753 748 conuertendo se super suum actum intelligit
194 747 744 785 se intelligentem, & intelligit obiectum inte¬
199 781 745 825 tum, similiter voluntas non solum vult bo¬
193 813 748 856 num simplici volitione, sed etiam volitione
196 846 748 897 conuersiua, quia conuertendo se super suum
202 880 746 926 actum vult se velle, & vult bonum volitum,
203 915 748 967 Adiungit iste doctor, quod postquam intel¬
201 950 750 989 lectus est sub actu simplicis notitiae, adhuc
196 991 749 1026 ess potentia ad notitiam declaratiuam, quae
200 1017 750 1063 est verbum, & ita etiam voluntas, postquam
192 1047 753 1097 est sub actu simplicis amoris, adhuc est in po
190 1086 753 1137 tentia ad quendam amorem magis intensum
198 1120 752 1165 Est tamen differentia, quia intellectus aliter
196 1152 750 1206 est sub actu simplicis notitiae, & aliter sub
191 1186 754 1227 actu notitiae declaratiuae, nam ad notitiam sim¬
203 1225 752 1268 plicem se habet pure passiue recipiendo il¬
193 1253 745 1307 lam ab obiecto, ad notitiam vero declarati¬
196 1290 747 1340 uam se habet actiue, & passiue, alio, & alio
197 1327 750 1374 modo, nam inquantum est informatus sim¬
197 1359 755 1408 plici notitia se habet actiue, quia factus in
190 1389 753 1444 actu per illam notitiam, efficitur faecundus,
199 1425 755 1479 ita vt habeat rationem memoriae potentis gi
196 1460 744 1510 gnere notitiam declaratiuam, sed vt nude
199 1492 758 1545 acceptus, se habet passiue, & ex sui natura
196 1525 756 1570 natus est recipere notitiam declaratiuam a
203 1565 760 1616 se ipso informato notitia simplici, & ideo (se
202 1596 754 1649 cundum istum doctorem) verbum generatur
212 1628 758 1676 per quadam impressionem, quia intellectus
202 1665 756 1715 informatus, notitia simplici habet vim me¬
199 1697 762 1755 moriae, & gignit verbum, quia imprimit no¬
200 1732 756 1786 titiam declaratiuam, quae est verbum in in¬
201 1769 761 1821 tellectu nude accepto pront est supra se ip¬
201 1801 728 1854 sum conuersiuum, & super actum suum.
234 1832 757 1877 Eodem modo intelligunt de voluntate,
206 1869 759 1923 quod habeat vim producendi amorem inten¬
201 1903 757 1954 siuum, quia conuertit se supra se, & super
203 1940 750 1991 actum suum. In hoc tamen duplicem assi¬
212 1969 762 2024 gnat differentiam: nam voluntas respectu
212 2006 764 2057 simplicis amoris non se habet passiue, sicut
204 2040 756 2079 intellectus respectu simplicis intelligentiae;
211 2073 755 2121 cum enim sit libera mouet se ipsam per sim¬
208 2107 764 2166 plicem amorem in obiectum, & sic se habet
770 173 1340 237 actiue. Secundo differunt, quia voluntas con
774 232 1332 271 uertendo se super actum suum, & producen
781 267 1333 310 do amorem intensiuum, aliter se habet quam
776 300 1335 347 intellectus, nam in productione verbi intel¬
777 332 1333 383 lectus notitia simprici informatus erat pro¬
783 366 1333 410 ducens, nude vero acceptus erat id de quo,
776 404 1334 443 vel in quo fiebat ista productio per quandam
781 439 1335 475 impressionem, sed in productione amoris in¬
782 472 1335 515 tensiui voluntas nuda per actum suum pro¬
783 503 1337 546 ducit illum amorem: informata vero simpli
780 540 1329 584 ci amore est principium passiuum de quo pro
786 574 1329 619 ducitur amor intensiuus, non per impressio¬
778 610 1338 653 nem sicut verbum, sed magis per expressio¬
777 642 1071 686 nem, vel exclusionem.
828 677 1330 716 Hoc ad propositum applicando dicit,
786 710 1334 754 quod intellectus, & voluntas cum habeant
782 743 1336 786 virtutem conuertendi se supra se, & super
777 776 1332 816 actus suos habent consequenter vim produ¬
778 807 1332 851 cendi verbum, & amorem ex propria imma¬
785 840 1335 888 terialitate, vt visum est; idcirco vbicunque
789 879 1343 925 ponantur habebunt hanc virtutem, & quia
782 914 1333 952 reperiuntur in Deo, sequitur, quod intelle¬
787 944 1340 987 ctus erit principium producendi notitiam de
784 982 1343 1030 claratiuam, quae est verbum, & voluntas prin
786 1013 1347 1063 cipium producendi amorem intesiuum, qui
785 1047 1341 1095 est Spiritus Sanctus, qui producitur quasi
786 1082 1337 1123 expressus de voluntate concordi, & amore
782 1116 1343 1161 essentiali patris, & filij, & ponitur exemplum
786 1154 1340 1200 pro maiori declaratione, quemadmodum spi
782 1192 1342 1229 ritus iste corporalis, qui est aer, si esset de
782 1218 1344 1270 substantia pulmonis inseparabilis ab eodem
786 1253 1349 1302 pulmone excuteretur tamen de eo per ali¬
786 1293 1301 1337 quam virtutem in eo existentem: ita &c.
818 1320 1338 1364 lsta declaratio confirmatur per Ric. 8. de
792 1357 1340 1398 Trinit cap 0. vbi ait quod Magister veritatis
787 1391 1342 1434 spiritum diuinum esse spiramen per simili¬
786 1432 1334 1469 tudinem docuit, quando insufflauit in Apo¬
788 1459 1338 1499 stolos dicens, accipite Spiritum Sanctum, ac
789 1493 1344 1530 si diceret, inquit Riccardus, quemadmodum
792 1527 1342 1573 ego insufflando corporaliter do vobis spiri¬
793 1559 1350 1607 tum, ita Spiritus Sanctus a me tanquam spi
792 1593 1344 1636 ramen quoddam, & flatus spiritualis spiri¬
792 1632 1136 1679 tualiter procedit ab aeterno.
825 1662 1352 1710 lsta opinio multa dicit, sed pauca vel nul
790 1699 1245 1742 la probat, idcirco mihi non satisfacit
827 1728 1340 1774 Primo, quia videtur demonstrare intelle¬
796 1766 1342 1809 ctum, & voluntatem in Deo esse principia
787 1800 1350 1849 productiua ad intra, sicut praecedens opinio
790 1838 912 1886 ponebat.
829 1866 1345 1911 Secundo, quia ponit intellectum infor¬
798 1905 1353 1941 matum notitia simplici esse productiuum ver¬
789 1938 1348 1976 bi, & voluntatem nude acceptam esse pro¬
797 1972 1346 2020 ductiuam amoris intensiui; quod si esset ve¬
795 2003 1345 2047 rum, sequeretur, productum esse nobilius pro
795 2039 1353 2079 ducente principali, quod non est dicendum
796 2076 1340 2118 Consequentiam probo; nam si intellectus
799 2111 1338 2164 notitia simplici iformatus producit verbum
