1500 2365
198 154 766 209 per solam notitiam, quae est fundamentum
193 200 765 245 illius proprietatis, sed oportet vtrumque con
196 236 754 284 currere, & ideo si inueniatur aliquod nome
193 268 754 314 quod significet vtrumque, per illud sufficie¬
193 302 755 356 ter explicabitur processio ipsius filij, sicut pa
198 332 763 390 tet de hoc nomine, verbum, quod significat
195 368 766 420 proprietatem relatiuam ipsius filij, scilicet
198 409 755 450 esse genitum, vel esse partum, quod est idem;
201 449 751 486 verbum enim idem est quod partus intelle¬
200 470 758 523 ctus, & cum hoc vlterius significat notitiam,
204 505 763 557 quae est fundamentum illius proprietatis, quia
208 555 756 591 verbum nihil aliud est quam notitia genita.
204 581 760 626 Quapropter tale nomen conuenienter expli
196 614 755 658 cat personam filij, & modum suae processio¬
194 651 755 694 nis. Eodem ergo modo oportet imaginari ex
193 678 754 730 parte productionis Spiritus Sancti, quod si habe
194 717 757 766 remus aliquod nomen, quod significaret pro
200 749 750 798 prietatem relatiuam ipsius, & cum hoc etia
203 780 753 835 psum amorem, qui est fundamentum illius
210 818 751 867 proprietatis: lllud inquam nomen conue¬
200 855 757 901 nienter explicaret naturam Spiritus Sancti,
200 889 752 933 & modum processionis: sicut forte facit hoc
195 925 757 971 nomen, donum, quod videtur significare re¬
198 954 752 997 lationem, & donationem, & haec est proprie
197 992 757 1040 tas relatiua ipsius Spiritus Sancti, quia secun
194 1029 755 1080 dum Aug. 5. de Trin. cap. 17. exit non quo-
198 1060 749 1109 modo natus, sed quomodo datus, videtur esti
198 1095 752 1146 consignificare ipsum amorem, qui est funda
193 1130 747 1180 mentum talis proprietatis. Nam illud, quoc
196 1163 748 1210 donatur, non est ipsa relatio, sed fundamen¬
192 1197 750 1244 tum primum, & immediatum illius relatio¬
196 1232 753 1282 nis, & hic est ipse amor, qui est primum do¬
197 1262 747 1312 num sicut tangebatur: & ideo quicquid
194 1303 751 1345 dicatur semper habetur propositum, scilicet
198 1338 757 1385 quod spiritus sanctus procedat vt amor, quam
198 1370 751 1419 uis forte conuenientius explicetur persona
201 1406 747 1450 Spiritus Sancti, & eius modus procedendi
199 1438 750 1489 per hoc nomen, donum, quam per hoc no¬
199 1472 747 1522 men amor. Amor enim non videtur impor¬
200 1506 746 1556 tare relationem, sed quid absolutum. Propter
196 1543 747 1587 quod nec significabit personam Spiritus Sam¬
200 1579 748 1620 cti, nisi adiungatur sibi aliud, per quod im¬
192 1613 751 1666 portetur sua proprietas relatiua. Et ideo P.
195 1644 745 1692 Aug. non dicit absolute quod Spiritus San¬
198 1679 757 1728 ctus sit amor, & dilectio, sed dicit, quod est
199 1715 753 1768 dilectio ex Deo, vt per hoc quod dicit, ex
203 1749 748 1797 Deo, importetur sua proprietas relatiua, por
193 1791 756 1832 hoc vero quod dicit, dilectio, importetur fun
198 1822 738 1871 damentum appropriatum suae proprietati.
230 1851 750 1904 1 Sic ergo patet quod Spiritus Sanctus pro
232 1894 721 1939 cedit per modum voluntatis, non qui¬
262 1921 681 1972 dem tanquam datus per vim in¬
298 1956 652 2009 finiti amoris, vt dicebat opi-
332 1990 612 2042 nio superius recitata,
369 2024 576 2079 sed vt infinitus
409 2060 543 2107 amor da¬
349 2076 597 2152 tus, vel donatus,
830 161 1326 218 ARTICVLVS SECVNDVS.
800 219 1356 285 Vtrum per hunc modum procedendi natu¬
861 267 1291 322 ra diuina communicetur Spiritui.
1021 303 1127 349 Sancto.
872 385 1355 454 Vamuis non sit dubium dequaestione
872 437 1348 492 in se, diuersi tamen sunt modi decla¬
887 471 1340 523 randi eam: Quidam enim dicunt, q
797 489 1353 559 voluntas, est principium in Deo communicam
791 538 1353 593 di naturam, noni inquantum voluntas est,
789 574 1352 630 sed in quantum existit in diuina natura, di¬
787 608 1348 661 stinguunt enim de natura dicentes, quod nam
784 640 1342 696 dicitur quatuor modis, vno modo pure esse¬
791 676 1350 731 tialiter, secundum quem modum diuina essen
791 713 1342 767 tia dicitur natura, in qua tres personae consi
792 748 1345 794 stunt: alio modo dicitur natura quaecunque
791 780 1353 835 virtus productiua similis ex simili, secudum
793 812 1351 869 quem modum potentia generandi in patre
794 852 1353 904 est diuina natura determinata, & contracta.
790 889 1343 938 per proprietatem relatiuam, & istos duos mo
791 917 1349 974 dos naturae vt dicunt, tangit Hylar,. quinto
788 951 1345 998 de Trin. cap. 17. nam loquens ibi de filio di¬
786 991 1350 1043 cit, quod ex virtute naturae in eadem natura
780 1022 1345 1068 natiuitate subsistit filius, per hoc enim, quod
782 1057 1348 1109 dicit, in eadem natura natiuitate subsistit fi¬
786 1091 1349 1145 lius, tangit primum modum naturae Per hoc
785 1126 1348 1177 autem quod dicit, ex virtute naturae, tangit
781 1161 1349 1202 secundum modum. Tertio modo dicitur natu
787 1198 1347 1239 ra quaecunque vis naturaliter existens in na
787 1229 1344 1275 tura sumpta primo modo, siue illa vis sit li¬
793 1276 1345 1319 pera siue non, & secudum istum modum die na
784 1300 1341 1352 tura etiam ipsa, diuina voluntas existens na¬
785 1335 1343 1381 turaliter in diuina essentia. Quarto modo di¬
789 1369 1343 1424 citur natura necessitas ineuitabilis circa ali¬
788 1403 956 1453 quem actum,
819 1418 1340 1480 Ad propositum ergo applicando videntur
778 1466 1344 1525 isti velle, quod voluntas possit esse princi¬
780 1509 1339 1560 pium communicandi naturam diuinam Spi
784 1541 1104 1592 ritui Sancto propter duo
819 1559 1345 1630 Primo, quia ipsa est vis actiua existens in
784 1612 1340 1668 natura diuina naturaliter, ita vt dicatur na¬
787 1644 1340 1690 tura secundum tertium modum naturae, &
782 1684 1336 1733 trahit vim naturae secundum primum modum
782 1713 1339 1765 ex eo quod fundatur in illa natura primo
791 1757 1333 1800 modo sumpta, quae necessario coexistit pro¬
783 1781 1335 1836 ductioni voluntatis, quae est natura secundum
787 1816 1337 1867 tertium modum, & nullo modo praeuenit,
790 1863 1342 1898 quia si praeueniret impediret libertatem vo
780 1886 1342 1936 luntatis, & sic non esset distinctus modus pro
789 1919 1332 1970 ducendi voluntatis a modo producendi na¬
783 1954 1335 2002 turae, quia ergo voluntas secundum istum mo
780 1992 1336 2040 dum est productiua Spiritus Sancti potest
780 2023 1337 2082 dici principium communicandi naturam di¬
791 2060 1191 2112 uinam, in qua naturaliter existit.
815 2080 1335 2143 Secundo, quia natura primo modo sum¬
