1500 2377
235 155 754 200 Haec ratlo a quibusdam inpugnatur dice¬
204 195 762 235 tibus, quod generari, & spirari sunt incom¬
211 230 761 273 possibllia in eadem persona; ratione cuius
200 262 767 307 incompossibilitatis, adhuc Spiritus Sanctus
201 302 765 339 realiter distingueretur a filio, quamuis non
194 334 432 384 procederet ab eo.
224 364 758 408 Sed hoc non impedit rationem, sicut pa¬
204 399 756 449 tebit in sequenti quaestione, vbi quaeram;
205 437 757 475 Vtrum Spiritus Sanctus distingueretur a fi
205 471 756 512 lio, si ab eo non prooederet. Ex his igitur
199 513 595 551 colligo intentum conclusionis.
234 542 756 585 Addo quartam rationem ad mentem Ric
201 573 760 617 cardi; Si Splritus Sanctus non procederet a
206 611 754 659 filio, sequeretur, quod non cognosceret fi-
203 644 763 686 lium immediate, nec cognosceretur a filio,
200 680 760 722 quod est falsum, quia si non se mutuo cogno
194 717 762 755 scerent essent imperfecti nec essent vniti tan
193 750 756 794 ta vnione quanta sunt vniti cum patre, quod
198 788 756 826 est herroneum, Consequentiam probo; quia
202 818 758 857 semper inter cognoscens, & cognitum est ali
198 854 756 900 qua habitudo, omnis autem habitudo, quae
200 891 756 929 est inter diuinas personas, oportet, quod sit
199 922 752 965 in ratione dantis, vel accipientis, quia nulla
200 954 756 994 alia habitudo potest esse ibi realis, si ergo in
196 981 756 1031 ter filium, & Spiritum Sanctum non est ha¬
199 1027 757 1071 bitudo originis in ratione dantis, accipien
195 1063 758 1106 tis, non erit inter eos mutua cognitio, inquan
196 1100 564 1144 tum sunt distinctae personae.
227 1127 756 1171 Et confirmo istam rationem, quia sicut se
198 1162 752 1206 habet mutua cognitio, quae est inter patrem,
198 1203 752 1245 & filium, ita mutua cognitio, quae est inter
202 1234 750 1280 filium, & Spititum Sanctum; sed inter pa¬
201 1269 754 1308 trem, & filium non esset mutua cognitio, ni
188 1301 748 1344 si inter eos esset vera origo; ergo eodem mo
196 1336 756 1379 do inter filium, & Spiritum Sanctum non
195 1372 752 1423 esset mutua cognitio, si tolleretur ab eis ori-
198 1405 752 1454 go, & processio vnius ab altero. Maior est
195 1437 752 1485 nota, quia inter diuinas personas debet esse
201 1479 756 1521 vniformis modus cognoscendi, cum habeant
196 1506 754 1557 cognitionem aeque perfectam, probo mino¬
198 1544 746 1589 rem per Aug. super illud Io. 5. Non potest
193 1576 743 1621 filius facere quicquam nisi, quod viderit pa¬
188 1618 748 1659 trem facientem, vult enim ibi expresse, quod
198 1650 757 1688 videre filij, idem sit, quod ipsum natum esse
193 1681 751 1734 de patre, & eodem modo patrem videte fi-
198 1716 747 1762 lium, & demonstrare filio, idem est, quod ge
197 1752 755 1792 nerare filium; secundum ergo intentionem
194 1787 751 1830 Atig. pater non aliter cognoscit filium, nisi,
203 1820 750 1867 quia ipsum generat; noc filius patrem aliter
192 1855 752 1904 cognoscit, nisi quia generatur a patre; si ergo
199 1885 752 1931 tolleretur generatio, tolleretur etiam ipsarum mu
194 1931 746 1969 tua cognitio; ergo eodem modo ex parte ista vi
192 1961 744 2004 dere filium Spiritum Sanctum, idem est, quod
194 1992 746 2036 ipsum spirare, & Spiritum Sanctum videre
190 2028 751 2071 filium, idem est, quod ipsum spirari a filio;
194 2064 747 2107 si ergo tolleretur illa spiratio Spiritus Sancti a filio,
191 2099 730 2156 tolleretur etiam mutua torum cognitio.
804 148 1351 204 Hanc rationem videtur intendene Riccar
785 197 1347 237 dus, quinto de Trin. cap. 9. & x. vbi si bene
790 230 1359 277 considerentur eius verba, intendit sic argue
786 268 1350 304 re: Spiritus Sanctus habet cognitionem de
794 296 1353 341 patre, & de filio, & quia istam cognitionem
787 338 1351 377 non habet a se, oportet, quod acquirat eam
789 368 1353 405 ab alio, vel ergo acquiret eam a solo patro,
783 402 1355 447 & sic non cognosceret filium, nisi mediante
789 442 1345 487 patre, vel acquiret eam a patre, & filio, &
784 470 1351 519 sic habemus propositum, scilicet quod pro¬
786 508 1329 544 pedat ab vtroque.
796 543 1346 583 Sed contra diceret aliquis. vna est ratio co
790 575 1353 612 herendi, & cognoscendi in omnibus diuinis.
783 611 1351 654 personis, scilicet ipsa essentia: Dato ergo quod
792 642 1348 686 Spiritus Sanctus non procoderet a filio ad¬
787 681 1349 722 huc tamenmutno cohaererent, & se mutuo
783 715 1352 753 cognoscerent immediate per ipsam essentiam.
812 747 1347 795 Ad hoc est dicendum, quod, diuina essen
784 778 1340 834 tia est ratio coherendi, & cognoscendi in di
787 818 1345 864 uinis personis eo modo, quo ab eis est habi¬
785 852 1357 900 ta, & ideo si filius, & Spiritus Sanctus non ha
789 889 1355 934 bent ipsam vnus, mediante alio, sed ambo im¬
783 921 1337 966 mediate a patre, oportebit etiam dicere, quod
791 955 1338 999 sibi cohaereant & se mutuo cognoscant per
787 993 1343 1032 eam, mediante patre, quia modus habendi
783 1029 1341 1067 essentiam correspondet modo cognoscendi
790 1060 1349 1097 per eam: ista ergo instantia magis manifei
781 1093 1352 1142 stat propositum, quam arguat oppositum; &
778 1130 1352 1178 haec de praesenti articulo.
788 1203 1313 1244 ARTICVLVS SECVNDVS.
787 1271 1352 1320 An filius distinguatur a Spiritu Sancto du¬
966 1303 1339 1348 plici relatione.
796 1384 1337 1455 HVic articulo respondent aliqui affir¬
849 1443 1334 1482 matiue, dicunt enim, quod nec spira¬
779 1482 1334 1524 tio actiua potest esse ratio praecisa distinguen
785 1511 1337 1555 di personaliter filium a Spiritu Sancto, nec
783 1547 1337 1582 etiam filiatio, sed ambo simul iuncta concur
787 1577 1331 1624 runt ad constituendam personalitatem filij,
787 1614 1340 1662 & per consequens ad distinguendum eum
783 1648 1344 1695 personaliter a Spiritu Sancto.
804 1682 1341 1727 Ponunt ergo duas conclusiones negati¬
779 1721 1343 1760 uas, quarum prima est, quod spiratio actiua
779 1756 1335 1796 non potest esse praecisa ratio distinguendi fi
779 1788 1096 1826 lium a Spiritu Sancto personaliter.
806 1826 1336 1871 Secunda est, quod nec etiam filiatio potest
783 1859 1337 1906 esse praecisa ratio huius distinctionis, ex qui
777 1893 1333 1936 bus sequitur vna affirmatiua, sicut patebit.
823 1929 1331 1971 Primam probant tripliciter.
815 1962 1331 2005 1 Illud quod non est praecisa ratio con¬
780 1995 1334 2040 stituendi filium in esse personali, nec, etiam
778 2029 1339 2076 est praecisa ratiom distinguendi eum persona¬
778 2064 1330 2105 liter a Spiritu Sancto spiratio actiua est hu¬
775 2102 1341 2155 iusmodi, ergo &c. Maior paret, quia eadem
