1500 2341
211 181 757 220 constitutiuam intrinsecam, secundario vero,
210 214 755 254 & ex consequenti per formam substantialem,
211 252 766 296 quae est suum principium constituendi intrin
208 285 756 329 secum, ita suo modo possumus dicere in pro
212 320 763 364 posito, quod filius distinguitur a S. 8. principali¬
210 350 765 395 ter per spironem actiuam non constituentem, secun
214 389 763 422 dario autem & ex enti pr filiationem constituentem
238 424 754 460 Hoc autem viso, leue est respondere ac
207 454 761 493 rationes primae opinionis; Nam cum primo
206 494 758 535 dicunt, quod non est ratio praecisa constituen
208 522 767 565 di filium in esse personali, non est praecisa ra
212 559 762 604 tio distinguendi ipsum principaliter a Spiri-
206 591 759 632 tu Sancto, dico, quod si intelligunt per ratio
206 627 756 666 nem praecisam rationem totalem, ratio ali¬
211 655 763 703 quam includit veritatem, natura si filius di¬
203 694 756 731 stingueretur a Spiritu Sancto totaliter per
200 725 757 774 spirationem actiuam, & nullo modo per filia
206 762 760 804 tionem, per quam constituitur in esse perso¬
209 798 764 836 nali, tunc non distingueretur ab eo principa
208 831 750 869 liter, sicut etiam indiuiduum si distinguere¬
214 867 757 907 tur ab alio totaliter per quantitatem, & nul
208 897 756 937 lo modo per formam substantialem, per quam
207 935 765 974 est vnum numero in genere substantiae, tumo
202 968 763 1010 non distingueretur ab eo numeraliter essen¬
209 1001 753 1039 tialiter, sed solum numeraliter accidentaliter
209 1036 764 1074 ita in proposito, filius distinguitur a Spiritu
212 1073 757 1111 Sancto non solum per spirationem actiuam,
207 1106 765 1144 sed etiam per filiationem, principaliter tamen
209 1136 763 1182 per spirationem, & secundario per filiatio¬
200 1175 759 1211 nem, si uero intelligant per rationem praecisam,
203 1210 751 1250 rationem principalem, est neganda maior pro
202 1238 756 1284 posito, nam ostensum est supra, quod non
202 1279 756 1319 semper illud, quod est ratio eonstituendi aliud,
202 1310 764 1347 est principalis ratio distinguendi ipsum a
205 1340 754 1389 quocunque alio.
200 1373 752 1421 Ad secundam rationem nego consequer
202 1414 754 1455 tiam, Ad probationem vero cum dicunt; quod
208 1448 757 1491 pater, & filius habent vnam singularem Spi
204 1480 750 1524 rationem actiuam, ergo habent vnam ratio¬
203 1510 758 1552 nem principalem distinctiuam. Dicendum
207 1544 763 1589 sicut prius, quod, quis spiratio actiua sit ratio di
206 1580 759 1628 stinguendi principalis, non tamen est ratio
206 1614 753 1657 totalis, & ideo distinctio filij a Spiritu San¬
202 1647 750 1692 cto non esset personalis, nisi cum spiratione
204 1681 761 1731 actiua, quae est ratio principalis in distinguen
200 1719 753 1754 do, concurreret etiam proprietas personalis,
196 1752 753 1787 scilicet ipsa filiatio tanquam ratio secunda¬
199 1781 754 1822 ria, & eodem modo ex parte patris concur¬
198 1820 757 1868 reret ibi proprietas eius; dicetur ergo talis di
192 1853 751 1898 stinctio personalis magis propter rationem
198 1886 759 1927 distinguendi secundariam, quam propter ra
199 1923 754 1969 tionem distinguendi principalem: Et ideo
199 1955 747 2004 non oportet, si ratio sit vna, propter hoc, quo
208 1986 749 2036 pater, & filius sint vna persona, quia non com
210 2021 757 2070 stituuntur per illud, quod est ratio principa
205 2057 749 2107 lis distinguendi, sed per illud, quod est ratio
200 2090 754 2146 distinguendi secundaria, & ita quamuis ha¬
794 158 1353 228 beant vnam rationem principalem distincti
792 217 1338 252 uam, non habent tamen vnam rationem per
791 248 1351 291 sonalem constitutiuam, sicut ergo plurifican
791 284 1339 324 tur ibi personae tanquam effectus formales,
788 319 1347 358 ita, & formales rationes constitutiuae earum.
811 352 1341 398 Ad tertiam cum dicunt, quod filius habe
791 383 1347 425 ret duas rationes personales, nego consequen
788 423 1342 460 tiam, & cum probatur, quia filius distingui¬
791 456 1339 495 tur a patre per filiationem personaliter, &
790 493 1346 534 per eandem filiationem distinguitur euam
796 522 1343 564 principaliter a Spiritu Sacto, dico, quod hoc
784 558 1343 599 non est immediate, sed mediante spiratione
789 593 1349 627 actiua, dicitur tamen personalis praefata di¬
791 626 1347 668 stinctio, non propter spirationem, sed propter
789 660 1340 697 filiationem, propter quod non sequitur, quod
791 695 1341 732 filius habeat duas rationes personales, sed
789 730 1347 766 vnam tantum.
825 764 1338 804 Ad rationem qua probant secundam con
791 798 1351 842 clusionem, non expedit respondere, quia con
794 835 1347 875 cedo eis conclusionem, scilicet, quod filiatio
791 865 1341 906 non sit ratio praecisa distinguendi filium a
793 900 1338 946 Spiritu Sancto, quia nec est ratio totalis, nec
794 934 1342 978 principalis, vt supra ostensum est.
822 968 1340 1007 Ad fundamentum autem alterius opinio
795 1003 1339 1048 nis patet per iam dicta, non enim oportet, quod
791 1038 1347 1077 illud, quod est constitutiuum alicuius, sit prin
793 1071 1339 1116 cipalis ro distinguendi ipsum a quocunqealio.
804 1109 1340 1144 ADRTIONES PRINCIPALES
794 1141 1340 1176 s D primam dicendum, quod ista prae¬
789 1175 1342 1215 posito ex, apud Qraecos principalita¬
794 1209 1342 1249 tem notat, Doctores ergo Creci non inten¬
790 1239 1343 1287 dunt negare processionem Spiritus Sancti a
792 1277 1341 1322 filio, sed intendunt dicere, quod ista proces¬
784 1310 1344 1354 sio ita est a filio, quod non ex filio principali
790 1346 1347 1391 ter, sed ex solo patre, quia solus pater habet
790 1380 1336 1418 ex se, quod spiret, filius autem habet ex pa¬
792 1415 1343 1451 tre, & in hoc concordant etiam Doctores la
792 1445 1344 1484 tini: Haec enim est intentio P. August. 15. de
784 1480 1339 1525 Trin. cap. 17. vbi expresse dicit Spiritum San
793 1513 1340 1560 ctum procedere a patre principaliter, & ex¬
791 1550 1346 1594 ponit se ibidem, dicens, ideo addidi principa
787 1588 1344 1628 liter, quia de filio Spiritum Sanctum procede¬
785 1617 1345 1664 re reperitur, sed hoc quoque illi pater dedit
784 1649 1338 1696 non iam existenti, & nondum habenti; quic
789 1687 1340 1731 quid enim vnigenito verbo dedit, gignendo
790 1722 1341 1767 dedit: Damascenus ergo non intendit nega¬
787 1751 1347 1795 re processionem Spiritus Sancti a filio, sed prin
787 1794 1319 1834 cipalitatem processionis.
816 1825 1339 1868 2 Ad secundam concedo consequentiam,
789 1856 1337 1902 cum vero dicitur, quod consequens est fal¬
789 1887 1332 1935 sum negat, quia concessum est supra, quod
783 1927 1342 1971 filius distinguatur a Spiritu Sancto duplici
783 1961 1332 1996 relatione; Ad probationem quae additur, quod
791 1994 1336 2032 eadem sunt principia constituendi in esse, &
782 2023 1341 2074 distinguendi. Dicendum, quod ista proposi¬
790 2059 1343 2102 tio non est vera, nisi in ijs, quae distinguun¬
787 2093 1345 2152 tur essentialiter, & specifice, non autem in
