1500 2386
144 179 716 248 non valet. Nam eum dicitur quod Spiritus S.
151 244 712 284 complete, & perfecte spiratur a patre, dico
157 275 710 317 quod verum est, non tamen propter hoc ex
152 314 709 348 cluditur Filius, quia pater in tali actu coexi
152 346 711 387 git filium, non propter aliquam perfectionem,
155 384 715 423 quam ab ipso recipiat, sed propter ipsummet
151 411 716 456 actum, qui talem modum existendi, & prin
152 446 714 486 cipiandi sibi determinat, actus nanque spiran
154 483 714 527 di determinat sibi suam existentiam adaequa
155 521 717 567 tam, & necessariam, non in solo patre, ne¬
159 560 716 598 que in solo Filio, sed simul in vtroque, quia
154 588 710 627 eadem necessitate, qua est id, quo Spiritus
153 621 718 671 Sanctus est, existit in duabus personis. Qua¬
152 657 712 701 propter sicut non potest tolli a tali actu id
155 689 717 733 quod est, quin tollatur simpliciteripse actus,
144 726 707 762 ita etiam non potest tolli ab eo talis modus
144 758 713 809 existendi quo est, quin etiam ipse actus sim¬
151 793 712 840 pliciter auferatur, & sicut determinat sibi ta
151 825 711 866 le modum existendi, ita etiam determinat sibi talem
146 864 719 900 modum principiandi, qua non est principium S. 8.
149 898 710 945 nisi prout existit in duabus personis, nam spi
144 926 712 972 ritus sanctus, qui est nexus productus por
144 969 719 1010 istum actum, determinat sibi talem modum
150 1003 713 1052 producendi, quia non procederet per istum
154 1034 714 1081 actum, nisi prout est elicitus a duabus perso
153 1074 717 1113 nis, Causa ergo istius coexigentiae, qua pater
148 1107 709 1148 exigit filium, & filius coexigit patrem in a¬
144 1144 710 1187 ctu spirandi, non est accipienda ex parte pa¬
151 1177 709 1213 tris, uel ex patre filij, sed ex parte actus, &
142 1211 709 1253 rei productae per hunc actum; & haec de primo.
180 1253 656 1331 ARTICVLVS SECVNDVS
136 1320 704 1398 Vtrum spirare sit essentiale, vel quasi ad¬
222 1389 630 1431 uentitium, & accidentale filio.
238 1459 709 1536 D hoc quidam dicunt, quod in diui¬
161 1495 710 1567 nis personis non potest esse aliquid
148 1556 713 1600 quasi aduentitium, & accidentale, sed totum,
146 1594 714 1635 quod in eis est, pertinet intrinsece ad earum
148 1620 707 1666 personalitatem, & quia in persona filij sunt
151 1654 714 1704 tria, scilicet essentia, generatio, & spiratio, id
151 1696 711 1737 circo omnia ista tria dicuntur concurrere in
144 1724 560 1773 trinsece ad suam personalitatem.
185 1760 693 1805 Hoc autem probant quatuor rationibus
188 1804 707 1850 1 Si dicta tria non concurrerent, intrinse¬
150 1831 706 1877 ce ad personalitatem filij, sequeretur, quod
149 1868 707 1913 manerent ibi sub propria vnitate, & distin¬
155 1903 711 1943 ctione, quod est falsum, Consequentia est non
146 1938 707 1981 ta, nam cum persona filij sit simplicissima, non
153 1971 709 2017 possunt concurrere plura ad suam persona¬
146 2010 709 2049 litatem, nisi dimittant propriam vnitatem, &
150 2035 705 2083 vniantur per omnimodam indistinctionem,
139 2081 705 2117 & per oppositum, quaecunque non concur¬
142 2111 703 2151 runt intrinsece ad suam personalitatem ma¬
142 2149 711 2199 nebunt ibi sub propria vnitate, & distinctione.
751 197 1303 261 Falsitas patet, quia si quid dictorum trium ma
746 248 1308 292 neret in filio sub propria vnitate, & distin¬
748 280 1302 328 ctione, tunc faceret in eo aliquam composi¬
750 315 1304 363 tionem, & sic impediretur praedicatio ipsius
748 348 1304 397 de persona, quod est falsum, quia quicquid
746 375 1301 435 est in aliqua diuina persona praedicatur de
737 420 1296 467 ea, praedicatione dicente, hoc est hoc.
774 458 1304 500 2 Si spiratio actiua non concurreret in¬
743 493 1301 535 trinsece ad personalitatem filij, sequeretur
745 524 1302 569 quod in persona filij esset aliquid fruibile vl
745 558 1300 607 tra tres personas, hoc autem est falsum per
751 590 1302 638 P. Aug. 1. de Doct. Chr. cap. 1. dicetem, quod
749 627 1300 675 res, quibus est fruendum, est sola Trinitas. s
752 662 1299 705 pater, filius, & spiritus sanctus; spiratio ergo
744 696 1300 743 actiua si esset extra personalitatem filij, vel
747 734 1309 776 nullo modo esset fruibilis, vel aliquid extra
749 770 1301 818 tres personas esset fruibile, quod est falsum.
782 801 1302 848 3 Si spiratio actiua non concurrit intrin¬
743 824 1302 880 sece vna cum alijs duobus ad personalitate fi¬
747 864 1312 917 lij, sequeretur, quod collectio dictorum trium
743 903 1302 951 non constitueret personam filij, quod est fal
749 936 1311 985 sum per D. Anselm. in de processione Spiri¬
742 975 1303 1017 tus Sancti cap. 50 vbi videtur velle, quod col
745 1002 1303 1054 lectio plurium proprietatum in persona con
742 1043 1307 1089 stituat illam personam, Vnde loquens ibi de
745 1077 1307 1123 diuinis personis dicit, lta possidet vnaquequ
744 1110 1305 1161 suas proprietates, quarum collectio non ea¬
750 1142 1308 1195 dem reperitur in alio, ad similitudinem ho¬
741 1182 1303 1229 minum diuersorum, per hoc enim diuersae
743 1212 1307 1265 sunt hominum personae, quia vniuscuiusque
746 1252 1305 1291 proprietatum collectio in alio non est eade
772 1285 1306 1328 4 Spiratio communicatur filio, sicut es¬
744 1313 1309 1361 sentia, sed essentia pertinet intrinsece ad per
741 1354 1244 1401 sonalitatem filij ergo & spiratio actiua
734 1386 1305 1436 Concludunt ergo quod omnia tria con-
736 1427 1303 1470 currant inti insece ad personalitatem filij, si¬
743 1457 1304 1512 cut concurrunt ad personalitatem patris, es¬
737 1487 1179 1531 sentia scilicet, generare, & spirare.
776 1509 1258 1575 lste modus dicendi deficit tripliciter.
781 1560 1305 1611 Primo, quia ponit, quod persona filij con¬
742 1595 1309 1646 stituatur per plura, & non determinat per
747 1633 1303 1672 quod istorum principaliter; Nam vbicunque
746 1670 1304 1704 concurrunt aliqua plura ad constitutionem
749 1705 1309 1755 vnius, debet dari vnum principale, a quo con
742 1729 1231 1780 stitutum recipiat speciem, & vnitatem
738 1768 1309 1808 Secundo, quia ponit, quod spiratio actiua
743 1802 1306 1841 concurrat cum essentia, & filiatione ad con
746 1834 1299 1888 stituendam personalitatem intrinsece filij,
753 1872 1299 1915 & essentialiter, hoc autem posito sequitur,
742 1910 1304 1955 quod spiratio actiua praedicetur de filio in
747 1941 1299 1991 primo modo dicendi per se, quod est falsum,
750 1975 1303 2022 quia omne, quod praedicatur de alio in primo
750 2016 1299 2059 modo dicendi per se, praedicatur de eo, sicui
748 2049 1310 2092 praedicatum proprium continens communia
746 2085 1308 2120 vel sicut praedicatum commune contentum
747 2113 1301 2165 a proprio; primum non potest dici, quia prae
742 2149 1312 2205 dicatur communiter de patre, & filio, nec se
