1500 2364
217 163 767 218 sibies in eadem persona patris, quod est fal¬
210 213 775 254 sum. Confirmatur, quia sicut istae relationes
214 248 766 285 sunt disparatae, ita & illae, si ergo disparatio
214 284 770 328 sit sufficiens causa distinctionis, & incompos
212 319 769 356 sibilitatis illarum, pari ratione, & istarum;
211 353 767 394 quia posita sufficienti causa necessario poni¬
219 387 373 427 tur effectus.
252 415 772 461 lsta ratio impugnatur ab aduersarijs du¬
225 453 765 492 pliciter: Primo dicunt non esse simile de ge
219 493 764 531 neratione, & spiratione actiue, & passiue sun
210 522 768 568 ptis; quia passiuae nequeunt esse in eadem
210 556 767 605 persona, eo quod tunc illa persona in qua
212 591 768 635 essent, caperet esse duplici productione, quod
210 632 760 670 est inconueniens, nisi poneretur, vel quod
217 663 763 704 vna earum sine altera esset insufficiens, vel
205 696 772 740 quod altera illarum esset superflua, quod
210 730 767 773 non est dicedum in diuinis: sed duae produ¬
207 764 757 806 ctiones actiuae si ponantur in eade persona,
207 807 762 844 nullum sequitur mconueniens, quia perso¬
208 831 759 880 na producens non capit esse per eas, neque
208 862 757 911 videmus quod repugnet vni producenti pro
201 909 731 949 ducere diuersa distinctis productionibus
235 936 762 980 Secundo dicunt, quod non ideo spiratio
200 968 753 1018 passiua, & generatio passiua sunt distinctae.
205 1008 757 1048 & incompossibiles, quia sint relationes dispa
205 1042 758 1086 ratae, sed quia sunt duae productiones passi¬
201 1072 755 1118 uae, ratione cuius repugnat eas in eadem
196 1106 755 1155 persona esse, vt tactum est : Propter quod
202 1144 748 1183 non potest inferri de productionibus actiuis;
194 1176 534 1223 quod infertur de passiuis.
227 1208 753 1251 Hae autem impugnationes si bene atten¬
194 1242 744 1283 dantur, non impediunt rationem praefatam
192 1276 755 1320 immo in se ipsis deficiunt; nam prima perit
204 1316 751 1352 principium, supponit enim, quod generari,
192 1350 746 1393 & spirari sint duae processiones, dato quod
195 1382 744 1427 filius non spiret, & hoc est quod quaeritur;
193 1423 749 1455 nam in hoc versatur principaliter tota diffi¬
194 1451 675 1498 cultas questionis, vt supra tangebatur.
231 1480 743 1528 Praeterea, concesso, quod sint distinctae
197 1520 748 1565 productiones, sicut modo sunt, adhuc ratio
189 1554 748 1593 non habet efficaciam, quia videtur esse idem
191 1592 749 1631 iuditium de productionibus pasliuis, & acti
189 1628 749 1666 uis in Deo; nam sicut persona producta con
191 1661 746 1696 stituitur per productionem palsiuam; ita per
194 1690 751 1737 sona producens, quae est ita producens, quod
190 1728 740 1768 non est producta, constituitur per productio
194 1760 741 1807 nem actiuam, si ergo ex ista causa solum re
197 1796 741 1839 pugnat duabus productionibus passiuis esse
191 1829 739 1875 in eadem persona producta, pari ratione re¬
195 1865 739 1908 pugnabit duabus productionibus actiuis es¬
190 1905 745 1945 se in eadem persona producente, sicut pro¬
194 1931 498 1978 bat ratio superius facta.
225 1966 740 2012 Accedit quod si ponant generari, & spi¬
186 2000 741 2040 rari esse incompossibilia in eadem persona,
188 2037 747 2075 quia sunt relationes disparatae, siue quia sunt
188 2072 746 2114 productiones passiuae, per quas constituun¬
188 2107 741 2161 tur personae productae, semper habetur pro¬
809 170 1362 225 positum, scilicet, quod remota spiratione a fi
805 210 1356 250 lio idem iuditium esset de generare, & spi-
800 255 1363 295 rare, & generari, & spirari, sicut potest pate
806 281 1360 330 re ex ijs, quae dicta sunt immediate: Rema¬
797 311 1252 354 net ergo tertia ratio in suo robore.
816 353 1362 398 Ommitto multas alias rationes, quae addu
799 383 1360 426 cuntur ab alijs, vel quia non videntur mi¬
800 418 1361 466 hi necessario concludere, vel quia si quid com
794 452 1248 497 cludunt hoc est in virtute istorum.
818 485 1354 534 Quia ergo AEgidij sententia mihi videtur
798 522 1354 567 vera, & contraria opinio habet aliquas ratio
799 563 1353 605 nes valde apparentes; idcirco primo ponam
796 591 1352 631 contrariam opinionem cum suis motiuis se
798 631 1352 675 cundo confirmabo conclusionem quam te
793 661 1355 712 neo, tertio soluam rationes, & motiua opinio
800 693 986 739 nis contrariae.
845 724 1355 779 Quantum ad primum tribus rationibus
796 766 1352 811 praecipue suam probant intentionem.
805 796 1353 841 1 Ilia productio, quae est per modum nati
790 834 1352 878 uitatis, est alia, & distincta ab ea, quae est per
791 868 1355 907 modum doni, & liberalitatis, sed productio
793 902 1344 944 filij est per modum natiuitatis, dato etiam quod
794 937 1351 975 non spiraret Spiritum Sanctum, productio
798 975 1350 1017 vero Spiritus Sancti est per modum doni, &
793 1003 1346 1051 liberalitatis, ergo dato quod Spiritus San¬
790 1037 1347 1085 ctus a Filio non procederet, adhuc tamen
793 1073 1351 1111 productio filij esset distincta a productione
799 1106 1343 1155 Spiritus Sancti, & per consequens Filius di¬
787 1141 1348 1190 stinctus esset ab eo, quia, vt tactum est, im¬
790 1178 1357 1226 possibile est, eandem personam produci du¬
796 1207 1011 1255 plici productione.
817 1247 1342 1294 Confirmatur, quia productiones sunt idem
790 1282 1335 1325 quod personae productae, si ergo productio¬
789 1313 1347 1358 nes sunt distinctae, & personae productae e¬
783 1350 1337 1388 runt distinctae. Maior probatur, quia prin¬
789 1384 1345 1428 cipium illis productionis, quae est natiuitas,
785 1420 1340 1458 est natura, vel intellectus, principium vero
775 1453 1347 1502 alterius productionis, quae est donatio, est vo
778 1486 1342 1534 luntas, & per consequens sunt distinctae pro
776 1522 1335 1560 ductiones. Nam si natiuitas, & donatio non
782 1556 1343 1603 essent distinctae productiones se ipsis, non re
778 1597 1332 1638 quirerent ex se distincta principia, cum ergo
774 1631 1336 1670 requirant distincta principia, saltem secun¬
778 1661 1335 1702 dum rationem, sequitur, quod sint distinctae.
782 1696 1335 1736 Minor etiam probatur per P. August. 5. de
784 1725 1339 1769 Trinit. cap. 14. vbi loquens de productione
776 1761 1329 1803 Spiritus Sancti dicit, exit non quomodo na¬
779 1804 1336 1842 tus, sed quomodo datus; & ideo non dicitur
779 1829 1247 1876 filius, quia neque natus, neque genitus.
815 1862 1337 1914 Et confirmatur per D. Anselmum in de
786 1899 1330 1938 processione Spiritus Sancti cap. 2. vbi lo¬
779 1937 1329 1986 quens de Filio & Spiritu Sancto, dicit non
779 1968 1331 2011 enim Filius est Spiritus Sanctus, nec e con
783 2002 1329 2056 uerso, quia Filius nascendo habet esse a pa¬
782 2039 1163 2082 tre, Spiritus S. non nascendo.
809 2073 1331 2111 2 Idem est principium constituendi ali¬
780 2110 1331 2162 quid in esse, & distinguendi ipsum a quoli¬
