1500 2373
194 177 754 241 set personalis ex parte Spiritus Sancti tali
197 224 755 277 ratione; Spiritus Sanctus haberet complete
196 255 755 307 totum quod est de intrinseea ratione suae pro
189 292 746 345 sonalitatis, etiam si procederet a solo patre
182 328 763 382 ergo dato per impossibile, quod non spirare
185 365 761 418 tur a filio, adhuc tamen esset persona, & per
193 394 761 449 consequens distinctus personaliter ab eo quam¬
201 436 765 481 tum est ex parte sua, Consequentia patet,
198 465 754 519 Afitecedens probatur, quia si 8. S. non habe¬
192 502 767 557 ret complete totum quod est de intrinseca
193 535 758 588 rationem suae personalitatis a solo patre, opor
193 575 761 625 teret dicere, quod pater spiraret Spiritum
194 610 767 655 Sanctum quantum ad vnam partem, & fi-
194 642 755 693 lius quantum ad aliam, quod est absurdum;
214 672 759 722 His tamen non obstantibus videtur mihi
199 709 760 760 dicendum cum prima opinione; quae vt me
197 739 760 800 lius intelligatur probo duas conclusiones
194 777 765 842 per ordinem, quarum prima est, quod si Spi
197 818 757 867 ritus Sanctus non procederet a Filio, nulla
197 846 756 904 esset realis distinctio inter ipsos. Secunda.
199 888 766 942 quod supposito cum secunda opinione esse
198 913 771 971 realem distinctionem: inter Filium, & Spiri¬
201 951 767 1003 tum Sanctum, remota spiratione actiua a Fi
204 994 762 1040 lio, talis distinctio esset personalis ex parte
207 1022 770 1070 vtriusque, magis tamen ex parte Filij, quam
200 1060 766 1112 ex parte Spiritus Sancti contra secundam
199 1099 519 1155 opinionem.
242 1120 773 1179 Primam conclusionem, probo praeter ra¬
205 1162 766 1219 tiones supra adductas deducendo ad quatuor
206 1200 770 1266 inconuenientia tenentes contrarium.
241 1228 767 1278 1 Si remota spiratione actiua a Filio Spi
208 1268 770 1314 titus Sanctus distingueretur ab eo realiter,
209 1307 768 1362 & personaliter, sequeretur, quod Spiritus
203 1335 769 1393 Sanctus haberet eundem ordinem, vel salte
209 1367 771 1418 consimilem ad patrem spirantem, & ad Fi-
213 1405 771 1453 tium non spirantem, quod est falsum, quia
208 1437 774 1497 ad patrem spirantem habet ordinem opposi¬
208 1475 772 1523 tionie, cum sit sibi terminus oppositus, ad
205 1510 774 1567 Filium autem non spirantem (secundum
204 1543 771 1596 eos ) non posset habere ordinem opposito¬
211 1574 767 1632 nis; quia non esset terminus sibi oppositus.
213 1612 768 1667 ergo non eundem ordinem, nec consimilem
206 1649 782 1699 haberet. Consequentiam probo; nam facta
209 1681 770 1744 ista suppositone, sicut modo distinguitur p
206 1717 772 1776 eandem relationem ab vtroque spirante, ita eti
211 1752 775 1805 tunc per eandem relationem distingueretur
214 1791 772 1844 a Patre spirante, & Filio non spitante, sicut
216 1823 780 1870 ergo praefata relatio non potest esse ratio di
208 1856 775 1913 stinguendi a patre realiter, nisi per hoc prae¬
212 1892 777 1943 cise, quod habet ordinem oppositonis ad ip
211 1922 783 1981 sum, cum sit eadem relatio, qua distinguitur
215 1954 774 2013 ab vtroque, ta etiam non poterit esse ratio
215 1994 784 2052 distinguendi a filio, nisi per ordinem opposi
222 2028 780 2079 tionis ad ipsum. Habebit ergo Spiritus San¬
217 2066 776 2119 ctus per illam relarionem eundem, vel salte
218 2097 773 2151 consimilem ordinem ad patrem spirantem
221 2139 595 2205 & ad Filigm non spirantem.
817 157 1363 223 2 Sequeretur, quod Filius distingueretur
782 210 1362 263 a Spiritu Sancto per filiationem principalius,
790 249 1366 299 quam per spirationem actiuam; Cuius con¬
785 282 1363 332 trarium fuit probatum superius. Quod etiam
786 316 1368 364 confirmatur, quia si Filius distingueretur a
790 348 1364 402 Spiritu Sancto principalius per filiationem,
792 386 1361 435 quam per spirationem actiuam, tunc spira¬
792 423 1364 464 tio passiua in Spiritus ancto esset ratio distin
791 452 1364 509 guendi a filiatione principalius, quam a spi¬
789 491 1362 535 ratione actiua in Filio, & per consequens re
794 522 1360 566 latio principalius distingueret a termino
792 561 1362 610 non opposito, quam a termino opposito, quod
789 596 1133 648 videtur absurdum.
820 625 1379 678 3 Sequeretur, quod non esset de intrin¬ S
794 664 1354 707 seca ratione Spiritus Sancti spirari a Filio;
796 701 1356 748 Cuius contrarium fuit probatum superius.
800 729 1359 777 Consequentia patet, nam, si concedatur, quod
795 768 1360 813 de sua intrinseca ratione sit ipsum spirari a
795 800 1367 855 Filio, & ex alia parte supponatur non spira¬
790 833 1373 883 ri, sequitur necessario, quod non sit Spiritus.
798 870 1369 916 Sanctus, & sinon est Spiritus Sanctus, non
800 904 1369 964 distinguatur a Filio, & ideo ista opinio quam
801 939 1368 989 uis non ponat incompossibilia ex parte Filij,
802 972 1375 1029 ponit tamen incompossibilia ex parte Spiri-
801 1008 1362 1053 tus Sancti, quia ad suppositionem factam se
801 1039 1368 1098 quitur, quod Spiritus Sanctus non sit Spiri
796 1086 1368 1130 tus Sanctus, eo quod de intrinseca ratione
800 1119 1071 1168 eius sit spirari a Filio.
832 1144 1370 1198 4 Sequeretur, quod totus processus fa¬
798 1181 1363 1232 ctus a D. Anselmo in libro de Processione
804 1219 1368 1266 Spiritus Sancti ad probandum Spiritum Sa
799 1249 1371 1301 ctum a Filio procedere, nihil valeret. Nam
810 1296 1372 1333 processus quo vtitur per totum fundatur su
802 1319 1366 1378 per hoc, quod vna persona diuina compara¬
803 1356 1375 1405 ta ad aliam, vel est de alia, vel est de qua
807 1392 1375 1436 ilia, & ideo saepe ex hoc infert, quodisi Spi-
800 1429 1368 1475 ritus Sanctus non esset de Filio, oporteret
802 1459 1359 1510 Filium esse de Spiritu Sancto. Iste autem. 3
798 1494 1370 1543 cessus pro tanto habet veritatem (secundum
811 1530 1372 1577 viam suam) quia si in diuinis essent duae per
803 1562 1376 1613 sonae, quarum vna non esset ab alia, nec e com
809 1595 1373 1645 uerso, sequeretur, vel quod essent distinctae
810 1633 1369 1686 sicut duo absoluta, puta sicut duo Dij, vel quod
809 1669 1377 1716 essent vna & eadem persona; quod implicat.
807 1702 1375 1752 contradictionem. Hanc autem esse eius inten
806 1738 1375 1785 tionem manifeste apparet per ea quae dicit
810 1775 1379 1817 in quarto capite illius libri, vbi probat, quod
808 1808 1375 1857 Spiritus Sanctus procedat a patre, quia fino
812 1845 1377 1896 procederet a patre, vel esset alius Deus ab
811 1875 1369 1923 eo, vel non esset ab eo distincta persona.
829 1908 1374 1954 Totum autem, quod dicit de Spiritu San
806 1945 1378 1995 cto respectu patiis, potest dici nespectu Fi¬
806 1984 1370 2031 lij, si ergo Spiritus Sanctus non procederet
816 2016 1374 2062 TPilio, & tamen esset distinctus abeoi, sua
809 2047 1377 2100 distinctio praeuentret ordinem, & relatiuam di
805 2085 1381 2139 ctinctionem ad eun, & per consequens ma¬
809 2119 1294 2183 gis esset absoluta quam relatiua.
