1500 2299
233 164 753 217 Haec opinio est mihi dubia quantum ad
199 214 747 252 duo. Primo quia concedit Theologiam esse
199 246 747 286 scientiam. Scdo quia ponit illam subalternatam
231 281 743 322 Contra primum arguo dupliciter, si Theo
205 313 745 354 logia nostra esset scientia, sequeretur, quod
198 345 743 392 habitus principiorum huius scientiae esset in¬
201 384 745 424 tellectus, consequens est falsum, ergo & an¬
200 413 741 452 tecedens Consequentia est nota, quia semper
199 453 740 485 scire praesupponit habitum pricipiorum, qui
201 484 742 524 est intellectus. Falsitas consequentis proba¬
202 511 753 557 tur, quia principia Theologiae sunt articu¬
202 548 742 584 li fidei (ut superius probatum est, & iste Do¬
203 579 744 617 ctor concedit) sed de articulis fidei non ha¬
203 612 744 650 bemus habitum naturalem, qui uocatur in¬
200 644 740 694 tellectus, sed habitum supernaturalem, qui
196 681 481 728 vocatur fides, ergo &c
200 719 749 751 Secundo sequeretur, quod ista scientia ha
199 750 748 789 beret maiorem euidentiam in conclusionibus,
197 789 742 822 quam in principijs, quod est falsum. Falsitas
207 819 744 855 consequentis patet, quia tunc magis credero
205 846 738 894 mus, & adhereremus conclusionibus quam
207 881 740 928 principijs, quod est contra Arist. primo posti
206 919 742 958 consequentiam probo, quia constat, quod de
203 954 749 994 principijs Theologiae non habemus nisi no¬
202 980 748 1026 titiam creditiuam, de conclusionibus vero se
204 1014 738 1056 cundum viam huius Doctoris habemus no¬
207 1048 744 1088 titiam scientificam, sed notitia scientifica est
203 1083 742 1128 maioris euidentiae, quam notitia creditiua er
200 1119 739 1167 go &c. De hoc tamen resolute in tertio arti¬
199 1149 459 1192 culo pertractabitur.
235 1181 744 1228 Contra secundum, quod sit subalterna ar
199 1217 397 1268 guo tripliciter.
239 1241 744 1296 Primo si Theologia nostra subalternare¬
207 1284 739 1328 tur scientiae Dei, & beatorum, sequeretur,
209 1317 749 1364 quod utraque posset esse simul in eodem in¬
205 1348 743 1389 tellectu, consequens est falsum, ergo &c.
204 1384 746 1422 Falsitas consequentis conceditur ab omni-
200 1415 742 1463 bus, Consequentia patet, quia videmns, quod
198 1450 750 1492 subalternans, & subalternata scientia sunt in
204 1484 453 1530 eodem intellectu.
234 1518 745 1561 Secundo sequeretur, quod subiectum
204 1548 744 1597 Theologiae nostrae adderet aliquid supra si
206 1585 747 1630 biectum Theologiae beatorum, quod ipsi ne¬
208 1620 746 1664 gant ponendo Deum sub absoluta ratione in
204 1655 752 1696 vtraque subiectum, consequentia probatut. Nam
209 1689 744 1726 quando scientia subalteruans, & subalterna¬
207 1718 753 1757 ta conueniunt in uno nomine, & una ratio¬
204 1757 754 1796 ne formali, sub subiecto scientiae subalternan
209 1783 753 1825 tis per conditionem illi superaditam conti¬
211 1820 756 1860 netur subiectum scientiae subalternatae, licet
207 1854 749 1899 remaneant idem in substantia, & vnum pre¬
205 1890 753 1928 dicetur de altero: sed Theologia nostra, &
215 1921 751 1962 Theologia beatorum conueniunt in nomi¬
204 1957 755 1998 ne, & ratione, & ista subalternatur ei per eas
211 1992 753 2032 ergo necessario subiectum istius addet ali¬
208 2019 747 2062 quam conditionem supra subiectum illius, &
209 2054 756 2108 sic hoc erit inferius ad subiectum illius, &
780 155 1316 225 praedicabitur de subiecto nostrae Theologiae¬
786 208 1324 256 Tertio si ista scientia esset subalternata il
777 243 1311 282 li, sequeretur, quod articuli Fidei essent per
775 278 1317 320 se noti, & euidentes in ista scientia, quod est
779 309 1321 353 falsum per eosdem Consequentia probatur,
774 345 1317 384 nam omnis scientia pro tanto dicitur scien¬
772 379 1314 423 tia, pro quanto innititur principijs per se non
777 416 1320 455 tis, quorum notitiam altero duorum modorum
778 449 1321 487 acquirimus, vel per simplicem notitiam ter¬
777 485 1313 519 minorum secundum Aristo. 1. post: vbi dicit,
777 517 1314 558 quod principia cognoscimus, inquantum ter
777 546 1313 581 minos cognoscimus, vel per sensum, memo¬
775 579 1319 617 riam, & experientiam, ut tangit Arist. in fino
779 614 1325 658 secundi post tex. 17 vbi vult, quod ex mul¬
776 644 1326 683 tis sensationibus fiat una memoria v ex il¬
772 679 1315 719 lis experientia, & ex multis experientijs unum
783 713 1321 754 vniuersale quiescens in anima tanquam prin
775 754 1323 787 cipium artis, & scientiae: inter quae est haec di
776 780 1320 817 ferentia, quod prima dicuntur principia im¬
776 816 1322 856 mediata, & simpliciter per se nota, dx neces¬
777 848 1318 885 saria inhaerentia praedicaticum subiecto, nec
779 883 1315 922 alio medio indigemus ad eorum motitiam;
787 912 1318 959 principia uero nota secundo modo possunt
774 949 1324 987 haberi per medium, & demonstrari, ideo non
776 981 1321 1020 sunt simpliciter per se nota: uere tamen di¬
779 1014 1321 1063 cuntur per se nota ratione modi acquirendi
779 1047 1319 1090 eorum notitiam, uia sensus memoriae, & ex-
787 1082 1319 1120 perientiae; Sic ergo scia innitituri principijs
786 1117 1322 1153 per se notis nostro intellectui altero horum
777 1153 1318 1190 modorum, & in hoc conueniunt fubalter¬
775 1184 1323 1223 nans, & subalternata. Idcirco si Theologia
783 1220 1319 1259 nostra est scientia subalterna, sequitur neces¬
779 1249 1325 1288 sario, quod eius principia scilicet articuli pi¬
778 1283 1322 1324 dei sint noti intellectui viatori, saltem via sen
781 1315 1319 1352 sus &c quia quamuis primus modus cogno
774 1353 1324 1392 scendi principia non congruat scientiae subal
785 1384 1329 1425 ternae, secundus tamen modus oino sibi con
782 1419 1321 1463 gruit, alioquin non inniteretur principijs por
783 1451 1319 1496 se notis, & perconsequens non esset proprie scia¬
822 1481 1320 1530 Oecurrit tamen circa praedictaruna dubi
780 1514 1318 1562 tatio, si scientia subalterna innititur princi¬
786 1554 1318 1599 pijs per se notis uia sensus, memorie, & expe
783 1585 1325 1629 rientiae uidetur, quod non accipiat stia prin
783 1619 1321 1666 cipia a scientia subalternante, & per conse¬
783 1651 1319 1703 quens in nullo dependebit ab ea
819 1681 1330 1729 Respondetur, quod scientiam siibalternam
781 1723 1327 1771 accipere sua principia a subalternante stat
778 1754 1322 1793 dupliciter, uno modo, ut accipiat ab ea sua
791 1786 1325 1826 principia tanquam a continente causam ve
781 1825 1325 1864 ritatis suorum principiorum, & sic est verum,
785 1853 1320 1902 alio modo;, ut accipiat ab ea tanquam a ma¬
783 1892 1323 1929 nifestante ueritatem eorundens, & sic est fal
788 1924 1330 1962 sum, quia quamuis scientia subalternans con
790 1955 1326 1993 tineat eausam veritatis principiorum scien¬
784 1990 1327 2030 tia subaliernans contineat causam ueritatis
786 2022 1325 2065 principiorum scientiae subalternatae, illam ta
786 2057 1328 2109 men sibi non manifestat, quia scientia subal¬
