<?xml version="1.0" encoding="UTF-8" standalone="yes"?>
<PcGts xmlns="http://schema.primaresearch.org/PAGE/gts/pagecontent/2013-07-15" xmlns:xsi="http://www.w3.org/2001/XMLSchema-instance" xsi:schemaLocation="http://schema.primaresearch.org/PAGE/gts/pagecontent/2013-07-15 http://schema.primaresearch.org/PAGE/gts/pagecontent/2013-07-15/pagecontent.xsd">
    <Metadata>
        <Creator>prov=University of Rostock/Institute of Mathematics/CITlab|PLANET AI GmbH/Gundram Leifert/gundram.leifert@planet-ai.de:name=cod-P122zz-m2(htr_id=26330)::::v=2.6.6
prov=University of Rostock/Institute of Mathematics/CITlab|PLANET AI GmbH/Tobias Gruening/tobias.gruening@planet-ai.de:name=de.uros.citlab.module.baseline2polygon.B2PSeamMultiOriented:v=2.6.6
prov=University of Rostock/Institute of Mathematics/CITlab|PLANET AI GmbH/Tobias Gruening/tobias.gruening@planet-ai.de:name=/net_tf/LA73_249_0mod360.pb:de.uros.citlab.segmentation.CITlab_LA_ML:v=2.6.6
Transkribus</Creator>
        <Created>2020-02-27T16:45:11.711+01:00</Created>
        <LastChange>2020-09-29T22:39:15.736+02:00</LastChange>
        <TranskribusMetadata docId="330297" pageId="13057975" pageNr="367" tsid="41997189" status="IN_PROGRESS" userId="25065" imgUrl="https://files.transkribus.eu/Get?id=HFYACNTDJVBASHDWLOTEEIQF&amp;fileType=view" xmlUrl="https://files.transkribus.eu/Get?id=DWJHPUKKUBOSBCXRIZHPTGMR" imageId="9248516"/>
    </Metadata>
    <Page imageFilename="366.jpg" imageWidth="1500" imageHeight="2415">
        <ReadingOrder>
            <OrderedGroup id="ro_1601414279068" caption="Regions reading order">
                <RegionRefIndexed index="0" regionRef="TextRegion_1600792116909_155"/>
                <RegionRefIndexed index="1" regionRef="TextRegion_1600792116909_156"/>
            </OrderedGroup>
        </ReadingOrder>
        <TextRegion orientation="0.0" id="TextRegion_1600792116909_155" custom="readingOrder {index:0;}">
            <Coords points="101,136 704,136 711,2114 711,2286 121,2286 120,2098"/>
            <TextLine id="r1l4" custom="readingOrder {index:0;}">
                <Coords points="109,229 683,228 682,182 662,178 539,199 384,174 167,193 108,181"/>
                <Baseline points="114,222 142,221 170,221 198,220 226,220 255,219 283,219 311,218 339,218 367,218 396,217 424,217 452,217 480,217 508,217 537,217 565,217 593,217 621,217 649,217 678,218"/>
                <TextEquiv>
                    <Unicode>oritur ex ipsismet productionibus, inquantum</Unicode>
                </TextEquiv>
            </TextLine>
            <TextLine id="r1l6" custom="readingOrder {index:1;}">
                <Coords points="103,259 688,257 687,228 624,223 103,237"/>
                <Baseline points="108,258 136,257 165,256 194,255 223,255 251,254 280,254 309,254 338,253 366,253 395,253 424,253 453,253 481,253 510,253 539,253 568,253 596,253 625,253 654,253 683,253"/>
                <TextEquiv>
                    <Unicode>ad completam distinctionem, &amp; completum</Unicode>
                </TextEquiv>
            </TextLine>
            <TextLine id="r1l8" custom="readingOrder {index:2;}">
                <Coords points="109,300 659,297 689,289 689,265 109,273"/>
                <Baseline points="114,293 142,292 171,291 199,291 228,291 256,290 285,290 313,289 342,289 370,289 399,288 427,288 456,288 484,288 513,288 541,287 570,287 598,287 627,287 655,287 684,287"/>
                <TextEquiv>
                    <Unicode>ordinem productionum, &amp; productorum si¬</Unicode>
                </TextEquiv>
            </TextLine>
            <TextLine id="r1l10" custom="readingOrder {index:3;}">
                <Coords points="110,334 655,334 682,329 682,301 110,304"/>
                <Baseline points="115,327 143,327 171,326 199,326 227,326 255,325 283,325 311,325 339,325 367,325 396,324 424,324 452,324 480,324 508,324 536,324 564,324 592,324 620,324 648,323 677,323"/>
                <TextEquiv>
                    <Unicode>mul cum oppositone relatiua, quae est inter</Unicode>
                </TextEquiv>
            </TextLine>
            <TextLine id="r1l12" custom="readingOrder {index:4;}">
                <Coords points="112,371 689,366 688,332 672,328 111,337"/>
                <Baseline points="116,362 144,362 172,362 201,361 229,361 257,361 286,361 314,360 342,360 371,360 399,359 427,359 456,359 484,359 512,358 541,358 569,358 597,358 626,357 654,357 683,357"/>
                <TextEquiv>
                    <Unicode>duo producta, concurrit etiam alius modus</Unicode>
                </TextEquiv>
            </TextLine>
            <TextLine id="r1l14" custom="readingOrder {index:5;}">
                <Coords points="109,414 657,404 693,397 693,363 109,372"/>
                <Baseline points="114,398 142,397 171,397 200,396 228,396 257,396 286,396 314,396 343,395 372,395 401,395 429,395 458,395 487,395 515,394 544,394 573,394 601,394 630,393 659,393 688,392"/>
                <TextEquiv>
                    <Unicode>procedendi, &amp; producendi, ita quod praefa¬</Unicode>
                </TextEquiv>
            </TextLine>
            <TextLine id="r1l18" custom="readingOrder {index:6;}">
                <Coords points="114,439 530,433 580,447 689,439 689,397 114,414"/>
                <Baseline points="119,433 147,432 175,431 203,431 232,430 260,430 288,429 316,429 345,429 373,429 401,429 429,429 458,429 486,429 514,429 542,429 571,429 599,429 627,429 655,429 684,428"/>
                <TextEquiv>
                    <Unicode>ta duo simul iuneta, sunt causa adaequata di</Unicode>
                </TextEquiv>
            </TextLine>
            <TextLine id="r1l20" custom="readingOrder {index:7;}">
                <Coords points="110,478 613,475 636,471 636,434 580,447 531,434 110,442"/>
                <Baseline points="115,467 140,467 166,467 192,467 218,466 244,466 269,466 295,465 321,465 347,465 373,465 398,465 424,464 450,464 476,464 502,464 527,464 553,463 579,463 605,463 631,463"/>
                <TextEquiv>
                    <Unicode>stinctionis personalis, vt est declaratum.</Unicode>
                </TextEquiv>
            </TextLine>
            <TextLine id="r1l22" custom="readingOrder {index:8;}">
                <Coords points="168,516 640,510 639,474 291,470 256,489 167,474"/>
                <Baseline points="172,504 197,503 223,503 249,502 274,502 300,502 326,501 351,501 377,500 403,500 428,500 454,500 480,500 505,500 531,500 557,499 582,499 608,500 634,500"/>
                <TextEquiv>
                    <Unicode>ADRATIONES PRINCIPALES.</Unicode>
                </TextEquiv>
            </TextLine>
            <TextLine id="r1l24" custom="readingOrder {index:9;}">
                <Coords points="199,545 652,548 693,542 693,501 459,505 445,519 397,505 346,519 199,511"/>
                <Baseline points="204,538 229,538 254,537 280,537 305,536 331,536 356,535 382,535 407,535 433,534 458,534 484,534 509,533 535,533 560,533 586,533 611,533 637,534 662,534 688,534"/>
                <TextEquiv>
                    <Unicode>D primam patet quid sit dicendum, per</Unicode>
                </TextEquiv>
            </TextLine>
            <TextLine id="r1l26" custom="readingOrder {index:10;}">
                <Coords points="110,587 678,581 686,540 110,543"/>
                <Baseline points="115,577 143,576 171,574 199,574 228,573 256,573 284,572 313,571 341,571 369,571 398,571 426,571 454,570 482,570 511,570 539,570 567,570 596,570 624,570 652,569 681,569"/>
                <TextEquiv>
                    <Unicode>illud quod dictum fuit in fine primi</Unicode>
                </TextEquiv>
            </TextLine>
            <TextLine id="r1l29" custom="readingOrder {index:11;}">
                <Coords points="111,613 128,609 142,619 151,619 161,612 196,612 203,616 219,611 241,612 241,583 217,585 209,578 184,588 165,585 154,578 139,586 111,586"/>
                <Baseline points="116,608 146,606 176,606 206,606 236,607"/>
                <TextEquiv>
                    <Unicode>Striculi. </Unicode>
                </TextEquiv>
            </TextLine>
            <TextLine id="r1l31" custom="readingOrder {index:12;}">
                <Coords points="151,650 691,647 690,611 657,607 460,608 397,625 368,608 150,616"/>
                <Baseline points="155,641 181,642 208,642 234,642 261,642 287,641 314,641 340,641 367,641 393,641 420,640 446,640 473,640 499,640 526,639 552,639 579,639 605,639 632,639 658,639 685,639"/>
                <TextEquiv>
                    <Unicode>Ad secundam dico, quod aliquo modo po</Unicode>
                </TextEquiv>
            </TextLine>
            <TextLine id="r1l33" custom="readingOrder {index:13;}">
                <Coords points="117,688 648,677 666,691 692,681 692,647 117,653"/>
                <Baseline points="122,678 150,677 178,677 206,677 235,677 263,676 291,676 319,676 348,676 376,675 404,675 432,675 461,675 489,675 517,674 545,674 574,674 602,674 630,674 658,674 687,674"/>
                <TextEquiv>
                    <Unicode>test concedi esse quasi aduentitium Filio spi</Unicode>
                </TextEquiv>
            </TextLine>
            <TextLine id="r1l35" custom="readingOrder {index:14;}">
                <Coords points="113,719 513,730 682,717 682,682 113,693"/>
                <Baseline points="118,714 147,713 176,713 206,712 235,712 265,712 294,712 323,712 353,711 382,711 412,711 441,711 471,711 500,711 529,711 559,710 588,710 618,710 647,709 677,709"/>
                <TextEquiv>
                    <Unicode>rare Spiritum Sanctum, pro quanto non est</Unicode>
                </TextEquiv>
            </TextLine>
            <TextLine id="r1l37" custom="readingOrder {index:15;}">
                <Coords points="114,753 686,757 685,718 669,715 114,723"/>
                <Baseline points="119,747 147,747 175,748 203,748 231,748 259,748 287,748 315,748 343,747 371,747 400,747 428,747 456,746 484,746 512,746 540,746 568,745 596,745 624,745 652,745 681,745"/>
                <TextEquiv>
                    <Unicode>de intrinseca ratione suae personalitatis, vt</Unicode>
                </TextEquiv>
            </TextLine>
            <TextLine id="r1l39" custom="readingOrder {index:16;}">
                <Coords points="112,793 691,787 691,762 612,751 112,755"/>
                <Baseline points="117,782 145,782 173,782 202,782 230,782 259,782 287,782 316,782 344,782 373,782 401,782 429,782 458,782 486,781 515,781 543,781 572,781 600,781 629,781 657,781 686,781"/>
                <TextEquiv>
                    <Unicode>superius est declaratum; Non debet tamen</Unicode>
                </TextEquiv>
            </TextLine>
            <TextLine id="r1l41" custom="readingOrder {index:17;}">
                <Coords points="108,831 689,822 677,787 107,796"/>
                <Baseline points="113,817 141,818 170,818 198,818 227,818 255,819 284,819 312,819 341,819 369,818 398,818 427,818 455,818 484,817 512,817 541,817 569,816 598,816 626,816 655,815 684,815"/>
                <TextEquiv>
                    <Unicode>concedi, quod sit aduentitium, quasi res di¬</Unicode>
                </TextEquiv>
            </TextLine>
            <TextLine id="r1l44" custom="readingOrder {index:18;}">
                <Coords points="115,865 136,861 147,866 179,858 205,867 212,859 250,863 291,858 291,822 273,828 260,822 244,838 226,826 217,832 186,823 164,823 154,830 126,824 115,828"/>
                <Baseline points="120,853 147,854 175,854 203,853 230,853 258,852 286,853"/>
                <TextEquiv>
                    <Unicode>stincta ab eo.</Unicode>
                </TextEquiv>
            </TextLine>
            <TextLine id="r1l46" custom="readingOrder {index:19;}">
                <Coords points="152,900 689,891 689,867 667,857 152,861"/>
                <Baseline points="157,889 183,888 209,888 236,888 262,888 288,888 315,888 341,888 367,888 394,888 420,888 446,888 473,888 499,888 525,888 552,887 578,887 604,887 631,886 657,885 684,885"/>
                <TextEquiv>
                    <Unicode>Ad tertiam dico, quod sicut patet ex di¬</Unicode>
                </TextEquiv>
            </TextLine>
            <TextLine id="r1l48" custom="readingOrder {index:20;}">
                <Coords points="112,929 674,938 691,935 691,891 112,903"/>
                <Baseline points="117,923 145,924 173,924 202,924 230,924 259,924 287,924 316,924 344,924 373,923 401,923 429,923 458,922 486,922 515,922 543,922 572,921 600,921 629,921 657,921 686,922"/>
                <TextEquiv>
                    <Unicode>etis, ad completam distinctionem Filij a Spi</Unicode>
                </TextEquiv>
            </TextLine>
            <TextLine id="r1l50" custom="readingOrder {index:21;}">
                <Coords points="115,965 693,962 693,931 115,930"/>
                <Baseline points="120,960 148,960 176,959 205,959 233,959 262,959 290,959 318,959 347,958 375,958 404,958 432,958 460,958 489,958 517,957 546,957 574,957 602,957 631,957 659,957 688,957"/>
                <TextEquiv>
                    <Unicode>ritu Sancto non sufficeret alius modus pro¬</Unicode>
                </TextEquiv>
            </TextLine>
            <TextLine id="r1l52" custom="readingOrder {index:22;}">
                <Coords points="115,1007 605,1009 695,997 695,962 115,966"/>
                <Baseline points="120,994 148,994 177,994 205,994 234,994 262,994 291,994 319,994 348,994 376,994 405,994 433,993 462,993 490,993 519,993 547,993 576,993 604,992 633,992 661,992 690,992"/>
                <TextEquiv>
                    <Unicode>cedendi, puta, quod Filius procederet per mo</Unicode>
                </TextEquiv>
            </TextLine>
            <TextLine id="r1l54" custom="readingOrder {index:23;}">
                <Coords points="108,1034 684,1034 684,1007 646,998 108,1005"/>
                <Baseline points="113,1029 141,1029 169,1029 197,1030 226,1030 254,1030 282,1030 311,1029 339,1029 367,1029 396,1029 424,1029 452,1028 480,1028 509,1028 537,1028 565,1028 594,1027 622,1027 650,1027 679,1027"/>
                <TextEquiv>
                    <Unicode>dum intellectus, &amp; Spiritus Sanctus per mo</Unicode>
                </TextEquiv>
            </TextLine>
            <TextLine id="r1l56" custom="readingOrder {index:24;}">
                <Coords points="111,1070 691,1076 691,1042 627,1031 111,1040"/>
                <Baseline points="116,1064 144,1065 173,1065 201,1065 230,1065 258,1065 287,1065 315,1065 344,1065 372,1064 401,1064 429,1063 458,1063 486,1063 515,1062 543,1062 572,1062 600,1062 629,1062 657,1062 686,1062"/>
                <TextEquiv>
                    <Unicode>dum voluntatis, nisi simul cum hoc esset op</Unicode>
                </TextEquiv>
            </TextLine>
            <TextLine id="r1l59" custom="readingOrder {index:25;}">
                <Coords points="118,1112 546,1103 573,1119 689,1102 688,1075 639,1067 117,1079"/>
                <Baseline points="123,1099 151,1100 179,1100 207,1101 235,1101 263,1101 291,1101 319,1101 347,1101 375,1101 403,1100 431,1100 459,1099 487,1099 515,1099 543,1098 571,1098 599,1098 627,1098 655,1098 684,1098"/>
                <TextEquiv>
                    <Unicode>posito relatiua inter eos, tanquam principa¬</Unicode>
                </TextEquiv>
            </TextLine>
            <TextLine id="r1l61" custom="readingOrder {index:26;}">
                <Coords points="117,1142 134,1140 145,1147 184,1142 236,1151 236,1110 227,1112 210,1100 194,1110 182,1111 171,1103 162,1112 145,1109 140,1113 132,1109 117,1112"/>
                <Baseline points="122,1138 149,1136 176,1135 203,1136 231,1137"/>
                <TextEquiv>
                    <Unicode>lis causa,</Unicode>
                </TextEquiv>
            </TextLine>
            <TextLine id="r1l68" custom="readingOrder {index:27;}">
                <Coords points="130,1219 681,1214 680,1173 656,1169 129,1175"/>
                <Baseline points="135,1207 162,1207 189,1208 216,1208 243,1208 270,1208 297,1207 324,1207 351,1207 378,1207 405,1207 432,1206 459,1206 486,1206 513,1205 540,1205 567,1205 594,1205 621,1205 648,1205 676,1206"/>
                <TextEquiv>
                    <Unicode>DISTINCTIONIS DVODECIMAe</Unicode>
                </TextEquiv>
            </TextLine>
            <TextLine id="r1l73" custom="readingOrder {index:28;}">
                <Coords points="216,1291 347,1281 386,1296 425,1276 488,1293 594,1282 600,1242 216,1249"/>
                <Baseline points="221,1281 247,1280 274,1279 301,1279 327,1278 354,1278 381,1278 408,1278 434,1278 461,1277 488,1277 514,1277 541,1276 568,1276 595,1275"/>
                <TextEquiv>
                    <Unicode>QV.AESTIO PRIMA</Unicode>
                </TextEquiv>
            </TextLine>
            <TextLine id="r1l77" custom="readingOrder {index:29;}">
                <Coords points="125,1355 695,1359 695,1323 616,1311 125,1325"/>
                <Baseline points="130,1346 158,1347 186,1347 214,1348 242,1348 270,1348 298,1348 326,1348 354,1348 382,1347 410,1347 438,1347 466,1346 494,1346 522,1346 550,1346 578,1346 606,1346 634,1346 662,1347 690,1348"/>
                <TextEquiv>
                    <Unicode>Vtrum Spiritus Sanctus procedat a patre,</Unicode>
                </TextEquiv>
            </TextLine>
            <TextLine id="r1l80" custom="readingOrder {index:30;}">
                <Coords points="206,1394 610,1394 610,1362 561,1364 549,1352 460,1362 206,1355"/>
                <Baseline points="211,1383 237,1383 263,1384 289,1384 316,1384 342,1384 368,1383 394,1383 421,1383 447,1382 473,1382 499,1382 526,1381 552,1381 578,1381 605,1381"/>
                <TextEquiv>
                    <Unicode>&amp; Filio per mutuum amorem.</Unicode>
                </TextEquiv>
            </TextLine>
            <TextLine id="line_1600792016386_74" custom="readingOrder {index:31;}">
                <Coords points="110,1637 607,1644 668,1632 668,1595 110,1603"/>
                <Baseline points="115,1624 129,1625 160,1627 192,1628 223,1630 254,1630 286,1630 317,1630 349,1630 380,1629 411,1629 443,1628 474,1628 506,1627 537,1627 568,1626 600,1627 631,1627 663,1628"/>
                <TextEquiv>
                    <Unicode>ARGVITVR PRO PARTE</Unicode>
                </TextEquiv>
            </TextLine>
            <TextLine id="r1l100" custom="readingOrder {index:32;}">
                <Coords points="254,1667 270,1665 296,1681 319,1669 343,1678 354,1671 376,1681 410,1669 454,1674 455,1630 412,1633 400,1644 385,1644 369,1633 347,1643 318,1642 305,1631 298,1638 277,1633 254,1641"/>
                <Baseline points="259,1660 286,1661 313,1662 340,1663 367,1663 394,1663 421,1663 449,1664"/>
                <TextEquiv>
                    <Unicode>negante.</Unicode>
                </TextEquiv>
            </TextLine>
            <TextLine id="r1l103" custom="readingOrder {index:33;}">
                <Coords points="123,1713 694,1708 693,1677 674,1668 122,1678"/>
                <Baseline points="127,1701 155,1700 183,1699 211,1699 239,1698 267,1698 295,1698 323,1698 351,1698 379,1698 407,1698 435,1698 463,1697 491,1697 519,1697 547,1697 575,1696 603,1696 631,1695 659,1695 688,1694"/>
                <TextEquiv>
                    <Unicode>1Q1 Spiritus Sanctus procederet per mu¬</Unicode>
                </TextEquiv>
            </TextLine>
            <TextLine id="r1l106" custom="readingOrder {index:34;}">
                <Coords points="142,1748 692,1740 691,1712 651,1702 443,1717 209,1704 171,1727 141,1712"/>
                <Baseline points="147,1736 174,1736 201,1735 228,1734 255,1734 282,1734 309,1733 336,1733 363,1733 390,1733 417,1733 444,1733 471,1733 498,1733 525,1733 552,1733 579,1732 606,1732 633,1731 660,1730 687,1729"/>
                <TextEquiv>
                    <Unicode>Atuum amorem, sequeretur quod actus</Unicode>
                </TextEquiv>
            </TextLine>
            <TextLine id="r1l108" custom="readingOrder {index:35;}">
                <Coords points="118,1781 690,1777 676,1740 118,1737"/>
                <Baseline points="123,1769 151,1769 179,1770 207,1770 235,1770 263,1770 291,1770 319,1770 347,1769 375,1769 404,1769 432,1769 460,1769 488,1768 516,1768 544,1768 572,1767 600,1767 628,1767 656,1767 685,1767"/>
                <TextEquiv>
                    <Unicode>spirandi non esset complete ab vna persona;</Unicode>
                </TextEquiv>
            </TextLine>
            <TextLine id="r1l110" custom="readingOrder {index:36;}">
                <Coords points="120,1817 692,1816 694,1780 120,1783"/>
                <Baseline points="125,1804 153,1805 181,1805 209,1806 237,1806 266,1806 294,1806 322,1806 350,1805 378,1805 407,1805 435,1804 463,1804 491,1803 519,1803 548,1802 576,1802 604,1802 632,1801 660,1801 689,1801"/>
                <TextEquiv>
                    <Unicode>sed hoc est falsum, ergo &amp;c. Consequentia</Unicode>
                </TextEquiv>
            </TextLine>
            <TextLine id="r1l112" custom="readingOrder {index:37;}">
                <Coords points="124,1857 580,1855 610,1840 698,1852 698,1823 647,1807 124,1821"/>
                <Baseline points="129,1841 157,1841 185,1841 213,1840 241,1840 270,1840 298,1840 326,1840 354,1839 382,1839 411,1839 439,1839 467,1839 495,1839 523,1838 552,1838 580,1838 608,1837 636,1837 664,1837 693,1836"/>
                <TextEquiv>
                    <Unicode>patet, quia mutuus amor non potest esse v¬</Unicode>
                </TextEquiv>
            </TextLine>
            <TextLine id="r1l114" custom="readingOrder {index:38;}">
                <Coords points="118,1884 657,1890 697,1879 697,1851 118,1856"/>
                <Baseline points="123,1876 151,1876 179,1876 208,1876 236,1876 265,1875 293,1875 322,1875 350,1875 379,1875 407,1874 435,1874 464,1874 492,1873 521,1873 549,1873 578,1872 606,1872 635,1871 663,1871 692,1870"/>
                <TextEquiv>
                    <Unicode>nius tantum personae, sed necessario requi¬ </Unicode>
                </TextEquiv>
            </TextLine>
            <TextLine id="r1l117" custom="readingOrder {index:39;}">
                <Coords points="121,1921 655,1912 703,1926 703,1880 121,1890"/>
                <Baseline points="126,1910 154,1910 183,1910 211,1910 240,1910 269,1910 297,1910 326,1910 354,1909 383,1909 412,1909 440,1909 469,1909 497,1908 526,1908 555,1908 583,1908 612,1908 640,1908 669,1908 698,1909"/>
                <TextEquiv>
                    <Unicode>rit distinctas personas: Falsitatem probo,</Unicode>
                </TextEquiv>
            </TextLine>
            <TextLine id="r1l119" custom="readingOrder {index:40;}">
                <Coords points="129,1962 697,1949 696,1925 659,1913 128,1920"/>
                <Baseline points="133,1945 160,1945 188,1946 216,1946 244,1946 272,1946 300,1946 328,1946 356,1946 384,1945 412,1945 439,1945 467,1945 495,1944 523,1944 551,1943 579,1943 607,1943 635,1942 663,1941 691,1941"/>
                <TextEquiv>
                    <Unicode>quia actum aliquem esse ab aliqua diuina</Unicode>
                </TextEquiv>
            </TextLine>
            <TextLine id="r1l121" custom="readingOrder {index:41;}">
                <Coords points="129,1987 329,1998 436,1982 476,1997 590,1982 607,1995 689,1989 689,1951 129,1962"/>
                <Baseline points="134,1980 161,1981 189,1981 216,1982 244,1982 271,1982 299,1982 326,1982 354,1981 381,1981 409,1981 436,1980 464,1980 491,1980 519,1979 546,1978 574,1978 601,1978 629,1977 656,1977 684,1977"/>
                <TextEquiv>
                    <Unicode>persona incomplete, argueret imperfe¬</Unicode>
                </TextEquiv>
            </TextLine>
            <TextLine id="r1l125" custom="readingOrder {index:42;}">
                <Coords points="126,2022 700,2030 699,1990 126,1997"/>
                <Baseline points="131,2015 159,2016 187,2017 215,2017 243,2018 272,2018 300,2018 328,2018 356,2017 384,2017 413,2017 441,2016 469,2016 497,2015 525,2015 554,2014 582,2014 610,2013 638,2013 666,2013 695,2013"/>
                <TextEquiv>
                    <Unicode>ctionem in ea, quod est absurdum ponere</Unicode>
                </TextEquiv>
            </TextLine>
            <TextLine id="r1l130" custom="readingOrder {index:43;}">
                <Coords points="127,2059 163,2055 197,2063 205,2056 213,2062 230,2057 238,2064 268,2063 268,2027 258,2022 241,2028 226,2024 219,2029 187,2023 166,2026 154,2022 144,2029 127,2024"/>
                <Baseline points="132,2049 158,2051 184,2052 210,2052 236,2051 263,2052"/>
                <TextEquiv>
                    <Unicode>in diuinis </Unicode>
                </TextEquiv>
            </TextLine>
            <TextLine id="r1l133" custom="readingOrder {index:44;}">
                <Coords points="148,2095 700,2092 699,2057 680,2048 652,2064 147,2057"/>
                <Baseline points="152,2088 179,2088 206,2087 233,2087 260,2087 287,2086 314,2086 341,2086 368,2086 395,2086 423,2085 450,2085 477,2085 504,2085 531,2084 558,2084 585,2084 612,2083 639,2083 666,2082 694,2082"/>
                <TextEquiv>
                    <Unicode>2 Si mutuus amor Patris, &amp; Filij esset prin</Unicode>
                </TextEquiv>
            </TextLine>
            <TextLine id="r1l135" custom="readingOrder {index:45;}">
                <Coords points="124,2132 695,2128 685,2092 124,2093"/>
                <Baseline points="129,2120 157,2121 185,2121 213,2122 241,2122 269,2122 297,2122 325,2122 353,2122 381,2121 409,2121 437,2121 465,2120 493,2120 521,2120 549,2119 577,2119 605,2119 633,2118 661,2118 690,2118"/>
                <TextEquiv>
                    <Unicode>cipium Spiritus Sancti, sequeretur, Patrem,</Unicode>
                </TextEquiv>
            </TextLine>
            <TextLine id="r1l137" custom="readingOrder {index:46;}">
                <Coords points="124,2162 705,2165 705,2134 626,2123 124,2135"/>
                <Baseline points="129,2155 157,2156 186,2156 214,2157 243,2157 271,2158 300,2158 328,2158 357,2158 385,2158 414,2157 443,2157 471,2156 500,2156 528,2155 557,2155 585,2154 614,2154 642,2153 671,2153 700,2152"/>
                <TextEquiv>
                    <Unicode>&amp; Filium spitare Spiritum Sanctum inquan</Unicode>
                </TextEquiv>
            </TextLine>
            <TextLine id="r1l139" custom="readingOrder {index:47;}">
                <Coords points="124,2207 695,2215 682,2168 124,2163"/>
                <Baseline points="129,2193 157,2194 185,2194 213,2194 241,2195 269,2195 297,2195 325,2195 353,2194 381,2194 409,2194 437,2194 465,2193 493,2193 521,2192 549,2192 577,2191 605,2191 633,2191 661,2190 690,2190"/>
                <TextEquiv>
                    <Unicode>tum plures, &amp; non inquantum vnum, con¬</Unicode>
                </TextEquiv>
            </TextLine>
            <TextEquiv>
                <Unicode>oritur ex ipsismet productionibus, inquantum
ad completam distinctionem, &amp; completum
ordinem productionum, &amp; productorum si¬
mul cum oppositone relatiua, quae est inter
duo producta, concurrit etiam alius modus
procedendi, &amp; producendi, ita quod praefa¬
ta duo simul iuneta, sunt causa adaequata di
stinctionis personalis, vt est declaratum.
ADRATIONES PRINCIPALES.
D primam patet quid sit dicendum, per
illud quod dictum fuit in fine primi
Striculi. 
Ad secundam dico, quod aliquo modo po
test concedi esse quasi aduentitium Filio spi
rare Spiritum Sanctum, pro quanto non est
de intrinseca ratione suae personalitatis, vt
superius est declaratum; Non debet tamen
concedi, quod sit aduentitium, quasi res di¬
stincta ab eo.
Ad tertiam dico, quod sicut patet ex di¬
etis, ad completam distinctionem Filij a Spi
ritu Sancto non sufficeret alius modus pro¬
cedendi, puta, quod Filius procederet per mo
dum intellectus, &amp; Spiritus Sanctus per mo
dum voluntatis, nisi simul cum hoc esset op
posito relatiua inter eos, tanquam principa¬
lis causa,
DISTINCTIONIS DVODECIMAe
QV.AESTIO PRIMA
Vtrum Spiritus Sanctus procedat a patre,
&amp; Filio per mutuum amorem.
ARGVITVR PRO PARTE
negante.
1Q1 Spiritus Sanctus procederet per mu¬
Atuum amorem, sequeretur quod actus
spirandi non esset complete ab vna persona;
sed hoc est falsum, ergo &amp;c. Consequentia
patet, quia mutuus amor non potest esse v¬
nius tantum personae, sed necessario requi¬ 
rit distinctas personas: Falsitatem probo,
quia actum aliquem esse ab aliqua diuina
persona incomplete, argueret imperfe¬
ctionem in ea, quod est absurdum ponere
in diuinis 
2 Si mutuus amor Patris, &amp; Filij esset prin
cipium Spiritus Sancti, sequeretur, Patrem,
&amp; Filium spitare Spiritum Sanctum inquan
tum plures, &amp; non inquantum vnum, con¬</Unicode>
            </TextEquiv>
        </TextRegion>
        <TextRegion orientation="0.0" id="TextRegion_1600792116909_156" custom="readingOrder {index:1;}">
            <Coords points="704,136 1304,136 1308,2232 1308,2286 711,2286 711,2114"/>
            <TextLine id="r1l3" custom="readingOrder {index:0;}">
                <Coords points="714,228 979,217 1010,232 1269,233 1297,225 1297,178 1245,192 1046,176 714,188"/>
                <Baseline points="719,217 747,217 776,217 804,216 833,216 862,216 890,216 919,216 948,216 976,216 1005,216 1034,217 1062,217 1091,217 1120,217 1148,217 1177,218 1206,218 1234,218 1263,218 1292,218"/>
                <TextEquiv>
                    <Unicode>sequens est falsum, ergo &amp;c. Consequentia</Unicode>
                </TextEquiv>
            </TextLine>
            <TextLine id="r1l5" custom="readingOrder {index:1;}">
                <Coords points="722,257 1175,270 1194,256 1298,263 1298,225 722,232"/>
                <Baseline points="727,252 755,252 783,252 811,252 840,252 868,252 896,252 925,252 953,252 981,252 1010,251 1038,251 1066,252 1094,252 1123,252 1151,252 1179,253 1208,253 1236,254 1264,255 1293,256"/>
                <TextEquiv>
                    <Unicode>patet, quia mutuus amor requirit plura, v</Unicode>
                </TextEquiv>
            </TextLine>
            <TextLine id="r1l7" custom="readingOrder {index:2;}">
                <Coords points="720,293 1297,299 1297,266 1194,256 1174,270 962,255 720,269"/>
                <Baseline points="725,288 753,287 781,287 810,287 838,287 866,287 895,287 923,287 951,287 980,287 1008,287 1036,287 1065,287 1093,287 1121,287 1150,288 1178,288 1206,288 1235,288 1263,289 1292,289"/>
                <TextEquiv>
                    <Unicode>plura. Falsitatem probo, quia vnus simplex</Unicode>
                </TextEquiv>
            </TextLine>
            <TextLine id="r1l9" custom="readingOrder {index:3;}">
                <Coords points="718,328 1295,332 1295,304 1274,294 718,304"/>
                <Baseline points="723,322 751,322 779,322 808,322 836,321 864,322 893,322 921,322 949,322 978,322 1006,322 1034,323 1063,323 1091,323 1119,323 1148,323 1176,323 1204,323 1233,323 1261,323 1290,323"/>
                <TextEquiv>
                    <Unicode>actus est ab vno simplici principio, &amp; non</Unicode>
                </TextEquiv>
            </TextLine>
            <TextLine id="r1l11" custom="readingOrder {index:4;}">
                <Coords points="715,365 1094,360 1197,377 1294,366 1295,332 716,329"/>
                <Baseline points="720,358 748,358 776,357 805,357 833,357 862,357 890,357 919,357 947,358 976,358 1004,358 1032,358 1061,358 1089,358 1118,358 1146,358 1175,358 1203,358 1232,358 1260,358 1289,357"/>
                <TextEquiv>
                    <Unicode>a pluribus, vt plura sunt, actus spirandi</Unicode>
                </TextEquiv>
            </TextLine>
            <TextLine id="r1l13" custom="readingOrder {index:5;}">
                <Coords points="721,402 1291,404 1291,373 1240,363 1198,376 1168,362 1086,376 721,365"/>
                <Baseline points="726,391 754,392 782,392 810,393 838,393 866,393 894,393 922,394 950,394 978,394 1006,394 1034,394 1062,394 1090,394 1118,394 1146,394 1174,394 1202,394 1230,395 1258,395 1286,396"/>
                <TextEquiv>
                    <Unicode>est vnus simplex actus, ergo erit ab vno,</Unicode>
                </TextEquiv>
            </TextLine>
            <TextLine id="r1l17" custom="readingOrder {index:6;}">
                <Coords points="721,438 747,439 756,433 783,438 792,434 802,438 811,434 832,436 836,432 856,434 856,400 814,402 808,407 793,398 768,399 764,395 747,404 721,401"/>
                <Baseline points="726,427 751,428 776,428 801,428 826,428 851,428"/>
                <TextEquiv>
                    <Unicode>&amp; vnum.</Unicode>
                </TextEquiv>
            </TextLine>
            <TextLine id="r1l19" custom="readingOrder {index:7;}">
                <Coords points="751,476 1265,478 1303,468 1303,433 751,435"/>
                <Baseline points="756,464 783,464 810,464 837,464 864,463 891,463 918,463 945,463 972,463 999,463 1027,463 1054,463 1081,463 1108,463 1135,463 1162,463 1189,463 1216,463 1243,463 1270,463 1298,463"/>
                <TextEquiv>
                    <Unicode>3 Si amore mutuo procederet, sequere¬</Unicode>
                </TextEquiv>
            </TextLine>
            <TextLine id="r1l21" custom="readingOrder {index:8;}">
                <Coords points="714,506 1296,504 1296,479 1200,470 714,476"/>
                <Baseline points="719,499 747,498 776,498 804,498 833,498 862,498 890,498 919,498 947,498 976,498 1005,498 1033,498 1062,498 1090,498 1119,498 1148,499 1176,499 1205,499 1233,498 1262,498 1291,498"/>
                <TextEquiv>
                    <Unicode>tur, Patrem, &amp; Filium esse plures spirato¬</Unicode>
                </TextEquiv>
            </TextLine>
            <TextLine id="r1l23" custom="readingOrder {index:9;}">
                <Coords points="719,541 1254,547 1301,539 1301,505 719,510"/>
                <Baseline points="724,535 752,534 781,534 809,533 838,533 867,533 895,533 924,533 952,533 981,533 1010,533 1038,533 1067,533 1095,533 1124,533 1153,533 1181,533 1210,533 1238,534 1267,534 1296,534"/>
                <TextEquiv>
                    <Unicode>res, quod videtur falsum; Consequentia</Unicode>
                </TextEquiv>
            </TextLine>
            <TextLine id="r1l25" custom="readingOrder {index:10;}">
                <Coords points="718,585 1295,581 1286,541 718,542"/>
                <Baseline points="723,570 751,569 779,569 808,569 836,568 864,568 893,568 921,568 949,568 978,568 1006,568 1034,568 1063,569 1091,569 1119,569 1148,569 1176,569 1204,569 1233,570 1261,570 1290,570"/>
                <TextEquiv>
                    <Unicode>patet: Falsitatem probo per P. Augustinum</Unicode>
                </TextEquiv>
            </TextLine>
            <TextLine id="r1l28" custom="readingOrder {index:11;}">
                <Coords points="715,624 1125,605 1298,619 1298,579 715,587"/>
                <Baseline points="720,603 748,603 777,604 805,604 834,604 863,604 891,604 920,604 949,604 977,604 1006,604 1035,604 1063,604 1092,604 1121,604 1149,604 1178,604 1207,604 1235,605 1264,605 1293,606"/>
                <TextEquiv>
                    <Unicode>quinto de Trinitate cap. 14 vbi dicit, quod</Unicode>
                </TextEquiv>
            </TextLine>
            <TextLine id="r1l30" custom="readingOrder {index:12;}">
                <Coords points="711,651 1276,654 1294,651 1294,608 711,622"/>
                <Baseline points="716,639 744,639 773,639 801,639 830,638 859,638 887,638 916,638 945,638 973,638 1002,638 1031,638 1059,638 1088,638 1117,638 1145,638 1174,638 1203,639 1231,639 1260,639 1289,640"/>
                <TextEquiv>
                    <Unicode>sicut Pater, &amp; Filius, &amp; Spiritus Sanctus.</Unicode>
                </TextEquiv>
            </TextLine>
            <TextLine id="r1l32" custom="readingOrder {index:13;}">
                <Coords points="714,682 1163,691 1302,683 1303,651 715,648"/>
                <Baseline points="720,674 748,674 777,674 806,674 835,674 864,674 893,673 922,673 951,673 980,673 1009,673 1037,673 1066,673 1095,673 1124,673 1153,674 1182,674 1211,674 1240,674 1269,675 1298,675"/>
                <TextEquiv>
                    <Unicode>referuntur ad creaturam, ita Pater, &amp; Filius</Unicode>
                </TextEquiv>
            </TextLine>
            <TextLine id="r1l34" custom="readingOrder {index:14;}">
                <Coords points="714,716 1234,724 1296,714 1296,679 714,683"/>
                <Baseline points="719,710 747,710 776,709 804,709 833,709 862,709 890,709 919,709 947,709 976,709 1005,709 1033,709 1062,709 1090,709 1119,709 1148,709 1176,709 1205,709 1233,709 1262,710 1291,710"/>
                <TextEquiv>
                    <Unicode>ad Spiritum Sanctum, sed tres personae re¬</Unicode>
                </TextEquiv>
            </TextLine>
            <TextLine id="r1l36" custom="readingOrder {index:15;}">
                <Coords points="717,750 1300,752 1300,718 1277,716 717,717"/>
                <Baseline points="722,745 750,744 779,744 807,744 836,744 865,744 893,744 922,744 951,744 979,744 1008,744 1037,744 1065,744 1094,745 1123,745 1151,745 1180,745 1209,745 1237,745 1266,746 1295,746"/>
                <TextEquiv>
                    <Unicode>latae ad creaturam non dicuntur nisi vnus)</Unicode>
                </TextEquiv>
            </TextLine>
            <TextLine id="r1l38" custom="readingOrder {index:16;}">
                <Coords points="712,789 1267,799 1295,786 1295,753 712,752"/>
                <Baseline points="717,780 745,780 774,780 802,780 831,779 860,779 888,779 917,779 946,779 974,779 1003,779 1032,779 1060,780 1089,780 1118,780 1146,780 1175,780 1204,780 1232,780 1261,780 1290,779"/>
                <TextEquiv>
                    <Unicode>creater, ergo Pater, &amp; Filius relati ad Spi-</Unicode>
                </TextEquiv>
            </TextLine>
            <TextLine id="r1l40" custom="readingOrder {index:17;}">
                <Coords points="712,824 1305,831 1290,787 712,795"/>
                <Baseline points="717,816 746,815 775,815 804,815 833,815 862,815 891,815 921,815 950,815 979,815 1008,815 1037,815 1066,815 1095,815 1125,815 1154,816 1183,816 1212,816 1241,816 1270,817 1300,817"/>
                <TextEquiv>
                    <Unicode>ritum Sanctum non dicentur nisi vnus</Unicode>
                </TextEquiv>
            </TextLine>
            <TextLine id="r1l42" custom="readingOrder {index:18;}">
                <Coords points="718,866 740,868 750,858 767,862 780,855 800,861 819,854 833,860 879,856 878,828 863,820 828,821 806,830 774,820 750,826 717,822"/>
                <Baseline points="723,851 748,850 773,850 798,850 823,850 848,849 874,848"/>
                <TextEquiv>
                    <Unicode>spirator.</Unicode>
                </TextEquiv>
            </TextLine>
            <TextLine id="r1l45" custom="readingOrder {index:19;}">
                <Coords points="717,901 970,888 1282,903 1301,900 1301,855 717,865"/>
                <Baseline points="722,888 750,887 779,887 808,886 836,886 865,886 894,885 922,885 951,886 980,886 1009,886 1037,886 1066,886 1095,887 1123,887 1152,887 1181,887 1209,887 1238,887 1267,887 1296,887"/>
                <TextEquiv>
                    <Unicode>AD OPPOSITVM ARGVITVRV</Unicode>
                </TextEquiv>
            </TextLine>
            <TextLine id="r1l47" custom="readingOrder {index:20;}">
                <Coords points="720,935 1302,935 1302,899 1253,892 1122,907 1085,891 720,895"/>
                <Baseline points="725,921 753,921 782,921 810,921 839,921 868,921 896,921 925,921 953,921 982,921 1011,921 1039,922 1068,922 1096,922 1125,922 1154,922 1182,922 1211,922 1239,922 1268,921 1297,921"/>
                <TextEquiv>
                    <Unicode>1Q Piritus Sanctus, vt Amor, &amp; perfecta</Unicode>
                </TextEquiv>
            </TextLine>
            <TextLine id="r1l49" custom="readingOrder {index:21;}">
                <Coords points="751,971 1297,974 1291,933 751,925"/>
                <Baseline points="756,956 782,956 809,957 836,957 863,957 890,957 916,957 943,957 970,957 997,957 1024,957 1050,957 1077,957 1104,957 1131,957 1158,957 1184,957 1211,958 1238,958 1265,959 1292,960"/>
                <TextEquiv>
                    <Unicode>Charitas procedit, mutuus autem Amor,</Unicode>
                </TextEquiv>
            </TextLine>
            <TextLine id="r1l51" custom="readingOrder {index:22;}">
                <Coords points="724,1000 763,1014 789,998 1297,1002 1297,973 1237,962 724,968"/>
                <Baseline points="729,992 757,992 785,992 813,992 841,991 869,991 897,991 926,991 954,991 982,991 1010,991 1038,991 1066,991 1094,991 1123,992 1151,992 1179,992 1207,992 1235,992 1263,992 1292,992"/>
                <TextEquiv>
                    <Unicode>&amp; perfecta Charitas minus quam inter du¬</Unicode>
                </TextEquiv>
            </TextLine>
            <TextLine id="r1l53" custom="readingOrder {index:23;}">
                <Coords points="720,1036 1293,1037 1293,1002 1254,998 720,1003"/>
                <Baseline points="725,1028 753,1028 781,1028 809,1028 837,1027 865,1027 893,1027 922,1027 950,1027 978,1027 1006,1027 1034,1027 1062,1027 1090,1027 1119,1027 1147,1027 1175,1027 1203,1027 1231,1027 1259,1027 1288,1027"/>
                <TextEquiv>
                    <Unicode>os haberi non potest, sicut dicit D. Sreg in</Unicode>
                </TextEquiv>
            </TextLine>
            <TextLine id="r1l55" custom="readingOrder {index:24;}">
                <Coords points="718,1072 992,1068 1027,1083 1151,1067 1245,1085 1299,1069 1299,1043 1219,1032 718,1035"/>
                <Baseline points="723,1063 751,1063 780,1063 808,1063 837,1063 865,1063 894,1063 922,1062 951,1062 979,1062 1008,1062 1037,1062 1065,1062 1094,1062 1122,1062 1151,1062 1179,1062 1208,1062 1236,1062 1265,1062 1294,1062"/>
                <TextEquiv>
                    <Unicode>Homil ergo sequitur Spiritum Sanctum pro¬</Unicode>
                </TextEquiv>
            </TextLine>
            <TextLine id="r1l58" custom="readingOrder {index:25;}">
                <Coords points="718,1106 1292,1108 1292,1071 1246,1085 1150,1067 1018,1084 991,1069 718,1073"/>
                <Baseline points="723,1099 751,1098 779,1098 807,1098 835,1098 864,1098 892,1098 920,1098 948,1098 976,1098 1005,1098 1033,1098 1061,1098 1089,1098 1117,1098 1146,1098 1174,1098 1202,1098 1230,1098 1258,1097 1287,1097"/>
                <TextEquiv>
                    <Unicode>cedere a Patre, &amp; Filio, vt duo sunt, &amp; per</Unicode>
                </TextEquiv>
            </TextLine>
            <TextLine id="r1l60" custom="readingOrder {index:26;}">
                <Coords points="719,1144 1295,1135 1295,1111 1177,1104 719,1111"/>
                <Baseline points="724,1134 752,1133 780,1133 808,1133 837,1133 865,1133 893,1133 922,1133 950,1133 978,1133 1007,1133 1035,1133 1063,1133 1091,1133 1120,1133 1148,1133 1176,1133 1205,1133 1233,1133 1261,1133 1290,1133"/>
                <TextEquiv>
                    <Unicode>concordem voluntatem, ac mutuum amo¬</Unicode>
                </TextEquiv>
            </TextLine>
            <TextLine id="r1l64" custom="readingOrder {index:27;}">
                <Coords points="717,1178 1010,1175 1010,1142 975,1150 949,1139 717,1141"/>
                <Baseline points="722,1170 747,1169 773,1169 799,1169 824,1168 850,1168 876,1167 902,1167 927,1166 953,1166 979,1165 1005,1165"/>
                <TextEquiv>
                    <Unicode>rem amborum. </Unicode>
                </TextEquiv>
            </TextLine>
            <TextLine id="r1l66" custom="readingOrder {index:28;}">
                <Coords points="754,1211 1295,1212 1295,1183 1265,1173 754,1179"/>
                <Baseline points="759,1205 785,1205 812,1204 838,1204 865,1204 891,1203 918,1203 944,1203 971,1203 997,1203 1024,1203 1051,1203 1077,1202 1104,1202 1130,1202 1157,1202 1183,1202 1210,1202 1236,1202 1263,1202 1290,1202"/>
                <TextEquiv>
                    <Unicode>2 Spiritus Sanctus est connexio consub¬</Unicode>
                </TextEquiv>
            </TextLine>
            <TextLine id="r1l70" custom="readingOrder {index:29;}">
                <Coords points="716,1247 1299,1248 1299,1211 716,1212"/>
                <Baseline points="721,1239 749,1239 778,1239 806,1239 835,1239 864,1239 892,1239 921,1239 950,1239 978,1239 1007,1239 1036,1239 1064,1239 1093,1238 1122,1238 1150,1238 1179,1239 1208,1239 1236,1239 1265,1239 1294,1239"/>
                <TextEquiv>
                    <Unicode>stantialis, &amp; coeterna Patris, &amp; Filij, sicut </Unicode>
                </TextEquiv>
            </TextLine>
            <TextLine id="r1l71" custom="readingOrder {index:30;}">
                <Coords points="720,1282 1294,1282 1294,1250 1229,1242 720,1250"/>
                <Baseline points="725,1274 753,1274 781,1274 809,1274 837,1273 866,1273 894,1273 922,1273 950,1273 978,1274 1007,1274 1035,1274 1063,1274 1091,1274 1119,1274 1148,1274 1176,1274 1204,1274 1232,1274 1260,1274 1289,1274"/>
                <TextEquiv>
                    <Unicode>dicit P. Augustinus 8. de Trinitate cap. 1I¬</Unicode>
                </TextEquiv>
            </TextLine>
            <TextLine id="r1l75" custom="readingOrder {index:31;}">
                <Coords points="722,1317 1290,1324 1290,1286 1264,1282 722,1282"/>
                <Baseline points="727,1310 754,1310 782,1310 810,1309 838,1309 866,1309 894,1309 922,1309 950,1309 978,1309 1006,1309 1033,1309 1061,1309 1089,1309 1117,1309 1145,1309 1173,1309 1201,1309 1229,1309 1257,1310 1285,1310"/>
                <TextEquiv>
                    <Unicode>hoc autem non verificaretur, nisi procede¬</Unicode>
                </TextEquiv>
            </TextLine>
            <TextLine id="r1l76" custom="readingOrder {index:32;}">
                <Coords points="716,1361 1019,1346 1050,1361 1299,1359 1299,1325 1220,1314 716,1322"/>
                <Baseline points="721,1346 749,1345 778,1345 806,1345 835,1344 864,1344 892,1344 921,1344 950,1344 978,1343 1007,1343 1036,1343 1064,1343 1093,1343 1122,1344 1150,1344 1179,1344 1208,1345 1236,1345 1265,1346 1294,1347"/>
                <TextEquiv>
                    <Unicode>ret ab eis per mutuum amorem amborum o</Unicode>
                </TextEquiv>
            </TextLine>
            <TextLine id="r1l79" custom="readingOrder {index:33;}">
                <Coords points="724,1406 732,1406 745,1395 752,1398 786,1382 796,1388 813,1390 820,1385 841,1384 841,1353 822,1355 817,1350 802,1353 790,1349 771,1359 761,1350 755,1355 748,1350 740,1357 723,1359"/>
                <Baseline points="728,1382 755,1381 782,1379 809,1379 836,1380"/>
                <TextEquiv>
                    <Unicode>ergo &amp;c.</Unicode>
                </TextEquiv>
            </TextLine>
            <TextLine id="r1l81" custom="readingOrder {index:34;}">
                <Coords points="755,1427 1278,1429 1290,1389 755,1394"/>
                <Baseline points="760,1416 786,1415 812,1414 838,1413 865,1413 891,1413 917,1413 943,1412 970,1412 996,1412 1022,1413 1048,1413 1075,1413 1101,1413 1127,1414 1153,1414 1180,1414 1206,1414 1232,1414 1258,1415 1285,1415"/>
                <TextEquiv>
                    <Unicode>RESPONDEO: in ista quaestione</Unicode>
                </TextEquiv>
            </TextLine>
            <TextLine id="r1l82" custom="readingOrder {index:35;}">
                <Coords points="722,1460 1299,1456 1299,1425 1245,1420 722,1421"/>
                <Baseline points="727,1451 755,1451 783,1450 812,1450 840,1449 868,1449 897,1449 925,1449 953,1448 982,1448 1010,1448 1038,1448 1067,1448 1095,1448 1123,1449 1152,1449 1180,1449 1208,1449 1237,1450 1265,1450 1294,1450"/>
                <TextEquiv>
                    <Unicode>tria sunt videnda.</Unicode>
                </TextEquiv>
            </TextLine>
            <TextLine id="r1l84" custom="readingOrder {index:36;}">
                <Coords points="753,1494 1258,1501 1289,1492 1289,1456 753,1459"/>
                <Baseline points="758,1486 784,1486 810,1486 836,1486 863,1485 889,1485 915,1485 942,1485 968,1484 994,1484 1021,1484 1047,1484 1073,1484 1099,1484 1126,1484 1152,1484 1178,1484 1205,1484 1231,1485 1257,1486 1284,1486"/>
                <TextEquiv>
                    <Unicode>1 An concordia, &amp; correspondentia amo</Unicode>
                </TextEquiv>
            </TextLine>
            <TextLine id="r1l86" custom="readingOrder {index:37;}">
                <Coords points="720,1532 1294,1529 1294,1490 1261,1503 720,1488"/>
                <Baseline points="725,1521 753,1521 781,1520 809,1520 837,1520 866,1520 894,1519 922,1519 950,1519 978,1519 1007,1519 1035,1519 1063,1519 1091,1519 1119,1519 1148,1519 1176,1520 1204,1520 1232,1520 1260,1520 1289,1521"/>
                <TextEquiv>
                    <Unicode>ris sit de intrinseca ratione voluntatis, pront</Unicode>
                </TextEquiv>
            </TextLine>
            <TextLine id="r1l88" custom="readingOrder {index:38;}">
                <Coords points="722,1563 1292,1570 1292,1528 1262,1524 1226,1538 722,1533"/>
                <Baseline points="727,1557 755,1557 783,1556 811,1556 839,1555 867,1555 895,1555 923,1555 951,1554 979,1554 1007,1554 1035,1554 1063,1554 1091,1554 1119,1555 1147,1555 1175,1555 1203,1555 1231,1555 1259,1555 1287,1556"/>
                <TextEquiv>
                    <Unicode>est principium productiuum Spiritus San¬</Unicode>
                </TextEquiv>
            </TextLine>
            <TextLine id="r1l91" custom="readingOrder {index:39;}">
                <Coords points="718,1602 1290,1602 1290,1570 1228,1561 718,1568"/>
                <Baseline points="723,1591 751,1591 779,1590 807,1590 835,1590 863,1590 891,1589 919,1589 947,1589 975,1589 1004,1589 1032,1590 1060,1590 1088,1590 1116,1590 1144,1590 1172,1590 1200,1590 1228,1590 1256,1590 1285,1590"/>
                <TextEquiv>
                    <Unicode>cti, &amp; dato quod non; Vtrum possimus</Unicode>
                </TextEquiv>
            </TextLine>
            <TextLine id="r1l93" custom="readingOrder {index:40;}">
                <Coords points="726,1633 1292,1638 1292,1603 1248,1599 726,1597"/>
                <Baseline points="731,1627 758,1627 786,1626 814,1626 842,1626 870,1625 897,1625 925,1625 953,1625 981,1625 1009,1625 1036,1625 1064,1625 1092,1625 1120,1625 1148,1625 1175,1625 1203,1625 1231,1625 1259,1625 1287,1625"/>
                <TextEquiv>
                    <Unicode>saluare aliquo modo Spiritum Sactum pro¬</Unicode>
                </TextEquiv>
            </TextLine>
            <TextLine id="r1l98" custom="readingOrder {index:41;}">
                <Coords points="719,1673 1293,1669 1293,1632 1237,1646 719,1638"/>
                <Baseline points="724,1661 752,1662 780,1662 808,1662 836,1662 865,1662 893,1661 921,1661 949,1661 977,1661 1006,1660 1034,1660 1062,1660 1090,1660 1118,1660 1147,1660 1175,1660 1203,1661 1231,1661 1259,1662 1288,1663"/>
                <TextEquiv>
                    <Unicode>cedere a Patre, &amp; Filio per amorem mu¬</Unicode>
                </TextEquiv>
            </TextLine>
            <TextLine id="r1l102" custom="readingOrder {index:42;}">
                <Coords points="724,1711 1288,1703 1288,1675 1260,1667 724,1673"/>
                <Baseline points="729,1698 756,1698 784,1697 812,1697 839,1696 867,1696 895,1695 922,1695 950,1695 978,1694 1006,1694 1033,1694 1061,1694 1089,1694 1116,1694 1144,1694 1172,1695 1199,1695 1227,1696 1255,1697 1283,1698"/>
                <TextEquiv>
                    <Unicode>tuum amborum. </Unicode>
                </TextEquiv>
            </TextLine>
            <TextLine id="r1l105" custom="readingOrder {index:43;}">
                <Coords points="754,1740 1273,1746 1287,1743 1287,1703 754,1709"/>
                <Baseline points="759,1732 785,1732 811,1731 837,1731 863,1731 889,1730 915,1730 942,1729 968,1729 994,1729 1020,1728 1046,1728 1072,1728 1098,1728 1125,1729 1151,1729 1177,1729 1203,1730 1229,1731 1255,1732 1282,1733"/>
                <TextEquiv>
                    <Unicode>2 An Pater, &amp; Filius spirent Spiritum</Unicode>
                </TextEquiv>
            </TextLine>
            <TextLine id="r1l107" custom="readingOrder {index:44;}">
                <Coords points="724,1777 1296,1778 1280,1743 724,1740"/>
                <Baseline points="729,1768 757,1767 785,1767 813,1766 841,1766 869,1766 897,1765 925,1765 953,1765 981,1765 1010,1765 1038,1765 1066,1765 1094,1765 1122,1765 1150,1766 1178,1766 1206,1767 1234,1768 1262,1769 1291,1770"/>
                <TextEquiv>
                    <Unicode>Sanctum inquantum vnum, vel inquantum</Unicode>
                </TextEquiv>
            </TextLine>
            <TextLine id="r1l109" custom="readingOrder {index:45;}">
                <Coords points="732,1808 1236,1818 1292,1809 1292,1776 732,1780"/>
                <Baseline points="737,1803 764,1802 792,1802 819,1801 847,1800 874,1800 902,1800 929,1799 957,1799 984,1799 1012,1799 1039,1800 1067,1800 1094,1800 1122,1800 1149,1801 1177,1801 1204,1802 1232,1803 1259,1803 1287,1804"/>
                <TextEquiv>
                    <Unicode>plures.</Unicode>
                </TextEquiv>
            </TextLine>
            <TextLine id="r1l111" custom="readingOrder {index:46;}">
                <Coords points="756,1852 1302,1851 1302,1819 1278,1808 756,1818"/>
                <Baseline points="761,1841 787,1840 814,1839 841,1838 868,1837 895,1836 921,1836 948,1835 975,1835 1002,1835 1029,1835 1055,1835 1082,1835 1109,1835 1136,1836 1163,1836 1189,1836 1216,1837 1243,1838 1270,1838 1297,1839"/>
                <TextEquiv>
                    <Unicode>3 An possint dici plures spiratores.</Unicode>
                </TextEquiv>
            </TextLine>
            <TextLine id="r1l115" custom="readingOrder {index:47;}">
                <Coords points="766,1924 1297,1923 1291,1883 766,1879"/>
                <Baseline points="771,1910 797,1909 823,1908 849,1908 875,1907 901,1907 927,1907 953,1906 979,1906 1005,1906 1031,1906 1057,1906 1083,1906 1109,1906 1135,1907 1161,1907 1187,1907 1213,1908 1239,1908 1265,1909 1292,1909"/>
                <TextEquiv>
                    <Unicode>ARTICVLVS PRIMVS.</Unicode>
                </TextEquiv>
            </TextLine>
            <TextLine id="r1l120" custom="readingOrder {index:48;}">
                <Coords points="726,1989 1287,1990 1305,1983 1305,1948 726,1952"/>
                <Baseline points="731,1978 759,1978 787,1978 816,1977 844,1977 873,1976 901,1976 930,1976 958,1975 987,1975 1015,1975 1043,1975 1072,1975 1100,1975 1129,1975 1157,1975 1186,1975 1214,1976 1243,1976 1271,1976 1300,1977"/>
                <TextEquiv>
                    <Unicode>An concordia, &amp; correspondentia amoris sit</Unicode>
                </TextEquiv>
            </TextLine>
            <TextLine id="r1l123" custom="readingOrder {index:49;}">
                <Coords points="786,2018 914,2030 991,2020 1022,2033 1088,2017 1139,2032 1261,2024 1261,1990 1244,1987 1217,2000 1134,1983 1097,1995 786,1986"/>
                <Baseline points="791,2014 816,2014 842,2013 868,2013 894,2012 920,2012 946,2012 971,2012 997,2011 1023,2011 1049,2011 1075,2011 1101,2011 1126,2012 1152,2012 1178,2013 1204,2013 1230,2014 1256,2015"/>
                <TextEquiv>
                    <Unicode>de intrinseca ratione voluntatis </Unicode>
                </TextEquiv>
            </TextLine>
            <TextEquiv>
                <Unicode>sequens est falsum, ergo &amp;c. Consequentia
patet, quia mutuus amor requirit plura, v
plura. Falsitatem probo, quia vnus simplex
actus est ab vno simplici principio, &amp; non
a pluribus, vt plura sunt, actus spirandi
est vnus simplex actus, ergo erit ab vno,
&amp; vnum.
3 Si amore mutuo procederet, sequere¬
tur, Patrem, &amp; Filium esse plures spirato¬
res, quod videtur falsum; Consequentia
patet: Falsitatem probo per P. Augustinum
quinto de Trinitate cap. 14 vbi dicit, quod
sicut Pater, &amp; Filius, &amp; Spiritus Sanctus.
referuntur ad creaturam, ita Pater, &amp; Filius
ad Spiritum Sanctum, sed tres personae re¬
latae ad creaturam non dicuntur nisi vnus)
creater, ergo Pater, &amp; Filius relati ad Spi-
ritum Sanctum non dicentur nisi vnus
spirator.
AD OPPOSITVM ARGVITVRV
1Q Piritus Sanctus, vt Amor, &amp; perfecta
Charitas procedit, mutuus autem Amor,
&amp; perfecta Charitas minus quam inter du¬
os haberi non potest, sicut dicit D. Sreg in
Homil ergo sequitur Spiritum Sanctum pro¬
cedere a Patre, &amp; Filio, vt duo sunt, &amp; per
concordem voluntatem, ac mutuum amo¬
rem amborum. 
2 Spiritus Sanctus est connexio consub¬
stantialis, &amp; coeterna Patris, &amp; Filij, sicut 
dicit P. Augustinus 8. de Trinitate cap. 1I¬
hoc autem non verificaretur, nisi procede¬
ret ab eis per mutuum amorem amborum o
ergo &amp;c.
RESPONDEO: in ista quaestione
tria sunt videnda.
1 An concordia, &amp; correspondentia amo
ris sit de intrinseca ratione voluntatis, pront
est principium productiuum Spiritus San¬
cti, &amp; dato quod non; Vtrum possimus
saluare aliquo modo Spiritum Sactum pro¬
cedere a Patre, &amp; Filio per amorem mu¬
tuum amborum. 
2 An Pater, &amp; Filius spirent Spiritum
Sanctum inquantum vnum, vel inquantum
plures.
3 An possint dici plures spiratores.
ARTICVLVS PRIMVS.
An concordia, &amp; correspondentia amoris sit
de intrinseca ratione voluntatis </Unicode>
            </TextEquiv>
        </TextRegion>
    </Page>
</PcGts>
