1500 2358
196 183 759 225 duo amores in diuinis, quorum vnus sit per
207 225 756 265 fectior alio; quod quidem est falsum, nam
210 257 761 299 vnus, & idem amor est, qui dicitur simplex,
202 294 752 334 inquantum est pure essentialis, & commu¬
210 328 758 369 nis tribus personis quasi per modum formae
203 366 758 403 inexistentis & dicitur mutuus inquantum
209 398 762 438 existit in eis quasi per actum notionalem
200 435 757 478 vnius impendatur alteri, & pr actum notionalem
202 469 758 511 alterius rependatur eidem; nam sicut pa¬
202 500 760 540 tuit superius ex auctoritate P. August indu¬
202 538 755 581 cta: Videre silij respectu Patris idem est, quod
203 570 754 609 ipsum natum esse de Patre, vbi videtur vel¬
196 604 759 640 le, quod visio filij non tendat in Patrem tan¬
194 638 753 677 quam in terminum realiter distinctum a fi¬
203 670 753 711 lio, nisi per actum notionalem qui est nasci,
205 708 756 749 & eodem modo est dicendum visionem Pa
198 740 757 779 tris non tendere in Filium tanquam in obie
200 777 752 815 ctum distinctum, nisi per actum notionalem,
196 812 755 853 qui est generare: Sicut ergo mutuitas cogni
194 843 754 886 tionis attribuitur Patri, & Filio per eorum
199 878 754 923 actus notionales; ita & mutuitas amoris est
197 914 753 954 qua actus notionales, quamuis sint distin¬
197 946 750 989 cti inter se, non sunt tamen distincti ab essen
200 986 752 1021 tialibus, ldcirco sicut visio essentialis sim¬
198 1014 754 1063 plex, & visio personalis mutua non sunt duae
194 1057 755 1095 visiones; ita amor essentialis simplex, & a¬
198 1093 746 1126 mor personalis mutuus non sunt duo amo¬
191 1119 750 1161 res, sed sunt vnus amor aeque perfectus.
194 1156 749 1202 & ista est intentio Anselmi Menolg. capi¬
196 1190 752 1233 te primo dicentis, & quoniam omni-
192 1223 746 1265 non idem est quod amat, & quod amatur
198 1260 752 1307 in patre, & filio, necesse est vt vterque pari
192 1295 565 1340 amore diligat se, & alterum.
226 1324 754 1370 Deficit secundo, quia iucunditatem diui
200 1362 756 1403 ni amoris videtur velle reducere in mutuita
197 1399 754 1437 tem personalem, cum tamen magis sit e con¬
194 1433 748 1474 uerso, quia essentialia non reducuntur in por
195 1465 758 1502 sonalia, sed personalia in essentialia: Mutui¬
199 1499 753 1547 tas ergo personalis in amore prouenit ex pro
192 1532 754 1576 fectione, & iucunditate amoris essentialis, &
201 1566 750 1608 non e conuerso: & ita verba Riccardi sunt
199 1601 750 1641 intelligenda dicentis amorem non posse esse
200 1636 756 1681 ucundum, nisi sit mutuus; ac si diceret quod
195 1671 753 1714 siue in nobis, siue in Deo iucunditas amo¬
196 1703 756 1744 ris exigit distinctas personas, inte quas sit
194 1739 746 1783 mutuitas impensionis, & repensionis; in isto
193 1772 754 1813 tamen modo exigentiae est magna diuersitas:
191 1810 750 1848 Nam quia in creaturis plures personae se amam
196 1842 754 1883 tes, & redamantes habent plus de bonitate,
198 1876 750 1916 & amabilitate, quam vna sola persona, idcir¬
197 1910 753 1956 co plenitudo, & iucunditas amoris innasci¬
203 1949 754 1988 tur ex ipsa mutuitate, & amor mutuus est in
202 1983 752 2026 eis perfectior amore simplici: In diuinis aunte
206 2014 760 2062 quia plures amantes, & redamantes non ha
198 2054 756 2086 bent plus de bonitate, quam vnus eorum, so¬
199 2080 753 2121 lus idcirco plenitudo, & iucunditas amoris
197 2116 760 2165 non innascetur ex mutuitate, sed magis e
790 179 1351 239 conuerso mutuitas innascetur ex plenitudi¬
792 226 1346 271 ne amoris. Et ideo Riccardus nititur pro¬
788 261 1355 305 bare pluralitatem personarum ex plenitudi¬
784 294 1109 341 ne amoris, & sapientiae.
818 330 1359 371 Secundum etiam fundamentum deficit.
791 362 1360 402 Primo, quia volunt voluntatem esse princi¬
790 397 1344 447 pium spiratiuum ex se ipsa etiam antequam
785 438 1341 472 intelligatur existere in suppositis patris, &
790 465 1349 503 filij, quod est falsum; quia sicut dicebatur
792 502 1345 546 superius in 7. distinct. de potentia generan¬
790 535 1341 583 di, quod erat quoddam absolutum cum mo
793 568 1338 605 do relatiuo, qui est ordo ad actum, ita est hio
784 604 1343 642 dicendum de principio spiratiuo; Quamuis
789 641 1339 680 ergo voluntas non acquirat actualitatem, &
786 674 1336 713 foecunditatem ex patre, & ex filio in quibus
782 708 1338 751 existit, acquirit tamen exigentiam in eis con
786 740 1338 780 uenientem, & debitum ordinem ad actum;
790 778 1342 825 non ergo indiget concordia amoris amborum
790 811 1348 855 propter foecunditatem, sed propter conue¬
784 850 1345 882 nientem ordinem ad actum, & ideo assumi¬
784 876 1265 921 tur hic pro causa, quod non est causa.
814 911 1343 952 Deficit secundo, quia supponunt in isto
785 942 1339 986 fundamento concordiam amoris se tenere ex
790 985 1345 1021 parte principij spiratiui, cuius contrarium
784 1017 1343 1053 superius est ostensum, concordia enim amo¬
782 1053 1345 1098 ris concurrit ad actum spirandi non propter
780 1088 1353 1125 indigentiam principij spiratiui, nec etiam
790 1128 1344 1168 propter indigentiam Patris, & Filij, sed pro¬
790 1155 1353 1200 pter coexigentiam ipsius actus, puta quia a¬
788 1189 1349 1225 ctus spirandi exigit fundamentum sic pro¬
790 1222 952 1266 portionatum
815 1258 1345 1298 Tertium autem fundamentum pariter de
782 1293 1345 1336 ficit in duobus, primo quidem, quia supponit
785 1322 1340 1371 quod sit pribritas originis inter patrem, &
784 1361 1338 1403 filiu, cuius contrarium probatum est in 9.
783 1395 1347 1432 distinct, Secundo, quia dato quod ibi sit prio
787 1431 1351 1477 ritas originis, non tamen propter hoc sequi
785 1471 1345 1510 tur, quod pater possit producere Spiritum
782 1500 1343 1545 Sanctum sine filio: Nam quantuncunque
778 1533 1345 1568 haberet omnem foecunditatem in primo si¬
787 1567 1339 1612 gno originis, non tamen haberet eam sub
782 1603 1341 1650 debito ordine ad actum, nec etiam actus spi
783 1642 1343 1674 randi haberet suum fundamentum sub debi
780 1673 1340 1718 ta proportione necessario requisita; sine qua
783 1710 1344 1755 non potest esse talis actus prout distingui¬
780 1745 1344 1779 tur ab actu generandi, vt superius pa¬
783 1775 843 1815 tuit.
841 1809 1339 1858 quartum etiam fundamentum deficit,
782 1843 1347 1880 quia quod actus spirandi non possit esse in
787 1880 1345 1919 solo patre non est propter sui dissimilitudi¬
787 1914 1343 1954 nem, vel propter sui incompletam existen¬
787 1946 1340 1984 tiam in vna sola persona, sed propter suam
817 1979 1321 2022 formalem exigentiam, hoc enim ex
851 2014 1272 2065 sua formali, & intrinseca ratione
891 2049 1249 2098 exigit: & sic patet quod quae
941 2083 1186 2129 stio principalis in¬
992 2117 1194 2178 tendebat. A
