1500 2369
171 185 657 252 ARTICVLVS SECVNDVS
127 255 686 312 Vtrum Pater, & Filius spirent inquantum
214 299 601 346 vnum, vel inquantum plures.
218 511 697 550 D hoc respondent illi, qui ponunt con
141 518 692 586 cordiam amoris esse de ratione princi
134 577 690 619 pij spiratiui dicentes, quod reduplicatio fa¬
134 611 695 660 cta super eo quod quaeritur potest redupli¬
135 648 691 690 care conditionem suppositorum spirantium,
133 681 697 726 & conditionem principij spiratiui; si ego re¬
136 716 686 753 duplicet conditionem suppositorum spiran¬
134 750 692 786 tium, sic dicunt Patrem, & Filium spirare in
140 785 697 831 quantum plures, quod patet. Tum quia pa¬
138 820 694 857 ter, & filius in spirando non perdunt suam
137 856 700 898 distinctionem personalem, & per consequens
138 892 701 931 spirant vt supposita distincta, & plura Tum
134 923 693 964 etiam quia (secundum eos) voluntas non ha¬
137 958 704 994 bet plenam fecunditatem ad productionem
137 994 701 1037 Spiritus Sancti, nisi prout existit in duabus
140 1037 700 1070 personis, scilicet in Patre, & Filio, & per con
138 1069 705 1105 sequens distinctio personalis inter Patrem,
143 1095 703 1141 & Filium videtur necessario requisita ad a¬
138 1128 708 1178 etum spirandi, & sic necessario sequitur, quod
140 1166 701 1202 spirent inquantum plures: Si autem talis re¬
139 1199 707 1239 duplicatio reduplicet conditionem principij
142 1231 700 1281 spiratiui, sic dicunt, quod spirant inquantum
147 1270 702 1310 vnum, quia principium spirationis per quod
147 1304 700 1353 spirant, scilicet diuina voluntas et in eis vna
180 1340 709 1382 Alij vero, quorum est opinio superius re
148 1372 704 1415 citata dicunt simpliciter, quod spirant inquam
151 1406 707 1445 tum vnum; Motiuum autem cui innittuntur
148 1442 710 1487 patere potest ex dictis superius, quia per eos
146 1481 710 1516 concordia amoris non concurrit ad actum
146 1513 702 1555 spirandi tanquam aliquod omnino necessa¬
149 1546 700 1584 rium ad illum,; non enim est necessaria pro¬
154 1579 712 1626 pter principium spiratiuum, quia illud prae¬
153 1612 706 1654 existit complete in patre secundum totam fe
148 1658 711 1693 cunditatem, nec etiam propter actum spiram¬
150 1682 717 1725 di, quia si principium productiuum potest es
154 1716 719 1754 se complete in solo patre, pari ratione & a¬
158 1753 716 1792 etus spiradi; si autem concordia amoris non concur
157 1787 711 1829 rit ibi tanquam aliquid omnino necessarium,
155 1819 715 1868 sequitur, quod nec aliqua pluralitas suppo¬
157 1858 715 1897 sitorum spirantium, quia vnum eorum sequi
149 1892 360 1936 tur ad alterum.
189 1923 720 1966 Ad propositum ergo, quia praefata redu¬
153 1956 717 2004 plicatio reduplicat solum principium spira¬
156 1991 721 2037 tiuum, vt sufficiens causa talis actus, & hanc
160 2027 724 2066 sufficientiam habet in vno solo supposito; id
167 2066 721 2105 circo inferunt, quod nullo modo hic redu¬
154 2094 582 2149 plicetur pluralitas suppositorum.
164 2128 718 2183 Vtraque tamn opinio videtur deficere.
721 191 1274 242 Prima namque deficit tripliciter; Primo, quid
716 240 1280 275 videtur velle quod reduplicatio possit redu
718 269 1282 314 plicare principium, & supposita spiratiua; qud
716 304 1282 347 non est verum, quia reduplicatio dat intelli
720 338 1281 383 gere causam praecisam, & adaequatam praedi
719 372 1281 413 cati in subiecto, & quia in eodem subiecto
726 406 1275 454 eiusdem praedicati non est dare nisi vna cau
726 439 1276 483 sa, impossibile est, quod in eadem proposito
718 472 1274 523 ne de eodem subiecto respectu eiusdem pre¬
724 512 1189 557 dicati reduplicatio reduplicet plura
751 544 1277 593 Secundo, quia dato, quod pluralitas sup¬
719 574 1285 623 positorum necessario concurreret ad actum
722 614 1288 659 spirandi, non tamen ex hoc sequitur, quod
724 646 1280 696 debeant reduplicari, quia sicut inferius pate
724 681 1282 722 bit, plura possunt concurrere necessario ad
732 715 1281 763 veritatem alicuius propositonis, reduplica¬
726 750 1201 806 tio tamen non cadit super omnia illa¬
744 782 1288 830 Tertio, quia vult quod actus spirandi sit
726 821 1283 861 a duobus personis, ac si principium spirati¬
731 858 1297 897 uum existens in eis sortiatur fecunditatem
731 891 1295 930 ab eis; Hoc autem fuit superius improbatum.
755 924 1292 965 Secunda etiam opinio, quamuis in conclu
732 957 1287 1007 sione vera sit, in modo tamen ponendi defi¬
730 995 1289 1035 cit dupliciter. Tum quia vult, quod actus
732 1028 1290 1082 spirandi possit esse quantum ex se est ab vna
726 1063 1294 1100 sola persona, cuius contrarium est probatum
728 1100 1297 1143 supra Tum quia, dato, quod actus spirandi
735 1134 1301 1183 non possit esse nisi a duabus personis, vt su¬
744 1165 1297 1210 perius est declaratum, non tamen propter
732 1198 1300 1241 hoc oportet, quod ibi plurificetur dualitas,
734 1238 1297 1279 & pluralitas personarum, sicut infra decla¬
732 1270 1296 1315 rabitur. Errant igitur, quia arbitrantur re¬
731 1305 1298 1352 duplicationem hic reduplicare quicquid ne
732 1339 1217 1384 cessario concurrit ad actum spirandi.
765 1372 1300 1421 Quapropter videtur dicendum secundum
735 1401 1299 1454 mentem AEgidij, quod Pater, & Filius spire¬
737 1442 1292 1480 tur Spiritum Sanctum inquantum vnum
744 1475 1300 1516 non inquantum plures. Cuius ratio est, quia
739 1512 1301 1557 reduplicatio ista non respicit supposita spi¬
743 1542 1296 1585 rantia, sed solum principium spiratiuum, quod
746 1580 1080 1617 est vnum in Patre, & filio.
749 1612 1297 1651 Ad cuius euidentiam breuiter est intelli¬
746 1653 1298 1696 gendum plura posse concurrere necessario
747 1687 1303 1730 ad veritatem propositonis illius, in qua est
751 1718 1309 1759 ceduplicatio, quemadmodum V. C sidicam¬
740 1753 1301 1791 album disgregat inquantum album, ad veri¬
747 1782 1303 1828 tatem istius propositonis non solum concur
742 1823 1314 1862 rit albedo, sed etiam quantitas, & debita pro
748 1855 1310 1901 pinquitas ad oculum, si enim albedo esset se
752 1892 1302 1936 parata ab omni quantitate, nec haberet debi
750 1926 1308 1972 tam propinquitatem ad oculum nunquam
748 1964 1306 2005 disgregaret. Hoc autem non obstante, redu¬
757 1995 1306 2041 plicatio non reduplicat quantitatem, vel pro
750 2032 1302 2072 pinquitatem ad oculum, sed solam albedinem;
756 2063 1308 2108 quod ideo est, quia sola albedo est ibi causa
751 2097 1313 2142 praecisa, per quam istud praedicatum, disgre¬
750 2133 1309 2185 gare, inest huic subiecto, quod est album es¬
