1500 2315
149 157 703 217 ternata non cognoscit talem causam, nec po
156 201 703 242 test se extendere ad illam cognoscendum,
154 236 677 277 alioquin sequerentur tria inconuenientia.
181 269 699 306 Primum, quod transcenderet suam consi¬
158 306 700 346 derationem, quod est absurdum nam consi¬
160 338 703 379 deratio cuiuscumque scientiae habet terminum,
158 379 697 415 & statum in suis principijs, nec potest cau¬
156 404 694 448 sam veritatis suorum principiorum inquire¬
162 436 706 479 re in superiori scientia, nisi transcendat suam
162 473 381 517 considerationem.
199 509 697 547 Secundo, sequeretur, quod scientia sub¬
161 540 709 584 alterna posset demonstrare sua principia, &
166 572 701 617 hoc est falsum. Consequentia probatur, nam
167 612 703 650 omnis scientia, quae cognoscit veritatem, &
164 637 702 690 causam illius veritatis, potest demonstrare
168 675 249 714 illam
202 700 703 756 Tertio, sequeretur quod nullus posset ad
162 739 703 788 discere scientiam subalternam, sine scientia
166 776 707 812 subalternante, quod est falsum. Nam vide¬
171 811 707 851 mus, quod aliquis potest acquirere notitiam
169 849 709 887 principiorum scientiae subalternatae per sen¬
171 876 709 913 sum, & experientiam, & ex eis deducere con
171 910 708 951 clusiones absque eo, quod aliquid sciat de scie
173 945 712 989 tia subalternante. Consequentia patet, quia
175 981 707 1019 tunc ignoraret propria principia, nisi cogno¬
172 1017 711 1058 sceret causam veritatis illorum in subalter¬
168 1044 717 1084 nante, scire enim est rem per causam co¬
174 1078 301 1127 gnoscere.
221 1113 721 1160 Quidam huic dubitationi respondentes
178 1142 721 1185 concedunt, nullum posse habere scientiam
178 1177 716 1216 subalternam sine subalternante: immo dicunt,
177 1213 716 1251 hoc esse necessarium, quod tali ratione pro¬
173 1246 721 1292 bant. Scientia subalternans est habitus prin
176 1281 714 1328 cipiorum scientiae subalternatae, sed habitus
176 1313 715 1352 conclusionum non potest haberi sine habi¬
179 1348 714 1390 tu principiorum; ergo scientia subalternata
180 1383 723 1421 non poterit haberi sine scientia subalternan
183 1419 709 1460 te. Min est nota in omni scientia Maior pro
179 1449 718 1496 batur, quia principia scientia subalternatae
180 1485 720 1523 non sunt sibi euidentia, sed scientiae subalter
181 1514 725 1559 nanti, ergo habitus eorum non erit ipsa scie
175 1554 709 1595 tia subalternata, sed scientia subalternans
216 1580 717 1625 lste modus dicendi non est rationabilis.
191 1614 720 1661 Tum quia habitus principiorum inquantum
181 1653 725 1690 talis, esset demonstraticius, & sic non differ
179 1683 721 1728 ret ab habitu conclusionum, & probatur, nam
183 1721 727 1760 scientia subalternans non considerat de prin
184 1753 725 1793 cipijs scientiae subalternatae nisi per demon¬
187 1786 724 1826 strationem demonstrando illa, si ergo dici¬
185 1823 723 1861 tur eorum habitus, sequitur necessario, quod
185 1852 718 1890 habitus principiorum sit demonstratiuus.
188 1883 721 1930 Tum quia scientia subalternans demonstra¬
188 1917 717 1961 ret conclusiones subalternatae, & sic ista su
191 1952 723 1990 perflueret, si illa sufficit. Consequentia pro
185 1985 728 2026 batur, quia eadem ars considerat principia,
195 2017 724 2057 & conclusiones, quae deducuntur ex ipsis,
186 2053 729 2107 si ergo subalternans demonstrat principia
724 155 1272 208 subalternatae, vt principia sunt (vt dicunt
728 207 1276 240 ipsi ponendo subalternam non esse habitum
729 242 1269 277 suorum principiorum) sequitur uecessario,
731 272 1272 313 quod habeat demonstrare conclusiones sub
726 307 1269 352 alternatae, quae sequutur ex ipsis principijs.
736 338 1275 377 Tum quia subalternans, & subalterna non
728 373 1280 414 essent distinctae scientiae, sed pertinerent ad
733 405 1270 448 eandem artem, & probatur, nam videmus
739 441 1275 483 vniuersaliter habitum principiorum, & con
737 471 1278 512 clusionum pertinere ad eadem artem. Tum
741 506 1272 546 etiam quia sequeretur, quod scientia subal¬
738 541 1274 574 terna non esset ars completa nisi per inclu¬
739 572 1277 611 sionem scientiae subalternantis, quod est fal
735 606 1278 646 sum. Ex quibus concludo, quod scientia
739 642 1275 688 subalternans non est habitus principiorum
740 673 1276 712 subalternatae, & sic poterit quis scire subal¬
739 705 1103 754 ternam, absque subalternante.
772 741 1276 779 Et ideo dico; quod scientia subalternata
740 779 1272 819 non accipit sua principia a subalternante tam
745 804 1277 856 quam a manifestante eorum veritatem per
742 844 1282 890 causam aliquam, quam cognoscat scientia
742 870 1275 915 subalternata (vt superius est probatum) pro¬
745 914 1274 956 pterea manifestatio veritatis dictorum prin¬
741 941 1285 989 cipiorum debet fieri alio modo. Tvia sensus,
743 979 1286 1022 memoriae, & experientiae. Nisi vellemus di¬
747 1012 1280 1046 cere, quod fiat ex ipsis nominibus termino
746 1046 1282 1082 rum, quod patuit esse falsum. Idcirco si de
753 1078 1294 1126 bet verificari aliquo modo, quod scientia
744 1114 1285 1149 subalternata, accipiat principia a subalter¬
746 1147 1286 1187 nante, oportet dicere, quod recipiat ab ea
749 1183 1289 1220 tamquam a continente causam, veritatis il¬
750 1213 1286 1255 lorum, vnde si tollatur huiusmodi causa, tol
750 1247 1287 1291 litur etiam veritas eorum. Et quia talis mo
750 1278 1290 1326 dus accipiendi principia nullam facit certi¬
753 1315 1294 1358 tudiuem scientiae subalternatae de eorum ve
751 1349 1287 1391 ritate, cogimur illi prescribere alium modum,
752 1387 1295 1429 quo possit sibi comparare veritatem princi¬
757 1415 1299 1457 piorum: lste autem non potest esse nisi ille,
756 1455 1302 1491 quem superius assignauimus s.via sensus, me
753 1482 1292 1523 moriae, & experientiae. Nam si certitudinem
758 1516 1291 1557 de illis hoc modo non haberet, nec etiam ha
750 1549 1291 1590 beret certitudinem de conclusionibus suis,
750 1585 1273 1627 & per consequens non esset vera scientia
782 1618 1290 1660 Ex quibus duas elicio conclusiones. Vna
751 1652 1299 1693 est, quod Theologia proprie loquendo non
759 1682 1297 1718 subalternatur scientiae Dei, nec beatorum, &
752 1718 1297 1757 multo minus cuicunque alteri scientiae: quae
755 1751 1302 1786 statim habetur ex dictis. Ostensum est enim
752 1786 1304 1823 de ratione scientiae subalternatae esse, quod
754 1817 1298 1860 sua principia fiant sibi manifesta via sensus
754 1854 1304 1898 mem. & exper. si ergo Theologia esset scien
760 1885 1301 1924 tia subalternata, articuli Fidei, qui sunt eius
762 1919 1309 1967 principia, fierent sibi nota isto modo, quod
763 1950 943 1994 est impossibile
792 1982 1319 2032 Secunda conclusio. Dato quod Theolo¬
769 2021 1309 2060 gia esset scientia subalterna scientiae Dei, &
760 2053 1312 2106 beatorum, adhuc tamen non reciperet cer-
