1500 2370
135 174 584 234 eipia sunt praeuia productionibus
181 221 708 263 Tertio, quia videmus, quod etiam motus
135 250 702 305 alterius rationis, sicut rectus & circularis, pos
131 293 709 342 sunt terminari ad eundem terminum, vt pa¬
139 328 704 373 tet 5. Physic. quod non esset, si distinctio mo
134 360 703 406 tuum, & productionum sumeretur ex terminis,
127 401 703 448 sed istae rationes non sufficienter arguunt pre
130 430 522 481 fatam opinionem, quod patet.
177 462 704 508 Nam prima deficit, quia non est inconue
135 505 705 549 niens illud, quod est prius secundum origi¬
142 535 706 578 nem recipere speciem, & distinctionem ab ip
135 569 704 612 so posteriori, sicut videmus de materia respe
135 608 708 640 ctu formae: similiter & motus recipiunt di¬
139 639 698 688 stinctionem exterminis, quamuis sint preuij¬
141 677 702 717 quia talis praeuiatio non est secundum perfe
134 707 573 747 ctionem, sed secundum originem.
174 741 711 783 Secunda etiam deficit, quia non est simile
137 779 704 819 de principijs per habitudinem ad productio
139 818 702 857 nem, & de productionibus per habitudinem
136 848 707 891 ad producta, quia principia productionum
131 884 708 932 in diuinis non sunt in eodem genere cum pro
137 918 711 956 ductionibus; nam illa sunt de genere absolu
132 954 709 996 ro, productiones vero de genere relationis, si
134 990 708 1023 autem comparentur productiones ad produm
141 1020 703 1064 eta sunt in eodem genere, quia sunt ambo
131 1059 708 1096 de genere relationis, propter quod non po¬
134 1089 703 1131 test fieri illatio eodem modo ex vtraque parte.
174 1125 709 1170 Tertia similiter deficit, nam, quod motus
135 1155 702 1197 circularis, & rectus non distinguantur omni
135 1195 708 1235 no ex termino, hoc ideo est, quia fiunt per
135 1231 709 1272 media distincta inter se, & a termino, sed vbi
133 1264 703 1306 remouerentur omnia media a motibus, &
134 1305 696 1343 productionibus, sicut est in proposito, vide¬
143 1332 701 1381 retur accipienda distinctio productionum
135 1370 707 1410 ab ipsis terminis; manet ergo prima opinio,
136 1402 614 1441 nisi aliud dicatur contra eam.
178 1436 710 1478 Quapropter mihi videtur aliter dicedum
134 1472 703 1510 contra praefatam opinionem, quadruplici¬
128 1506 599 1549 terenim videtur deficere.
167 1537 704 1580 Primo, quia supponit, quod supposita pro
133 1578 711 1612 dueta sint termini productionum, quod est
137 1610 707 1645 falsum, siquidem terminus specificus, de quo
137 1644 701 1683 ipsi loquuntur, non est illud quod produci¬
140 1680 695 1722 tur, sed forma quae productione communi
138 1713 705 1753 catur, immo si suppositum esset terminus
150 1748 704 1791 productionis in diuinis, sequeretur, quod re
136 1783 703 1820 latio, quae est constitutiua ipsius, esset termi¬
134 1816 705 1861 nur, cuius contrarium fuit probatum ins, di
141 1851 295 1893 stinetione.
166 1886 703 1934 Secundo, quia dato, quod supposita pro¬
132 1917 702 1962 ducta essent termini, non possent per hoc ha
134 1956 698 1994 bere, quod dictae productiones essent alte¬
136 1990 707 2037 rius rationis, & speciei; nam sicut patuit su¬
142 2024 708 2075 perius in 9. distinc. distinctio diuinorum sup
134 2059 705 2105 positorum magis assimilatur distinctioni in¬
140 2095 704 2142 diuiduali, quam specificae: magis ergo per hoc
136 2127 708 2186 habetur, quod essent eiusdem rationis, & spe
736 179 1296 245 ciei, & per consequens generatio esset quae¬
738 228 1298 279 dam spiratio, & spiratio quaedam generatio,
733 261 1045 303 quod ipsi vitare volunt
764 293 1297 344 Tertio, quia illud, quod assumunt de mu
736 333 1298 378 tationibus, non est ad propositum; nam si mo
734 371 1290 417 tus, & mutatio specificantur a terminis, hoc
730 400 1294 444 ideo est, quia sunt quid incompletum, & in
737 444 1295 486 potentia, propter quod recipiunt complemen¬
733 476 1290 522 tum, & actualitatem ab ipsis terminis: pro¬
738 507 1298 557 ductiones autem dictae non sunt quid incom
736 539 1300 591 pletum, & in potentia, immo sunt perfectis¬
732 581 1294 616 simae, & actualissimae, & ideo sicut non reci¬
744 607 1305 657 piunt complementum, & actualitatem ex
738 643 1300 695 terminis, ita etiam non debent ex eis recipe¬
738 684 1106 719 re speciem, & distinctionem.
780 719 1294 764 Quarto deficit, quia supposita producta
734 750 1290 796 inquantum terminant illas productiones, ha
742 782 1296 825 bent eundem modum distinctionis cum pro
738 816 1303 858 ductionibns; nam sicut productiones, in quam
738 856 1301 900 tum productiones, non habent ad inuicem
741 891 1295 939 oppositonem, ita & supposita producta, in
754 917 1301 975 uantum producta nullam habent opposi¬
736 957 1298 1004 tionem: propter quod non est maior ratio di
742 990 1304 1032 stinctionis in productis, quam in productio¬
738 1024 1301 1068 nibus, & ideo non potest magis reduci distin¬
741 1059 1317 1100 ctio productionum in distinctionem produ¬
742 1093 1306 1135 ctorum, quam e conuerso Ex quibus conclu
738 1131 1304 1170 do, quod dictae productiones non distinguum
742 1163 1308 1207 tur ex terminis: Si vero volumus loqui de
740 1201 1304 1241 termino formali, tunc habent vnum, & eun¬
742 1237 1301 1277 dem terminum, scilicet ipsam diuinam essen
739 1271 1302 1319 tiam, quia relatio non potest esse terminus
740 1303 1305 1345 generationis; & per easdem rationes nec ter
740 1342 1305 1383 minus spirationis: Vnde restat, quod sola es
734 1370 1301 1428 sentia sit terminus vtriusque processionis, &
742 1407 1299 1450 quia essentia est omnino vna, non poterit su
744 1437 1274 1483 mi distinctio harum processionum ex ea
776 1475 1303 1517 Occurrit tamen contra praedicta dubita¬
738 1510 1299 1553 tio; nam si essentia diuina est terminus vtrius
734 1549 1303 1598 que productionis, vt dictum est modo, sequi
738 1579 1300 1622 tur quod vna & eadem natura communice
740 1617 1291 1659 tur, duplici communicatione: hoc autem non
742 1653 1305 1694 videtur possibile, quia vna natura debet ha¬
737 1685 1300 1721 bere vnum determinatum modum commu¬
736 1721 1297 1762 nicationis; alioquin non esset determmatus
733 1756 1294 1807 modus generationis secundum vnamquamui
736 1789 1296 1827 speciem, quod est falsum, quia tunc ex quou
734 1821 1298 1865 bet posset generari quodlibet, sicut arguit
743 1858 1295 1899 Commen. 8. Physic. dicens, si esset possibile;
738 1896 1308 1934 vt generaretur, homo ex non semine homi¬
735 1931 1293 1978 minis tunc iste homo: diceretur aequiuocen
738 1962 1296 2016 cum homine generato ex semine, quoniam
743 1994 1300 2039 quando materia fuerit diuersa, diuersifica¬
738 2029 1297 2072 bitur & forma, & si non essent hic formae, &
741 2070 1299 2110 materiae propriae tune quodlibet generate¬
739 2096 1301 2145 tur ex quolibet, immo frutis diceret; quod
739 2135 1307 2186 huiusmodi homines esset eiusdem ratlonis
