1500 2400
119 191 699 238 Habet tamen distinctionem virtualem, quia
125 228 685 274 ita principiat potentias animae vegetatiuae
126 268 701 309 ac si essent duae distinctae potentiae, quarum
133 300 694 339 vna esset vegetatiua tantum, & alia sensiti¬
125 336 698 378 ua tantum. Hoc autem ideo contingit; quia
128 370 699 415 distinctio realis inter aliqua omnino se ha¬
128 399 701 449 bet per accidens ad principiandi rationem;
123 437 705 479 non enim ideo aliqua sunt principia, quia
124 476 687 523 sunt realiter inter se distincta, sed quia di
127 511 698 555 stincte principiant, siue habeant realem di¬
122 545 697 591 stinctionem, siue realem identitatem, quia
114 581 697 635 vtrunque istorum se habet per accidens ad
118 609 461 662 distincte principiandum
118 623 693 693 Intelligendum etiam, quod talis distinctio
127 689 694 732 virtualis potest esse fundamentum distinctio
118 723 688 764 nis rionis, quia vbicunque est distinctio vir¬
127 753 693 797 tualis, ibi est distinctio rationis secudum po
122 791 697 839 tentiam, non tamen conuertitur; Nam potest
125 827 690 872 alicubi esse distinctio rationis secundum po¬
114 867 692 904 tentiam, vbi nulla sitiratio principij, vel vir¬
121 895 695 941 tutis; sicut videmus in columna in qua est di
123 927 686 971 stinctio dextri, & sinistri secundum poten¬
118 967 691 1012 tiam, nulla tamen est in ea ratio principij, vel
125 1000 693 1037 virtutis, si ergo quaeratur, vtrum distinctio
125 1031 689 1077 virtualis dicat aliquid plus, quam distinctio
118 1065 689 1115 rationis secundum potentiam. Dico quod
111 1101 690 1155 sic, quia dicit distinctas rationes principian¬
121 1144 693 1192 di in eadem re, circumscripto omni actu ra¬
121 1173 699 1225 tionis; si autem quaeratur vlterius per quid
119 1212 675 1255 distinguuntur istae rationes principiandi.
112 1253 692 1288 Dico quod ab extrinseco distinguuntur per
112 1284 687 1323 ipsa principiata; ab intrinseco vero per diuer
112 1319 688 1363 sos modos relatiuos quos includunt inquam¬
119 1350 685 1394 tum sunt distincta principia; Nam sicut pa¬
122 1389 694 1429 tuit superius quando agebatur de potentia
114 1416 692 1466 generandi in7. dist. Illud, quod importatur
118 1460 688 1506 per hoc nomen potentia vel principium, ess
112 1494 688 1538 relatiuum secundum dici, & ideo dicit quid
116 1534 692 1572 absolutum cum modo relatiuo; quapropter
114 1565 697 1608 distincta principia debent habere distinctos
114 1597 332 1646 modos relatiuos
154 1629 695 1681 Sed notandum est, quod per hoc non in¬
124 1671 696 1714 tendo distinguere distinctionem virtualem con
122 1705 692 1749 tra distinctionem rationis; sed intendo dice¬
127 1743 694 1780 re, quod sint gradus in distinctione rationis
118 1769 690 1817 secudum magis & rminus, & ideo intellectus
118 1814 692 1852 & voluntas in Deo, quamuis distinguantur
114 1846 692 1889 secundum rationem, sicut & quaecunque alia
114 1874 688 1924 attributa, distinguuntur tamen magis, & quo
118 1913 694 1958 dam dissimili modo ab omnibus alijs attri¬
126 1946 491 1991 butis, quod patet ex tribus.
160 1985 695 2027 Primo, quia ista duo attributa habent di¬
124 2019 690 2063 stinctas rationes principiandi ad intra, quod
128 2053 701 2096 non habent alia attributa, ex quo sequitur
118 2095 700 2131 secundum, scilicet, quod distinctio aliorum
128 2119 698 2168 attributorum accipitur ab extra solum, distin¬
102 2160 701 2215 ctio antem istorum duorum non solum acci
725 189 1295 243 pitur ab extra, sed etiam ab intra, ex isto au¬
731 239 1300 285 tem secundo sequitur tertium, scilicet, quod
733 266 1297 314 distinctio aliorum accipitur secundum intel
732 305 1294 352 lectum creatum, & non per intellectum di¬
732 346 1293 387 uinum, quia tunc diuinus intellectus in co¬
728 379 1296 417 gnitione suarum perfectionum dependeret
730 415 1294 455 ab extra, sed distinctio istorum duorum acci
732 448 1301 488 pitur, & constituitur non solum per intelle¬
729 486 1292 529 ctum creatum, sed etam per intellectum diuinum;
735 516 1294 560 quia in hoc nullo modo derogatur suae per¬
727 549 839 591 fectioni.
741 587 1298 632 Ex quibus colligo, quod distinctio proces
726 620 1295 668 sionum reducatur in distinctionem princi¬
731 652 1293 699 piorum, quae sunt intellectus, & voluntas,
723 687 1293 730 non prout distinguuntur ratione, quia ratio
721 728 1292 766 nihil ibi cooperatur, sed prout distinguun¬
723 763 1293 802 tur secundum virtutem, quo modo preue¬
717 797 1287 842 niunt distinctionem rationis, & eam fudant
723 832 1264 871 & sic satisfactum est primae dubitationi.
723 865 1283 918 Secundo, dubitaret aliquis; quia, dato q
731 903 1295 941 praefatae processiones nullo modo distinguam
720 939 1283 979 tur sufficienter per principia productiua
723 968 1292 1017 sed etiam per supposita producta, non tamen
722 1011 1289 1048 adhuc videntur sufficienter distincta, nam
719 1042 1293 1081 tam. principia productiua, quam supposita
729 1080 1296 1124 producta sunt extrinseca ipsis processioni¬
717 1113 1288 1168 bus, oportet ergo dare aliquod aliud princi¬
716 1147 1200 1194 pium intrinsecum huius distinctionis.
747 1177 1285 1227 Respondeo, quod non intendo dicere has
719 1212 1290 1264 processiones non distingui intrinsece seipsis,
723 1255 1292 1299 nec ea quae dicta sunt superius hoc probant,
723 1285 1287 1327 sed probant solum, quod non distinguantur
720 1322 1284 1363 seipsis per se & primo: quia si distinguerem¬
717 1360 1287 1404 tur seipsis per se & primo, distinguerentur
719 1392 1289 1429 seipsis sufficienter, & per consequens remo¬
719 1427 1293 1471 ta distinctione, & oppositone suppositorum
725 1468 1284 1506 productorum, remota quoque distinctione prin
720 1503 1285 1546 cipiorum, adhuc distinguerentur, cuius con
722 1535 1132 1579 trarium superius est probatum.
759 1567 1283 1615 Intendo ergo dicere, quod distinctio pri¬
722 1604 1279 1648 cipiorum, & distinctio suppositorum produm
717 1635 1278 1682 ctorum concurrunt ad distinctionem dicta¬
719 1674 1278 1716 rum processionum tanquam duae causae ex.
725 1712 1290 1755 trinsece, quibus positis ponitur earum distin
719 1741 1277 1782 ctio intrinseca & formalis, & eis remotis re
721 1781 1289 1826 mouetur, & hoc credo intendere omnes opi
725 1820 1285 1858 niones quae videntur attribuere istam distin
729 1843 1289 1891 ctionem alicui principio extrinseco a dictis
733 1879 1291 1933 processionibus, & hoc est, quod videtur mi¬
725 1911 1211 1956 hi dicendum circa istam quaestionem.
757 1953 1285 1993 Hoc viso, leue est respondere ad motiua
721 1991 1285 2031 aliarum opinionum; idcirco cum dicitur, quod
733 2026 1290 2065 productiones distinguuntur ex terminis; Di
731 2054 1289 2099 co quod verum est vbi productiones sunt e¬
723 2088 1295 2129 iusdem rationis cum ipsis terminis; in propo
727 2126 1305 2176 sito autem non estita, quia productiones sunt
728 2161 1295 2215 de genere relationis, terminus at vtriusque p
