1500 2329
190 193 751 245 a casu sic aduenisset, & a casu recessisset, &
197 238 740 284 ideo melius est dicere, quod fuerit materia
198 283 750 317 alterius corporis affectata figura, & acciden
199 306 752 355 tibus verae columbae: & haec pro praesenti di
195 343 350 398 stinctione.
224 386 719 462 DISTINCTIONIS VI.
278 449 648 529 QV.AESTIO PRIMA
211 516 748 589 Vtrum charitas sit habitus creatus in ani¬
240 574 726 621 ma necessarius ad eliciendum actum
263 609 699 661 meritorium, & ad esse gratuitum.
235 822 740 896 ARGVITVR PR PARTE
419 885 557 927 negante.
202 889 750 963 1Pluus P. Aug. 8. de Trinit cap. 8 (vtre
230 941 754 994 fert Magister in litera) videtur dice¬
201 978 752 1028 re, quod charitas sit Deus, vel Spiritus San¬
208 1014 754 1060 ctus, ergo non est habitus creatus. Antecedens
206 1051 748 1095 patet, dicit enim ibi Aug. Deum esse super¬
206 1080 752 1119 nam dilectionem, qua diligimus inuicem, se
203 1114 757 1154 quitur ergo secundum intentionem Magi¬
212 1152 752 1192 stri fundatam super auctoritatem P. August.
210 1184 750 1225 quod voluntas nostra eliciat actum dilectio
208 1219 760 1258 nis meritorium immediate per charitatem
206 1252 761 1298 increatam, quae est Spiritus Sanctus, & per
211 1285 753 1327 consequens non erit necessarium ponere in
214 1319 760 1361 voluntate aliquem habitum charitatis crea¬
207 1352 281 1405 tum.
250 1366 754 1431 2 Frustra fit per plura, quod potest fieri
217 1424 762 1467 per pauciora: sed voluntas potest elicere a¬
214 1456 754 1497 ctum dilectionis meritorium sine habitu cha
213 1483 764 1532 ritatis creatae, ergo frustra poneretur talis ha
212 1517 764 1561 bitus; Maior patet; Minorem probo, quia
220 1555 758 1600 Spiritus Sanctus, qui vnitur voluntati no¬
216 1588 763 1628 strae in actu dilectionis meritorio, est chari¬
220 1622 754 1664 tas per essentiam; Quicquid ergo posset vo¬
216 1659 757 1698 luntas per charitatem creatam, hoc totum,
214 1687 755 1741 & amplius poterit per Spiritum Sanctum,
216 1720 526 1776 qui est charitas increata
292 1756 764 1802 Voluntas nostra potest habere esse gra
218 1764 765 1838 tum sine habitu charitatis creato, ergo non
217 1824 765 1867 est necessarium ponere talem habitum ad
224 1856 762 1900 dandum esse gratuitum, & per consequens
225 1893 756 1931 nec ad eliciendum actum dilectionis merito
223 1930 764 1974 rium, Consequentia est nota; Antecedens
227 1952 759 2007 probo, quia esse gratum videtur denomina¬
222 1989 763 2041 ri ab extrinseco, scilicet a diuina acceptatio¬
217 2025 763 2074 ne; nam idem est animam esse gratam, quod
218 2057 759 2103 esse Deo acceptam, diuina autem acceptatio
216 2095 764 2145 est mere libera, non depedens ab aliquo crea
778 179 1324 239 to; ergo poterit acceptare animam, & volun
779 237 1333 274 tatem sine omni habitu, & sic habebit anima
782 270 1328 308 esse gratuitum, & eliciet actum dilectionis
775 301 1333 344 meritorium sine omni habitu charitatis
780 337 872 380 creatae
830 363 1274 409 ARGVITVR PRO VERITATE.
875 397 1328 441 Postolus ponit charitatem esse vnam
788 415 1326 479 ex tribus virtutibus Theologicis. ¬
774 468 1333 511 ad Corinth. 15. Sicut ergo sides, & spes sunt
782 507 1326 544 habitus creati in anima, alias non essent vir¬
777 536 1328 576 tutes; ita videtur dicendum quod charitas
782 570 1016 617 sit habitus creatus.
787 598 1333 644 2 Illud, quod est alicui ratio eliciendi ali
784 636 1333 686 quem actum, est forma eius, sed charitas est
780 674 1332 721 ratio eliciendi actum meritorium ipsi volun
783 706 1328 751 tati; ergo est forma eius, & per consequens
785 742 1333 781 habitus creatus; quia charitas increata non
788 774 1116 820 potest esse forma alicuius.
808 801 1335 845 RESPONDEO in ista quaestione tria
780 840 1330 889 sunt videnda propter argumenta proposita,
793 875 1338 917 1 Vtrum opinio Magistri possit sustine¬
782 910 957 950 ri, & vera sit.
807 942 1329 980 2 Vtrum actus dilectionis meritorius,
784 980 1333 1016 qui est tanquam actus secundus, possit elici
784 1014 1327 1050 a voluntate sine habitu charitatis creatae.
852 1041 1331 1083 Vtrum esse gtatuitum, quod videtur
787 1054 1333 1116 esse actus primus, possit haberi sine habitu
790 1114 1000 1158 charitatis creato.
833 1172 1282 1227 ARTICVLVS PRIMVS.
814 1250 1319 1289 Vtrum opinio Magistri possit sustineri.
873 1344 1336 1399 Vantum adhoc est intelligendum, Ma
824 1383 1332 1445 gistrum fuisse huius opinionis, quod
889 1419 1333 1454 charitas in homine non sit aliquis
790 1448 1345 1494 habitus creatus in voluntate, sed ipsemet Spi
793 1484 1341 1521 ritus Sanctus, qui est charitas increata, qua
790 1523 1338 1561 diligimus Deum, & proximum, sicut patet
786 1553 1335 1598 per auctoritates quas in litera ponit, & vl¬
792 1588 1341 1623 terius voluit, voluntatem elicere actum dile
787 1619 1335 1661 ctionis meritorium immediate per impulsum,
799 1652 1331 1700 & motionem Spiritus Sancti eam inhabitan
792 1691 1332 1728 tis, & non mediante aliquo habitu charita¬
795 1720 1337 1758 tis creato; Ad quod opinandum, vt patere po
791 1757 1343 1794 test ex litera, motus est ex eo quod actus cha
792 1788 1340 1829 ritatis supponit necessario in nobis esse vni
797 1823 1336 1869 cam personam Spiritus Sancti, & quia Spi-
795 1854 1337 1895 ritus Sanctus essentialiter, & formaliter est
797 1889 1341 1934 charitas; idcirco credidit non esse quaerendum
793 1927 1333 1960 alium habitum charitatis ad eliciendum a¬
790 1957 1154 2004 ctum dilectionis meritorium.
827 1988 1340 2034 Haec autem opinio communiter non te¬
792 2022 1340 2064 netur, nec placet AEgidio, quamuis videatur
792 2061 1337 2099 eam defendere, eo quod sibi non videatur ab
797 2095 1335 2138 alijs sufficienter improbari, idcirco ostendit
