1500 2403
139 188 715 247 habet quod sit meritorius, & dignus vita ae¬
138 246 707 281 terna ex sua natura intrinseca, alioquin duo
144 273 586 313 sequerentur inconuenientia.
182 305 705 353 Primum est, quod Deus non praemiaret
149 345 712 380 vltra condignum, quod est falsum, nam
146 378 704 424 praemium, quod est vita aeterna, excedit actum
144 417 701 461 meritorium ipsius voluntatis, vbi autem non
142 448 703 493 est pmiatio vltra condignum, ibi praemium non
149 481 704 526 debet excedere meritum, aliter non esset ib
151 516 709 563 verus ordo iustitiae retributiuae, Consequen¬
143 552 707 596 tia probatur, quia vbi actus ex natura sua ha
151 586 709 625 bet, quod sit dignus tanto praemio, ibi prae¬
145 628 706 667 mium non excedit meritum, & per conse¬
149 656 713 702 quens non est praemiatio vltra condignum.
185 691 709 733 Secundo sequitur, quod stante tali a¬
153 732 717 765 ctu meritorio Deus non posset non tribuere
155 761 715 807 vitam aeternam, nisi iniuste agendo, quod vi¬
155 793 721 839 detur omnino absurdum.: Si ergo secundum
153 836 715 876 opinionem istorum consideremus in actu me
150 868 707 909 ritorio diuinam voluntatem acc eptantem
153 898 715 943 nec charitas, nec gtatia est ibi necessario re¬
147 942 712 980 quisita, quia totum stat in mera sua liberta¬
150 973 661 1016 te ordinante talem actum ad praemium
193 1004 723 1045 Si autem consideremus voluntatem no¬
152 1027 721 1080 stram elicientem, vel imperantem dictum
154 1080 718 1114 actum, sic dicunt, quod sm istum ordinem
152 1106 722 1148 quem videmus a Deo institutum, actus non
150 1145 723 1190 potest esse meritorius sine charitate, alioquin
158 1182 725 1222 sequeretur, quod possemus mereri ex puris
153 1212 715 1253 naturalibus, quod fuit error Pelagij: Potuis¬
152 1246 714 1290 set tamen Deus instituere alium ordinem si
153 1279 336 1325 sibi placuisset
189 1316 718 1358 Quia ergo tota intentio istius opinionis
154 1352 719 1396 stat in hoc, quod actus voluntatis a charita
157 1386 722 1431 te informatus non sit meritorius intrinsece
165 1426 721 1472 ex natura rei: Idcirco contra istud arguo
158 1453 356 1506 quadrupliciter
195 1487 724 1531 1 Sicut se habet actus culpabilis ad ra¬
163 1526 725 1560 tionem demeriti; ita actus rectus charitate
161 1557 731 1603 informatus ad rationem meriti; sed actus cul
170 1595 725 1637 pabilis ex natura rei intrinsece est demerito
159 1637 725 1671 rius, & odibilis, ergo actus rectus charitate
163 1666 725 1710 informatus, ex natura sua intrinsece est me¬
166 1696 476 1749 ritorius, & acceptabilis.
195 1726 731 1778 2 Ille actus, qui ex exigentia iustitiae de¬
165 1767 725 1808 bet habere praemium ex natura rei intrinse¬
170 1809 729 1845 ce, est meritorius, & acceptabilis, actus cha¬
171 1840 723 1880 ritate informatus est huiusmodi; ergo &caet
164 1868 730 1916 Maior patet, quia iustitia non exigit premium
166 1911 725 1949 nisi vbi actus ex natura rei est meritorius;
169 1943 729 1988 Minor etiam patet per Apostolum 2. ad Thi-
162 1974 733 2018 4. vbi pro bono certamine, & cursu consu¬
171 2016 729 2060 mato asserit sibi reddendam coronam iustitiae,
207 2044 735 2091 3 Si actus charitate informatus non es¬
165 2072 731 2126 set meritorius ex natura rei, sequeretur, quod re
167 2114 734 2156 ctitudo diuinae iustitiae esset mutabilis; Conse
170 2145 725 2204 quens est falsum; ergo & antecedens; Falsi¬
736 192 1303 246 tas patet, Consequentiam probo: Nam recti¬
735 244 1301 282 tudo diuinae iustitiae in hoc apparet, quia il¬
735 275 1297 315 lum actum, qui est priuatus circunstantijs,
733 308 1296 346 ac regulis suis, reprobat tanquam prauum,
732 344 1305 383 ad cuius reprobationem iuste sequitur puni¬
739 378 1307 420 tio, & per oppositum siquis actus est praedi¬
738 409 1305 458 tus circunstantijs, & regulis suis, sicut est
744 446 1301 491 actus charitate informatus; illum iuste ap¬
745 480 1308 524 probat, & acceptat tanu bonam, & habetem omnem
736 514 1300 559 rectitudinem quam debet habere, ad cuius
739 551 1311 595 acceptationem iuste sequitur praemiatio; si¬
747 583 1311 623 cut ergo mutaretur ordo suae iustitiae, si non
739 621 1305 662 reprobaret actum prauum priuatum debitis
743 654 1303 697 circunstantijs, & diuinis regulis; ita pari ra¬
743 687 1303 728 tione, si non acceptaret actum rectum haben
739 724 1310 767 tem debitas circunstantias secundum diui¬
742 759 896 808 nas regulas.
766 788 1310 837 4 Si huiusmodi actus ex natura rei non
745 831 1305 870 esset meritorius, & acceptus, sequeretur, quod
742 866 1310 908 charitas non tribueret aliquem valorem tali
745 897 1309 935 actui; quod est falsum: quia tunc frustra in¬
745 931 1309 978 funderetur charitas; Consequentia proba¬
747 968 1313 1016 tur, quia praeter illum valorem, quo est di¬
746 1002 1311 1045 gnus vita aeterna, omnem alium valorem, &
751 1045 1313 1085 bonitatem potest habere ex puris naturali¬
746 1071 1315 1111 bus; si ergo charitas non tribuat sibi istum
750 1107 1282 1155 valorem, non tribuet sibi aliquem alium.
784 1139 1318 1179 Motiua autem dictae opinionis non habet
744 1179 1320 1222 necessitatem: Nam cum primo dicunt, quod
755 1212 1311 1253 Deus non praemiaret vltra condignum: Di¬
750 1248 1316 1289 cendum, quod praemiare vltra condignum
750 1282 1319 1325 potest intelligi dupliciter; Vno modo, quod
758 1315 1317 1358 praemium in tatum excedat meritum, quod
750 1356 1319 1390 nulla sit ibi proportio secundum valorem; &
754 1379 1321 1433 isto modo concedo, quod Deus praemiat vl¬
762 1419 1316 1462 tra condignum: Alio modo, quia praemium
756 1456 1315 1496 excedit meritum vniuersaliter quantum ad
754 1489 1324 1528 omnem proportionem, & isto modo potest
754 1522 1316 1562 dici, quod Deus non praemiat vltra condi¬
759 1564 1321 1604 gnum: Nam quamuis praemium excedat ne
758 1593 1325 1636 ritum quantum ad proportionem valoris, non
760 1628 1317 1677 tamen quantum ad omnem aliam proportio
759 1661 1318 1701 nem, quia ibi est proportio cuiusdam exigen
763 1698 1321 1738 tis ordinationis, & debitae consecutionis: Nam
758 1735 1319 1774 ille actus, qui est informatus charitate, ex na
759 1767 1317 1807 tura rei exigit ordinari ad determinatum fi-
756 1803 1325 1841 nem, qui est vita aeterna: eo quod nullus fi-
763 1840 1321 1878 nis naturalis sit ei proportionatus, & conse¬
757 1870 1327 1908 cutio talis finis debetur tali actui ex vi iusti¬
762 1908 1327 1951 tiae retributiuae; est ergo ibi tanta proportio,
766 1942 1329 1985 quanta requiritur inter finem, & ad ea, quae
762 1978 1331 2020 necessaria sunt ad sinem; ita quod potest sal
761 2005 1226 2057 uari verus ordo iustitiae retributiuae.
801 2037 1329 2091 Ad aliud etiam motiuum cum dicunt, quod
758 2083 1330 2117 tunc Deus non posset non tribuere vitam ae¬
764 2122 1333 2152 ternam, supposito tali actu meritorio: Dicen
760 2147 1337 2199 dum, quod tale non posse, non est simpliciter
