1500 2349
207 182 753 235 non posse: ita quod deroget suae libertati;
209 235 753 271 quia de sua potentia absoluta posset subtra¬
211 260 756 308 here meritum, & praemium, sed est non pos¬
205 299 752 338 se ex suppositione, quia supposito tali meri¬
205 336 754 373 to rectitudo diuinae iustitiae, quae obliquari
205 367 759 416 non potest, exigit, quod ad ipsum sequatur
208 400 398 448 tale praemium
245 431 762 475 Et ideo est alia opinio quorundam, qui di
207 466 764 509 cunt, quod charitas est requisita ad actum me
213 499 764 542 ritorium propter conformitatem quae debet
209 533 761 580 esse inter voluntatem, & obiectum diligibi¬
213 567 757 608 le; nam talis conformitas facit iudicium in¬
209 601 760 645 tellectus de tali obiecto esse rectum, dicente
215 642 762 684 philosopho 3. Ethicorum, quod qualis vnus
215 669 761 715 quisque est, talia sibi videre persuadet; iudi¬
215 711 761 749 cium autem intellectus de obiecto intelligi¬
210 736 768 778 bili, quod est Deus, facit actum dilectionis
208 772 763 812 esse meritorium, ergo de primo ad vltimum
209 806 756 852 charitas, quae facit istam conformitatem, fa¬
207 844 699 880 ciet actum dilectionis esse meritorium.
247 873 760 913 Haec opinio stare non potest propter tria
218 912 769 950 Tum quia sequeretut, quod intellectus no¬
217 942 768 980 ster non posset habere rectum iuditium de
214 978 765 1022 Deo diligibili ex principijs naturalibus, quod
215 1008 768 1057 est contra communem doctriuam, nam ex pu
216 1042 763 1085 ris naturalibus possumus iudicare Deum su
225 1081 768 1118 per omnia diligendum. Tum quia habitus
219 1118 766 1155 acquisitus ex actibus charitatis posset facere
211 1154 768 1189 actum dilectionis esse meritorium, quia non
210 1178 766 1220 solum habitus charitatis insusus, sed etiam
213 1212 764 1256 acquisitus facit talem conformitatem. Tum
216 1251 764 1291 etiam quia viator per certitudinem posset co
216 1281 768 1329 gnoscere se habere charitatem, quia certo po
221 1314 769 1360 test cognoscere quando habeat talem confor¬
217 1349 773 1402 ditatem ad obiectum diligibile, quod est
219 1388 298 1438 Deus.
262 1420 770 1459 Et ideo adhuc est alius modus dicendi;
219 1456 775 1492 nam volunt quidam, quod charitas necessa¬
217 1493 774 1528 rio requiratur ad actum meritorium facta
219 1521 771 1562 ista iuppositone scilicet vt mereamur vitam
219 1553 772 1597 aeternam de condigno: quo supposito arguunt
223 1589 773 1632 sic: Nullus actus pure naturalis est merito¬
223 1621 771 1663 tius de condigno, cuius finis est supernatu¬
217 1654 776 1697 ralis, sed actus voluntatis sine charitate est
219 1695 773 1732 naturalis; ergo non potest de condigno me¬
224 1730 764 1766 reri vitam aeternam, quae est finis supernatu
223 1765 772 1802 ralis: Maior probatur, quia vbi est meritum
218 1796 776 1834 de condigno, ibi meritum debet esse propor
228 1826 779 1871 tionatum ipsi praemio; illud autem, quod est
226 1860 769 1908 pure naturale, non potest esse proportiona¬
224 1900 771 1937 tum supernaturali; Minor etiam probatur,
227 1927 779 1975 quia actus voluntatis non est supernatura¬
227 1962 781 2005 lis, nisi ab habitu charitatis formaliter perfi
231 1994 781 2034 cient voluntatem, & ideo si tollatur habitus
226 2036 777 2074 charitatis, remanet voluntas in puris natura¬
224 2063 779 2108 libus; & per consequens actus, qui ab ea eli
231 2098 548 2154 citur, erit pure naturalis.
815 185 1341 230 Nec sufficit dicere (secundum istos) quod
793 227 1341 270 voluntas eliciat talem actum per impulsum
794 259 1342 306 Spiritus Sancti, quia nunquam id, quod est
798 294 1341 333 potentia tale, fit actu tale, & formaliter, nisi
790 328 1339 372 ab agente recipiat aliquod formaliter perfi¬
788 357 1339 406 ciens, actus autem voluntatis est in potentia
792 397 1328 440 passiua tantum, vt sit supernaturalis; nun
795 430 1341 471 quam ergo fiet actu supernaturalis, nisi vo¬
792 462 1338 507 luntas ipsum eliciens recipiat ab agente su¬
802 494 1337 535 pernaturali aliquod formaliter perficiens,
798 534 1338 576 quod sit supernaturale, hoc autem non pot
795 563 1239 607 esse, nisi habitus charitatis, ergo &c.
837 592 1341 638 lste autem modus dicendi deficit tri¬
795 634 890 680 pliciter
827 661 1339 710 Primo, quia videtur velle actum charita¬
799 701 1344 738 tis esse meritorium, eo quod sit supernatura
790 733 1342 776 lis, quod non est verum, quia tunc sequere¬
790 774 1342 810 tur, actum fidei infusae cum sit supernatura
799 806 1348 842 lis, esse meritorium, & dignum vita aeterna
799 839 1019 879 remota charitate.
822 864 1342 907 Secundo, quia vult, quod actus volunta
798 902 1351 942 tis sit supernaturalis, & meritorius, quia vo
800 939 1349 980 luntas est informata charitate, quod si esset
793 973 1351 1017 verum, sequeretur actum indifferentem, &
794 1012 1345 1054 actum peccati venialis posse esse supernatu¬
802 1042 1346 1081 rales, & meritorios; quia vtrunque eorum po
798 1081 1346 1115 test esse actus voluntatis informatae cha¬
800 1113 902 1151 ritate.
832 1135 1347 1183 Tertio, quia concesso toto, quod dicunt,
795 1178 1348 1214 adhuc non habet quod oporteat ponere ha
805 1212 1346 1249 bitum chantatis creatum; nam quicquid vo
798 1242 1355 1284 lunt saluare per habitum charitatis, posset
798 1284 1357 1320 Magister sententiarum saluare per habitum
802 1311 1355 1359 gratiae: & ideo ex his non potest haberi Ma¬
802 1349 1357 1394 gistri opinionem esse falsam, nec esse minus
810 1380 1348 1424 probabilem opinione contraria, ponente ha
806 1415 1120 1461 bitum charitatis creatum
837 1443 1368 1496 Propter quod videtur mihi esse aliter pro
805 1489 1355 1527 cedendum: Pro cuius intelligentia duas po¬
805 1513 1354 1566 no conclusiones. Quarum prima est, quod
802 1552 1361 1593 ad eliciendum actum dilectionis meritorium
797 1585 1352 1625 necessarium est ponere aliquem habitum su
815 1623 1353 1666 ernaturalem. Secunda vero est, quod pro¬
807 1657 1357 1698 pabilius est dicere istum habitum supernatu
799 1693 1353 1728 ralem esse charitatem creatam in voluntate;
806 1726 1353 1768 (vt communiter dicitur) quam solam gratiam
803 1761 1354 1795 existentem in essentia animae (vt credidit Ma
807 1788 1355 1836 gister) Primam conclusionem probo tripliciter.
865 1822 1360 1869 llle actus, qui non potest habere omne
800 1859 1352 1897 rectitudinem requisitam ad rationem merit
808 1893 1358 1935 ex suis principijs naturalibus, necessario in¬
809 1928 1363 1974 diget aliquo principio supernaturali ipsum
804 1961 1360 1999 rectificante, actus dilectionis elicitus a volum
814 1990 1357 2031 tate nostra est huiusmodi; ergo &c. Maior
821 2030 1363 2075 atet, quia illud, quod non completur per
818 2059 1359 2108 principia naturalia, vel nullo modo comple
811 2100 1364 2150 tur, vel oportet, quod compleatur per ali¬
