1500 2378
120 170 694 227 quod principium supernaturale: Minor pro
120 210 693 257 batur, quia actus dilectionis elicitus a voiun
126 254 700 298 tate nostra, si debeat esse meritorius, exigit
122 282 694 322 habere tantam rectitudinem, vt secundum
129 323 693 358 eam attingat omnes circunstantias, quae sub
125 357 694 399 diuino beneplacito cadunt, ita vt nullo mo¬
129 389 693 432 do a diuinis regulis, & a diuino beneplacito
127 427 690 468 discordet, impossibile est auten, quod ex solis prin
126 460 695 500 cipijs nalibus elicitus tantam rectitudinem attin¬
125 500 703 540 gat. Tum quia diuinum beneplacitum, & circun
130 532 696 575 stantiae, quae sub ipso cadunt, non sunt no¬
130 565 696 613 bis notae. Tum etiam quia principia nostra
129 601 699 644 naturalia deficiunt, & in attingendo minorem
127 637 701 679 rectitudinem, scilicet rectitudinem secundum
124 669 698 713 medium virtutis moralis; nam tale medium
128 706 694 749 in quo consistit dicta rectitudo attingere ess
134 742 701 777 summe difficile; sicut patet 2. Ethicorum.
129 776 697 817 Reliquitur ergo, quod oporteat dare aliqud
135 809 703 855 principium supernaturale, in cuius virtute
134 847 697 887 attingatur rectitudo praefata nostram natu¬
134 878 494 924 ram simpliciter excedens
171 914 705 956 Nec potest dici, quod istud principium su
136 947 704 993 pernaturale sit solus Spiritus Sanctus nostrae
132 986 708 1025 voluntati vnitus. Tum quia actus meritorius
142 1015 709 1064 est actus noster; & sic principium, per quod
136 1052 709 1090 attingimus rectitudinem illam, in qua consi¬
140 1081 704 1128 stit ratio meriti, debet esse aliquid nostrum
138 1120 711 1163 nobis intrinsecum formaliter; si autem esset
138 1158 704 1205 Spiritus Sanctus, tunc actus meritorius non
141 1192 708 1237 esset noster, sed illius principij per se subsi¬
136 1226 714 1274 stentis. Tum quia actus meritorius est in no
142 1265 709 1300 stra potestate; Spiritus autem Sanctus non
138 1293 713 1340 est in nostra, potestate. Tum etiam quia vi¬
143 1332 707 1374 demus, quod principium rectitudinis in a¬
140 1367 704 1404 ctu morali est aliquid nobis intrinsecu; ergo
143 1402 715 1446 ita debet esse in propositqu quia quantum ad
146 1433 711 1482 hoc non est differentia: sequitur ergo, quod
146 1472 710 1512 ad eliciendum actum dilectionis meritorium
143 1505 658 1553 oporteat dare habitum supernaturalem
145 1541 715 1583 2 Si ad actum meritorium non esset ne¬
144 1574 719 1616 eessarius habitus supernaturalis, sequeretur,
148 1616 715 1660 quod meritum non esset commensuratum se¬
146 1648 714 1691 cundum exigentiam praemij, quod est falsum,
149 1679 721 1719 quia praemium est finis meriti ex natura rei;
144 1716 719 1767 cillud autem, quod ex natura rei ordinatur
151 1751 710 1795 ad aliquem finem, debet esse imensuratum se
159 1793 717 1831 cundum exigentiam illius finis: Consequen
153 1816 725 1869 tiam probo, quia praemium, de quo nos lo¬
150 1854 720 1902 quimur, est supra totam naturam, cuius ade¬
150 1890 715 1937 ptio pendet ex sola voluntate ipsius donan¬
147 1925 720 1966 tis; iste ergo actus, qui in puris naturalibus
152 1958 725 2009 principiatur, non potest esse mensuratus se
149 1990 726 2039 cundum exigentiam dicti finis, & secundum
155 2026 724 2073 exigentiam diuinae voluntatis, ex qua depe¬
155 2062 728 2110 det eius acceptio, ergo opus erit dare aliqud
156 2096 727 2150 principium supernaturale mensurans, & in¬
718 173 1282 222 clinans in dictum finem secundum exigen¬
724 218 1290 254 tiam ipsius, & secundum exigentiam diuinae
724 250 1286 286 voluntatis, ex qua pendeat eius consecutio.
758 287 1287 333 3 Si ad actum meritorium non requirere
727 323 1283 368 tur necessario aliquis habitus supernatura¬
719 355 1277 395 lis in ratione principij elicitiui, sequeretur
728 388 1290 433 quod diuina voluntas posset acceptare, &
720 422 1286 467 non acceptare ad vitam aeternam vnum, &
719 458 1299 493 eundem actum nulla mutatione facta in tali
722 495 1290 538 actu, hoc autem est falsum, quia tunc vide¬
731 530 1290 572 retur fieri mutatio in diuina voluntate, quod
729 561 1294 603 est impossibile: Consequentiam probo; nam
727 596 1294 642 constat de facto, quod non acceptat actum
734 632 1299 673 existentem in, sola rectitudine naturali; si
728 674 1297 715 ergo de sua potentia absoluta potest accepta
726 701 1297 747 re eundem actum tanquam meritorium sine
729 735 1295 778 alia rectitudine, sequitur necessario, quod
728 771 1303 812 ille actus erit non meritorius, & meritorius
731 805 1297 854 non acceptus, & acceptus Deo sine aliqua sui
726 835 1296 889 mutatione, quod est impossibile: Requiritur
738 880 1297 922 ergo ad eliciendum actum dilectionis meri¬
732 915 1298 957 torium aliquis habitus supernaturalis, quo
738 949 1300 984 actus elicitus sortiatur aliquam rectitudinem
737 981 1299 1020 supernaturalem, per quam fiat Deo acceptus,
741 1017 1311 1058 & meritorius; Vnde opinio praecedens erra¬
736 1050 1298 1094 bat accipiendo non causam pro causa; quia
739 1083 1307 1126 habitus supernaturalis non est necessarius
742 1121 1308 1163 propter supernaturalem actum, sed propter
737 1156 1299 1198 specialem rectitudinem excedentem nostra
745 1185 1303 1238 principia naturalia, quantum exigit habere
737 1222 1305 1273 dictus actus, & sic patet prima conclusio.
747 1259 1307 1304 Secundam conclusionem probo, scilicet quod
739 1291 1311 1331 talis habitus sit charitas, & non gratia, sicut
743 1330 1303 1379 creditur fuisse opinio Magistri: Quod de¬
746 1362 1133 1406 claro quadrupliciter.
751 1396 1308 1443 Primo, ex eo quod hoc magis congruit pro
747 1440 1309 1479 portioni, quae debet esse inter vitam superna
741 1476 1315 1515 turalem, & naturalem: supponit enim vita
744 1502 1312 1544 supernaturalis naturalem, & perficit eam se¬
745 1537 1307 1584 cundum se totam, & ideo debet ibi esse tanta
746 1578 1316 1618 proportio, quanta est possibilis: Videmus aut
746 1605 1309 1648 quod vita naturalis consistit non in sola es¬
755 1639 1312 1681 entia animae sine potentijs; nec in solis pos
747 1684 1308 1717 tentijs sine essentia; sed in vtrisque: concur¬
754 1709 1315 1758 rit enim ibi essentia animae tanquam prin¬
754 1748 1314 1796 cipium essendi, & sfimpliciter, concurrunt
747 1778 1313 1832 ibi potentiae tanquam principium operandi
751 1816 1311 1860 immediate, ergo ita deoet esse in vita super¬
759 1858 1314 1892 naturali; quia ibi debet esse habitus super¬
754 1886 1316 1927 naturalis aliquis, qui sit principium essendi
751 1920 1320 1970 simpliciter in esse supernaturali, & iste erit
759 1954 1314 1997 habitus gratiae, qui ponetur in essentia, vi
756 1992 1312 2040 correspondeat principio essendi simpliciter
754 2020 1314 2072 in vita naturali; & consequenter erunt ali¬
759 2057 1323 2102 habitus supernaturales, vt correspondeant
763 2094 1320 2152 potentijs, quae sunt immediata principia ope
