1500 2309
204 166 747 212 ratione cuius habeat firmam adhaesionem,
208 207 743 247 etiam remota certitudine Fidei; Secundo an
204 239 742 284 certitudo veritatis in ista scientia addat supra
204 273 749 311 certitudinem Fidei non quidem directe aliud
211 311 746 344 addendo, sed solum contrarias dispositiones
206 336 747 379 remouendo, ratione cuius remotionis faciat
204 372 645 417 adhaesionem Fidei firmiorem.
250 408 749 443 Primo modo nego, & probo negationem
209 437 742 477 duplici ratione. Primo sic. Habitus ille, qui
207 472 750 512 in toto suo processu innititur fundamento Fi
209 505 753 542 dei, nullam habet de se certitudinem, ratio¬
207 544 744 581 ne cuius faciat firmam adhaesionem remota
205 572 752 616 certiaudine Fidei: sed habitus Theologiae in
206 605 750 643 toto suo processu innititur fundamento Fi¬
206 642 745 679 dei, ergo nullam habet de se certitudinem,
207 680 751 724 per quam faciat firmam adhaesionem praeter
207 704 743 751 certitudinem Fidei. Maior est non a, quia to
208 738 751 779 ta certitudo alicuius scientiae pendet ex fun
215 772 742 818 damento, cui innititur scientia, puta ex ipsis
205 806 749 846 principijs. Minor probatur, quia principia
203 837 750 885 huius scientiae sunt articuli Fidei, quibus to
208 875 747 917 tus processus istius scientiae innititur, itaqu
206 906 746 945 si illa remoueantur, nulla certitudo mane¬
206 941 742 982 bit in hac scientia, quae possit facere firmam
204 974 382 1020 adhaesionem.
246 999 751 1050 Secundo ille habitus, qui remota Fide non
211 1043 747 1080 est nisi opinatiuus, nullam de se habet cer¬
209 1075 749 1114 titudinem, ratione cuius possit facere firmam
202 1107 749 1151 adhaesionem praeter certitudinem Fidei: ha¬
203 1142 737 1183 bitus Theologiae est huiusmodi, ergo &c
211 1173 749 1212 Maior patet, quia habitus opinatiuus inclu¬
207 1206 744 1247 dit formidinem ad oppositum, vt patebit in
211 1237 749 1279 sequenti articulo. Minor probatur, quia ille
208 1275 745 1312 habitus, qui in declarando aliquam verita¬
210 1308 749 1346 tem non procedit ex his quae sunt propria
200 1346 748 1384 illi veritati, sed magis per quaedam extranea,
207 1380 746 1417 non potest esse nisi opinatiuus: sed habitus
211 1408 749 1449 Theologiae remota Fide non potest procede
206 1441 750 1484 re nisi ex quibusdam extraneis, quod patet,
206 1475 743 1515 quia quae assumit iste habitus vltra Fidem;
203 1508 745 1544 sunt compraehensibilia per rationem natura¬
211 1543 744 1583 lem, veritas autem, quam nititur probare, &
211 1575 745 1615 declarare, est omnino supra rationem natu¬
205 1608 745 1645 ralem, quapropter omnia talia assumpta por
211 1641 751 1682 Theologiam sunt improportionata illi veri¬
202 1681 743 1718 tati, & extranea, nisi pro quanto attinguni
200 1703 744 1757 eam mediante Fide, & ideo si remoueatur Fi
209 1744 664 1783 des, non est nisi habitus opinatiuus.
241 1778 753 1817 Si autem intelligatur secundo modo, con
215 1812 745 1849 cedo quod addat aliquid indirecte, tollen¬
207 1845 747 1882 do scontrarias dispositiones. Quod patet ex
211 1877 749 1917 duobus; duo namque sunt, quae possunt impe
210 1913 743 1950 dire firmam adhaesionem Fidei scontraria
205 1948 736 1981 apprehensio veritatis ipsius, & inductio ra¬
199 1978 745 2024 tionum probabilium contra eam De primo pa
207 2007 738 2050 tet (vt superius est dictum) nam intellectus
199 2047 741 2098 noster & si non erret circa veritatem in ge¬
777 157 1309 227 nerali, potest tamen errare apprehendendo
776 207 1317 250 in speciali, & sic impediri posset assensus fir
772 243 1316 280 mus, & veridicius Similiter si inducantur ra
776 276 1315 321 tiones apparentes contra, potest impediri as
771 309 1315 356 sensus firmus. llle ergo habitus, qui potest
771 344 1319 389 auferre praefata duo impedimenta, auget ali
771 372 1311 410 quo modo, & iuuat certitudinem Fidei, quam
772 409 1311 454 sic firmat, vt ne dum in generali, sed in spe¬
774 442 1313 491 ciali etiam sine errore apprehendatur, sed et
775 480 1314 522 remouendo omnes dispositones, quae possent
776 509 1318 555 contra induci; lpsa enim Theologia expli¬
776 547 1315 581 cat veritates Fidei speciales & particulares,
775 576 1315 615 datque facultatem, & modum soluendi omnes
781 613 1310 654 rationes possibiles fieri contra praefatam ve¬
772 643 1312 687 ritatem, ergo aliquam modo facit firmiorem
774 674 941 719 adhaesionem.
811 711 1315 773 Quidam tamen negant huiusmodi habi¬
775 752 1316 811 tum Theologicum dare nobis facultatem sol
783 791 1316 840 uendi rationes possibiles fieri contra Fidei ve¬
783 828 1313 874 ritatem. Quorum potiores rationes sunt iste¬
837 856 1313 905 Omnis solutio, quae daretur ad tales ra
779 885 1314 937 tiones, deberet summi ex his, quae apparent
780 936 1308 968 in creaturis, ea autem quae apparent in crea
779 964 1311 1006 turis aliquando sunt contraria veritati Fidei¬
786 995 1312 1032 uta quod vna natura possit subsistere in tri
782 1025 1312 1079 bus suppositis; quae apparent in creaturis
781 1060 1313 1111 sunt omnino contraria, ergo ex eis non po¬
782 1088 1317 1146 test summi solutio harum rationum contra¬
778 1128 868 1175 riarum
806 1141 1318 1214 2 Si possent solui omnes rationes, quae
781 1201 1315 1243 iunt contra veritatem Fidei, posset demon¬
776 1225 1311 1284 strari, quod veritas est possibilis, & per con
776 1262 1310 1312 sequens necessaria, saltem illa, quae est de
779 1296 1316 1346 Deo quantum ad intrinseca, quia quicquid
781 1324 1312 1376 est ibi possibile, totum est necessarium: Si
775 1360 1311 1408 autem veritas Fidei demonstraretur, Fides
779 1402 1318 1450 euacuaretur Consequentiam probant, quia
777 1431 1310 1478 non impossibile, & possibile aquipollent,
769 1460 1311 1512 quia ergo soluere rationes factas contra veri
777 1500 1312 1538 tatem Fidei est demonstrare eam non esse
775 1533 1309 1584 impossibilem, sequitur, quod demonstret ea
778 1558 965 1615 esse possibilem.
806 1608 1305 1657 Nonnulli addunt, quod si ratio facta con
781 1647 1305 1688 tra Fidem peccat in materia, non potest sol¬
779 1681 1311 1720 ui, nisi per instantiam in proposito v&. si ita
770 1708 1312 1761 argueretur, Vbicunque sunt distincta suppo¬
769 1745 1312 1790 sita, ibi est distincta natura, sed in diuinis
775 1778 1309 1815 sunt distincta supposita, ergo &c. Haec ratio
781 1812 1312 1850 si solueretur, deberet solui per interemptio¬
776 1845 1317 1890 nem maioris, dicendo, quod non est vniuer
777 1879 1310 1917 saliter vera, quia habet instantiam in propo
779 1909 1316 1950 sito, scilicet in diuinis, talis autem modus sol
770 1949 1309 1986 uendi non videtur sufficiens, quia instantia
775 1981 1312 2018 debet fieri extra propositum, alite non con
775 2009 1309 2048 stat scientifice de intentione propositonis:
775 2044 1313 2098 nam quod dicta proposito non sit falsa in di
