1500 2339
147 169 406 228 qua noua curuitas.
185 193 707 258 Ex quibus omnibus concluditur augmen
152 241 711 295 tum charitatis, & aliarum qualitatum fieri
151 279 703 328 per aliquam realitatem, quae per se, & praeci
154 317 713 362 Se sumpta non est motus, nec realitas, sed est
148 343 709 400 omnia haec per reductionem, scilicet quia est
153 381 414 434 aliquid ipsius formae.
186 397 709 465 Haec autem opinio deficit tripliciter: Pri¬
153 444 708 494 mo in conclusione principali, quam ponit,
151 484 703 534 Secundo, in modo deducendi eam. Tertio,
150 517 663 569 quia non saluat ea, quae saluare intendit
191 551 713 600 Deficit in conclusione, quia vult, quod
157 585 705 627 augmentum fiat per aliquam realitatem, qua
159 621 711 668 per se sumpta, & praecise non pertineat ad
154 652 709 698 rationem specificam formae: sed solum por
159 698 714 734 quandam reductionem, quatenus quaedam
158 731 707 775 pars formae, quod quidem est impossibile pro
152 766 336 809 pter quatuor.
240 773 706 842 Quia sequitur, quod forma non pos¬
154 819 711 868 sit esse sine praefata realitate, cuius contra¬
155 858 706 906 rium patet de facto: Consequentiam probo,
154 896 717 939 quia nulla res potest esse sine eo, quod perti
159 927 713 977 net ad suam rationem specificam, quocunque
158 971 706 1008 modo ad eam pertineat, & ideo videmus, quo
154 1007 708 1043 quantuncunque genus non pertineat ad ra
161 1031 714 1078 tionem specificam speciei per se sumptam cum
167 1060 712 1114 praecisione differentiae, hoc tamen non obstam
162 1098 716 1147 te, necessario includitur in ratione definiti¬
163 1135 293 1183 ua ipsius.
181 1144 721 1215 2 Sequitur, quod praefata realitas sit
163 1206 692 1244 omnino idem cum realitate praecedente
159 1240 714 1283 & etiam cum tota forma, & per consequen
160 1271 723 1310 sicut secundum realitatem praeexistente non
161 1303 714 1346 fit aliquod augmentum (vt ipsimet conce¬
160 1336 717 1382 dunt) ita nec etiam secundum realitatem pro
160 1369 717 1413 satam, Primam consequentiam probo; nam,
169 1407 713 1451 quod est impraecisibile ab alio re, & intelle¬
175 1444 719 1488 tu, est omnino idem cum illo; quia non so¬
167 1478 725 1521 lum est idem cum eo realiter, sed etiam con
169 1515 725 1554 ceptibiliter, talis autem realitas (secundum
168 1548 718 1592 eos) est impraecisibilis a realitate praecedenti
165 1580 487 1626 re, & intellectu; ergo &c.
206 1598 723 1660 3 Sequitur partes non praecedere origine
167 1653 721 1689 ipsum totum, quod est falsum, cum sint con
168 1677 728 1728 stitutiuae ipsius, constitutiuum autem semper
169 1723 706 1762 praecedit constitutum saltem via originis;
176 1748 722 1791 Consequentiam probo, quia, quod est impre
174 1778 702 1828 cisibile non solum re, sed etiam intellectu
167 1823 729 1864 non potest esse prius eo aliquo modo, talis
166 1852 561 1902 autem est huiusmodi; ergo &c.
199 1885 729 1929 4 Sequitur partes alicuius totius ad se in
168 1917 722 1962 uicem comparatas, nec esse eiusdem rationis;
168 1954 728 2000 nec alterius, quod est absurdum; non enim
172 1993 723 2033 est dare medium inter partes eiusdem ratio¬
172 2022 727 2063 nis, & alterius: Consequentiam probo; nam
171 2059 728 2101 si comparetur realitas praefata ad realitatem
168 2093 729 2146 praecedentem, quae est pars eius formae, &
732 167 1298 222 quaeratur, vtrum sint eiusdem rationis, vel al
739 216 1293 255 terius, statim patet non esse alterius rationis,
738 252 1296 289 quia tunc non essent eiusdem speciei; nec po
738 274 1296 327 test dici, quod sint eiusdem rationis, quia vbi
747 316 1299 360 partes sunt eiusdem rationis, vna earum non
742 355 1295 392 participat rationem eius specificam per alte
743 383 1287 425 ram, sed quaelibet immediate per seipsam,
741 423 1285 459 alioquin esset inter eos ordo essentialis; & p
740 454 1285 498 consequens nec essent eiusdem rationis: &
735 486 1295 528 sic apparet conclusionem praefatae opinionis
747 519 1099 565 esse omnino irrationabilem
775 529 1301 597 SECVNDO deficit in mo deducendi di
742 592 1294 632 ctam conclusionem: supponit nanque aug¬
747 628 1299 663 mentum charitatis, & aliarum formarum fie
736 664 1295 703 ri per aliquam realitatem, quae non est forma,
744 696 1297 740 nec pertinet ad realitatem specificam formae
746 723 1300 768 per se sumptam, & ex hoc statim inferunt
745 762 1297 803 pertinere ad speciem formae per se sumptam
749 803 1297 837 per quandam reductionem, inquantum ali¬
740 834 1301 872 quid ipsius per modum partis, quod videtur
747 869 1301 903 talsum propter duo; Primo, quia supponit
745 899 1304 935 aliud dubium, enim valde, videtur dubium,
744 937 1299 975 quomodo tale augmentum fiat per aliquam
744 963 1301 1004 realitatem: Secundo, quia dato, quod ita sit,
741 997 1299 1046 in isto processu videtur esse fallacia con se¬
742 1038 1302 1073 quentis, quia in eo proceditur a pluribus cau
745 1066 1303 1111 sis veritatis ad vnam tamen; nam quod augmentum
746 1101 1300 1143 fiat per aliquam realitatem, quae per se sum¬
752 1134 1301 1178 pta non pertineat ad speciem formae, hoc po
744 1169 1297 1212 test verificari pluribus modis; puta, vel quia
744 1201 1299 1245 talis realitas est extra essentiam formae tan¬
752 1234 1286 1277 quam quidam motus quantitatiuus ipsius
752 1271 1298 1310 sicut ponit vna opinio vel quia est extra essen
751 1307 1305 1341 tiam eius tanquam quidam gradus indiui¬
748 1341 1299 1383 dualis, sicut ponit alia opinio. Vult etiam quid
753 1378 1301 1418 non pertineat ad speciem formae, nisi per re
751 1409 1311 1447 ductionem: Quapropter si quis velit verifica
752 1444 1307 1483 re rectum processum solum secundum istum
757 1475 1301 1512 vltimum modum, cum tamen possit verifica
754 1507 1305 1551 ri secundum omnes alios, euidenter procedit
752 1546 1307 1585 a pluribus causis veritatis ad vnam tantum,
757 1581 1271 1620 & sic peccat per fallaciam consequentis
794 1595 1304 1655 TERTIO non saluat illa qum intendit sal
758 1648 1311 1687 uare; Primo nanque non saluat formae vnita
749 1682 1306 1716 tem, ac simplicitatem; nam ista duo non vi¬
758 1713 1305 1761 dentur stare simul, scilicet, quod forma in sua
758 1745 1309 1788 essentia sit simplex, & tamen in eadem es¬
752 1782 1312 1824 sentia habeat veras partes, sicut ponit ista
758 1818 849 1861 opinio.
788 1823 1310 1891 Nec valet, quod dicunt, scilicet tales reali
758 1890 1304 1929 tates esse mutuo indistinctas, quia non sic
757 1915 1315 1961 sunt indistinctae, quin aliquo modo maneant
755 1949 1301 1990 distinguibiles; nam si nullo modo essent di¬
756 1988 1311 2029 stinguibiles, nullo modo essent partes; quia
757 2028 1311 2065 tuc totum non magis excederet vnam parte,
755 2058 1315 2096 quam omnes partes, & per consequens to¬
762 2093 1320 2142 tum non esset maius parte: Confirmat, quia
