1500 2336
162 175 713 233 uinis, hoc scimus per solam Fidem, quia ne¬
167 222 715 265 quimus facere instantiam in aliqua alia na¬
171 254 562 295 tura
198 288 712 334 His tamen non obstantibus, dico quod
179 325 719 363 Theologus potest scientifice soluere rationes
173 366 721 394 contrarias, & euidenter constabit de eorum
172 392 716 429 solutione, quod probo tali ratione. llle eui¬
175 426 719 462 denter soluit rationem factam contra aliquam
165 457 719 505 veritatem, qui euidenter demonstrat, quod
172 492 716 530 fundamentum, cui innititur dicta ratio, non
178 528 712 569 se extendit ad illud propositum, sed est ex.
177 565 723 610 traneum ab eo; Ponus Theologus potest
179 593 721 640 hoc euidenter ostendere de quacunque ratio¬
174 629 724 675 ne facta contra Fdem, ergo &c. Maior est no
175 664 719 704 ta, & Minor probatur, quia fundamentum
170 702 722 741 rationis humanae non se extendit, nisi quan¬
174 729 724 769 tum se extendit intellectus humanus in com
182 767 724 811 prehensione veritaris: sed intellectus huma
177 801 721 842 nus non extendit se ad totam veritatem se¬
176 834 724 878 cundum totum apprehendendam, quia iam
178 868 727 910 fuisset apprehensa secudum totum, quod est
183 904 735 942 contra Aristotilem 2. Meth. vbi etiam vult
185 936 727 975 Com. quod iArist. non comprehenderit to¬
181 969 729 1009 tam veritatem, quae est in natura humana,
183 1005 736 1042 quem tamen credidit esse veluti regulam in
186 1041 734 1083 Mundo: sequitur ergo, quod aliqua pars ve¬
190 1071 737 1112 ritatis sit incomprehensibilis per intellectum
193 1104 736 1145 humanum, & per consequens nulla ratio
182 1145 736 1183 humana potest illam partem attingere: Ve
193 1171 737 1220 ritas autem Fidei est incomprehensibilis in¬
181 1205 737 1247 tellectu humano, ergo nullum fundamen¬
191 1245 732 1280 tum rationis humanae extendet se ad demon
189 1274 738 1311 strandam, vel improbandam dictam verita¬
185 1308 745 1350 tem, poterit ergo Theologus euidenter osten
187 1342 737 1383 dere rationem contra Fidem factam non con¬
194 1375 741 1422 cludere, quia innititur fundamento, quod
196 1409 553 1456 est extraneum a proposito.
231 1442 741 1484 Sed contra diceret aliquis, quod iste mo¬
195 1477 740 1521 dus soluendi petit principium. Nam suppo
196 1511 746 1552 nuntur hic duo, quae debent probari. Pri¬
189 1547 748 1590 mum, quod illud, quod ponit Fides sit veri
191 1586 753 1623 tas, licet enim hoc sit verum, non tamen est
195 1615 747 1660 euidens; ideo prius esset probadum, & quia
200 1652 748 1700 probari non potest, videtur, quod illorum
202 1681 748 1726 conclusio sit euidens Secundum quod sup¬
205 1719 742 1766 ponitur est, quod veritas quam ponit Fi
200 1746 752 1787 des, non potest comprehendi per intellectum
204 1785 753 1825 humanum, quod etiam non est euidens, &
203 1819 748 1861 indiget probatione, ergo modus soluendi non
204 1854 339 1896 est bonus.
242 1879 751 1932 Ad hoc respondeo, quod instantia proce¬
212 1921 759 1960 dit ex mala intellectione rationis, quia non
202 1952 754 1993 supponit illa duo, sed bene supponit, quod
209 1986 753 2027 illud, quod Fides dicit de Deo, ita sit supra
212 2020 759 2064 humanam rationem, quod nulla ratio se ex¬
205 2053 752 2096 tendat ad demonstrandum illud esse verum;
208 2088 752 2145 aut falsum, & hoc est satis euidens, quia in¬
738 165 1286 226 tellectus humanus non se extendit ad com¬
744 223 1284 264 prehendendum de Deo hoc esse verum, vel
738 254 1294 303 falsum, nisi quantum illi conceditur per na¬
743 289 1292 329 turalem scientiam, vel Metaph. quae duae
749 324 1283 370 scientiae tantum de Deo aliquid pertractant.
742 362 1292 400 nunc autem consideratio naturalis hoc solum
744 393 1296 438 considerat, quod habeat rationem primi mo¬
742 422 1295 467 toris, & ideo quaecunqe illi conueniunt vt
757 458 1290 507 primus motor, illi attribuit, & iudicat esse
749 495 1292 530 vera, quaecunque vero Deo repugnant vt mo
750 524 1293 572 tor, iudicat esse falsa, si vero aliqua Deo at¬
753 559 1280 607 tribuantur, quae sint extranea ab ista ratio
746 597 1285 642 ne, de illis non potest iudicare philosophus
745 626 1297 663 an sint vera, vel falsa: & ita suo modo dicen
746 661 1287 697 dum est de Metaphysica, quae Deum consi¬
755 695 1287 741 derat sub ratione primae formae, & vltimi fi-
753 729 1297 776 nis. Quaecunque enim iudicat esse vera, Deo
754 762 1296 801 conueniunt sub tali ratione; quae vero dicit
753 798 1301 836 esse falsa, illi repugnant: de extraneis autem
753 832 1304 884 ab istis rationibus non potest iudicare an ve
755 863 959 905 ra sit, vel falsa
769 892 1307 946 Quia vero in his, quae sunt Fidei, puta
758 929 1302 973 Deum esse trinum, & vnum, & his similia,
760 966 1300 1009 quae attribuuntur Deo, non secundum ali¬
763 1008 1307 1047 quam dictarum rationum, sed sunt omnino
762 1036 1307 1075 extranea ab istis rationibus, de quibus per¬
769 1070 1308 1117 tractat Theologia, idcirco nec Physicus, nec
765 1103 1309 1150 Metaphysicus potest iudicare de illis veri¬
766 1136 1303 1175 tatem, aut falsitatem, sed debet dimitte¬
764 1169 1308 1207 re iuditium de eis superiori habitui puta
764 1203 1311 1241 Fidei, vel Theologiae, sicut physica di¬
766 1239 1310 1277 mittit iudicium Metaphysicae illorum quae
762 1272 1313 1310 competunt, vel repugnant Deo, vt est pri¬
766 1305 1313 1353 ma forma, & vltimus finis, ex quibus ap¬
775 1342 1315 1380 paret, quod superius fuerat suppositum in com¬
773 1374 1313 1412 clusione, licet prima facie non esset euidens,
767 1407 1323 1450 facile tamen posset notificari procedendo, vt
776 1439 1054 1487 modo dictum est.
807 1469 1307 1524 His visis Respondeo eorum rationibus
813 1508 1317 1553 Ad primam, cum dicitur, quod solutio ra
773 1545 1317 1584 tionum procedit ex his, quae apparent in crea
780 1579 1321 1622 turis dico, quod apparentia in creaturis po¬
778 1616 1322 1649 test accipi duobus modis, vno modo secun¬
780 1644 1321 1687 dum quod ex ea concluditur, quicquid po¬
776 1678 1327 1715 test cognosci de Deo, alio modo vt ex ea de¬
779 1711 1321 1749 ducitur, quod Deus excedat nostram cogni¬
777 1744 1331 1793 tionem, itaquod quantum ad plures verita¬
779 1778 1333 1820 tes remanet nobis incognitus naturaliter: si
784 1814 1326 1851 sumatur apparentia in creaturis secudo modo
785 1843 1324 1894 concedo sed primo modo nego, quia ex his, qua
785 1879 1334 1918 apparent in creaturis non conuincimus, quod
788 1913 1326 1960 Deus excedit cognitionem nostram, & quod
789 1947 1337 1997 non solum per habitudinem ad creaturas pos¬
786 1979 1336 2032 sit cognosci & vlterius que intellectus de qui
784 2017 1331 2055 buscumque attributis non potest iudicare,
787 2048 1342 2095 sed solum de his, quae conueniunt illi ex crea
789 2088 1338 2139 turis. Solutio igitur ista, data illis rationibus,
