1500 2311
205 155 762 213 posit est pars intrinseca, sed in causando ta
202 204 761 242 lem effectum formalem, qui est ab ea extrin
197 239 751 282 secus, & e conuerso, quia etiam ipsa non est
199 275 689 321 aliquid intrinsecum dicto effectui.
237 310 734 351 Praeterea ad illud dictum videtur seqi
197 342 745 384 quod principium quo agens agit non sit so
194 374 752 423 la forma, sed etiam materia propter dictum
196 405 747 453 effectum formalem intrinsecum, quem ha¬
196 443 757 479 bet a forma: quod tamen videtur omnino
200 476 751 521 inconueniens: nam illud, per quod agens
201 511 743 546 agit, est in actu etiam principium quo agit;
196 543 749 583 sed est in actu per solam formam, ergo sola
190 573 556 624 forma erit principium quo.
230 607 753 653 lstis tamen non obstantibus fundamentum
195 638 753 684 Doctoris firmiter perseuerat: Quapropter
195 672 677 725 respondeo ad omnia ista per ordinem.
250 714 750 750 Ad primam dicendum quod isti modi
197 743 747 789 sunt aliquid, sed hoc potest intelligi dupli¬
199 786 744 824 citer, vno modo quod sint aliquid cum prae¬
200 817 749 858 ciscione illius rei, cuius sunt modi, tanquam
199 849 738 883 aliquid condiuisum contra eam, & iste intel
199 877 751 920 lectus falsus est, alio modo vt sint aliquid,
190 916 743 956 non praescindendo ab illa re, cuius sunt mo¬
192 946 741 989 di, nec condiuidendo contra eam: sed sunt
190 979 747 1025 aliquid tale, quod est illamet res, cuius sunt
194 1017 754 1053 modi; & iste intellectus est verus: nam mo¬
192 1050 738 1093 dus materiae, qui derelinquitur in ea ex ipsa
201 1083 753 1125 forma, non est aliud, quam ipsamet materia
195 1117 751 1158 aliquomodo diuersificata ab eo, qui erat pris.
188 1156 751 1195 antequam haberet formam, & si contingat.
191 1187 749 1228 quod semper habuerit formam: erit eadem
191 1219 737 1261 materia aliquo modo diuersificata, non ali¬
192 1248 741 1292 ter eo quod prius habuisset, sed ab eo, quod
194 1287 744 1329 habere posset, & ideo potest concedi aliquo
194 1319 744 1361 modo, quod modus materiae est aliqua res
190 1360 738 1398 non quidem praecisa, & diuisa contra ipsam
191 1388 733 1427 materiam, sed ipsamet imateria aliquo modo
195 1422 740 1465 diuerfificata: Quapropter verbum P. Augu¬
185 1455 745 1496 stini superius inductum non est contra istam
190 1487 560 1542 opinionem.
224 1516 741 1570 Ad secundam dicendum quod non sequi
187 1554 741 1599 tur, quod sit aliqua differentia media inter
184 1586 736 1638 realem, & rationis, quia nec illud, quod as
184 1626 738 1665 sumitur est verum, scilicet quod inter mate¬
190 1660 741 1701 riam, & suum modum sit aliqua differentia
191 1691 733 1733 realis; nam quamuis talis modus faciat dif¬
190 1726 730 1763 ferre materiam realiter a seipsa, ipse tamen
190 1761 739 1803 per se sumptus cum praecisione materiae, cum
183 1795 731 1840 non sit aliqua res, non potest differre realiter
187 1826 321 1868 a materia.
216 1849 733 1901 Sed contra, diceret aliquis hanc solutionem
185 1895 729 1937 non tollere difficultate, nam quantuncunque
185 1927 730 1972 dictus modus non differat realiter a mate¬
184 1958 734 2007 ria, conceditur tamen quod faciat materiam
183 1996 733 2036 differre tealiter a seipsa, ipse tamen per se
188 2032 736 2067 sumptus cum praecisione materiae, cum non
190 2062 740 2118 sit aliqua res, non potest differre realiter a
774 166 1358 206 materia, & tamen constat quod dicta diffe¬
779 207 1341 243 rentia non ponit duas res, siue duo extre¬
779 238 1357 289 ma realia; & per consequens nec est omni
774 272 1042 310 no realisA
807 306 1356 347 Ad quod est dicendum, quod dicta diffe S
782 338 1355 386 rentia est omnino realis, non tamen propter.
781 372 1336 419 hoc oportet vt ponat plures res quia in dif¬
778 406 1328 445 ferentia reali sunt multi gradus; plus enim
783 442 1331 483 differt nigredo ab albedine in actu, quam ab
775 477 1325 511 albedine in potentia; quamuis vtrobique sit
777 511 1321 551 differentia realis; prima tamen differentia
779 542 1331 585 est maior, quia ponit duo extrema realia,
771 578 1349 614 quorum quodlibet est in actu; secunda ve¬
777 612 1327 652 ro non ponit duas res, sed vnam tantum;
770 648 1351 692 poterit ergo esse etiam differentia realis vbi
777 684 1350 718 est sola vna res, quamuis non in tanto gra¬
774 711 1347 756 du realitatis, sicut vbi sunt duae: Quapro¬
774 744 1349 790 pter ita poterit esse in proposito, nam mate¬
776 787 1349 821 ria modificata per formam prius differt a for¬
768 814 1348 856 ma modificante, quam a seipsa non modifi¬
779 848 1348 884 cata, licet vtrobique sit differentia realis, pri¬
771 882 1347 920 ma tamen est maior, quia necessario ponit
777 915 1346 954 duo extrema realia secundum actum, & per.
773 951 1346 985 consequens duas res puta materiam, & for¬
766 985 1346 1024 mam: secunda vero non ponit duo extrema:
775 1017 1325 1054 realia secundum actum, immo solum vnum,
771 1048 1325 1091 & per consequens vnam solam rem: nam si
776 1081 1320 1129 poneret ambo sua extrema secundum actu
776 1119 1323 1160 poneret contradictoria differentia, quia ma¬
769 1160 1323 1193 teria modificata per formam, quae est vnum
773 1189 1343 1226 extremorum istius differentiae, & ipsa eadem v
767 1223 1330 1266 non modificata opponitur contradictorie: &
769 1258 1315 1302 ex hoc apparet, quod si ista differentia po¬
769 1291 1327 1330 neret ambo sua extrema secundum actum,
768 1323 1335 1370 necessario poneret diuersas res, quia impos¬
769 1355 1324 1405 sibile est, quod materia actu modificata por
773 1389 1328 1425 formam, & actu non modificata per eam sit
774 1423 1325 1471 vna res, nisi velimus de eodem contradicto
766 1455 1032 1492 ria verificare.
808 1493 1338 1538 Apparet etiam vlterius ex hoc, quod ois
764 1524 1331 1567 differentia realis, quae ponit ambo sua extre
762 1561 1324 1594 ma secundum actum necessario ponit diueri
763 1592 1325 1628 sas res, & ideo opinio de formalitatibus su¬
767 1627 1324 1672 perius in x. distinct improbata stare non¬
769 1657 1323 1704 potest, quia distinctio formalis ponit sua¬
765 1696 1318 1744 extrema realia, & secundum actum, &
765 1728 1309 1767 tamen non ponit diuersas secundum, ponen
765 1767 1309 1806 tes dictam opinionem, quia opinio de modis
761 1796 1321 1844 quam ponit AEgidius non comciditicum opi
763 1830 1310 1877 nione de formalitatibus, sicut quidam imagi
765 1863 1316 1913 nantur, quamuis traxerit originem, & pin¬
767 1896 1322 1947 ctum suae imaginationis ab ea: Quapropter.
766 1930 1327 1969 etiam inconuenientiam, quae adducuntur con¬
761 1964 1312 2007 tra dictam opinionem non curtunt contra
762 2000 1320 2036 istam, sicut quidam volunt dicene: Nam om
759 2035 1314 2068 nia inconuenientia inducta contra dictin¬
765 2067 1317 2124 ctionem formalem procedunt ex eo, quod po
