1500 2323
174 183 742 232 to dicto fundamento, conclusio praefata in se
183 232 744 276 non sit vera, scilicet quod charitas, vel quae¬
174 254 745 308 cunque alia forma augeatur secundum esse,
219 365 746 404 Primo, quia tale esse vel est idem quod
178 296 745 336 quod dat subiecto: Hoc autem probant tii¬
179 323 746 386 pliciter.
182 391 745 441 estentia formae, vel saltem est quaedam pro
183 436 747 483 prietas eius: si idem quod essentia formae.
184 456 748 506 habetur propositum; quia ex quo non
184 500 739 541 augetur secundum essentiam non angebitur,
186 530 732 572 secundum esse; si proprietas eius, habetur
188 565 735 612 intentum, quia non augetur proprietas, nisi
181 595 725 651 augeatur id, cuius est proprietas.
218 616 751 675 Secundo, quia pari ratione, & forma sub
188 663 751 709 stantialis augeretur secundum esse, quia si¬
189 694 752 742 cut non obstante indiuisibilitate formae acci
189 739 752 773 dentalis, & indiuisibilitate subiecti, achue¬
190 765 750 815 forma accidentalis augetur secundum esse
195 807 753 837 (vt concedit dicta opinio) ita etiam non ob¬
185 832 743 879 stante indiuisibilitate formae substantialis, &
182 872 746 909 materiae, poterit augeri secundum esse.
223 902 745 947 Tertio, quia videtur, quod ista opinio
182 936 732 982 non possit allignare causam dicti augmenti
186 972 740 1014 quia, vel dicetur quod causa ipsius sit forma,
189 1006 740 1048 vel subiectum, vel disposito subiecti; non
195 1037 741 1079 forma, quia illa est indinisibilis, non subie¬
189 1078 749 1112 ctum, quia etiam illud est indiuisibile; nec
191 1106 755 1145 etiam disposito subiecti; quia omnis talis) di
191 1141 740 1188 sposito estquaedam forma: quapropter quae
190 1173 747 1217 ratur de tali dispofitione, per quid habeat
197 1204 749 1246 magis, & minus, sidicatur quod propter a¬
193 1247 750 1284 liam dispositionem, pari ratione & illa pro¬
197 1271 744 1326 pter aliam, & sic esset processus in infinitum
194 1310 750 1353 in his dispositonibus; quapropter nullo mo
193 1343 747 1385 do videtur posse dari causam augmenti for¬
193 1378 687 1430 marum secundum praefatam opinionem.
235 1404 750 1451 Ad huiusmc di rationes dico quod non im
204 1443 751 1484 pediunt praefatum modum, sed magis eum
190 1477 724 1524 confirmant.
233 1510 748 1553 Ad primam ergo dicendum quod tale es¬
198 1546 746 1589 se nec est idem quod essentia formae, nec proprie
198 1580 748 1621 tas eius, sed effectus formalis eius, potest at
203 1619 754 1654 effectus variari secundum augmentum, &
207 1652 750 1688 diminutionem non existente aliqua variatio
199 1682 747 1727 ne in forma, & ideo ista ratio confirmat opi
203 1718 321 1759 nionem.
215 1745 749 1794 Ad secundam dicendum, quod non est si¬
202 1791 758 1825 mile de forma substantiali, & accidentali, quia
203 1821 748 1859 licet vtraque habeat suum effectum formalem
200 1851 754 1895 in materia, forma tamen substantialis habet
201 1892 762 1928 ibi talem effectum, quod per ipsam determi
204 1915 754 1961 nat ea ad specie, & definitionem; nam esse spe
207 1947 758 1998 cificum, & definitiuum materiae consistit in
210 1989 750 2028 effectu formali quem habet a forma substan
209 2019 760 2061 tiali, & quia huiusmodi esse cuiuscunque rel
214 2051 760 2092 consistit in indiuisibili, idcirco praefato effe
206 2085 766 2138 ctui formali repugnat variatio secudum aug
733 172 1337 230 mentum, & diminutionem, forma vero acci
734 223 1319 261 dentalis habet effectum formalem in mate¬
735 258 1343 304 ria, qui est extra speciem, & definitionem ip
735 292 1317 334 sius, & ideo non repugnat sibi variari secuft
736 323 1305 372 dum augmentum, & diminutionem: ex quo
757 359 1313 397 etiam apparet, quod ista ratio confirmat opi
756 386 1305 439 nionem, & peccat nihilominus accipiendo
758 428 1306 471 non causam pro causa, ex eo quod dicit quod
765 465 1303 506 causa quare forma substantialis non augeatu
763 493 1309 538 secundum esse est indiuisibilitas formae, & in
763 523 1311 571 diuisibilitas subiecti, sed vt patet ex superius
763 560 1300 599 dictis causa est, quia a suo esse sumitur fa
763 591 1093 634 tio speciei, & definitionis,
800 623 1317 667 Ad tertiam autem dicendum quod dato,
766 660 1313 706 quod non assignetur causa augmenti in for¬
761 698 1317 737 mis (secundum istam opinionem) si tamen
775 730 1319 769 affignetur modus ponendi; adhuc hoc suffi
775 764 1314 801 ceret quantum facit ad praesentem articulum
775 796 1316 848 quia hic non quaeritur de causa augmenti,
766 832 1327 871 sed de modo, si tamen quaeratur de causa,
771 863 1339 907 adhuc potest responderi: ommitto autem v¬
771 900 1319 947 nam responsionem, quam facit Doctor po¬
774 928 1341 983 nens opinionem, quia illa requireret logio¬
770 970 1031 1012 rem declarationem.
794 996 1321 1044 Quocirca do vnam breuem responsionem
774 1036 1318 1082 quantum facit ad propositum: dicendo, quid
778 1069 1313 1112 causa istius augmenti est forma, & effectu
768 1104 1312 1155 formalis ipsius, & etiam ipsum subiectum
767 1141 1321 1185 forma quidem est causa, eo quia non perfi¬
777 1167 1333 1209 cit subiectum dando sibi esse specificum, quid
770 1200 1322 1248 est esse pdicamentale; sicut facit forma substam
777 1241 1320 1278 tialis; effectus vero formalis est causa ex eo,
780 1272 1338 1320 quod est extra rationem specificam, non fo¬
772 1300 1333 1349 lum formae, sed etiam subiecti, propter quod
777 1341 1333 1388 sibi non repugnat variari secundum magis,
775 1377 1329 1420 & minus: subiectum etiam est causa, quia
783 1410 1322 1447 est in potentia ad dictum augmentum, &
775 1438 1323 1486 ideo non est quaerenda alia causa istius aug
779 1475 1325 1517 menti, nisi ipsum agens potens reducere de
787 1517 1327 1554 potentia ad actum tam subiectum, quam
777 1543 1322 1582 formam quibus competit augeri in tali esse;
783 1580 1332 1619 & ideo non videtur, quod in ista ratione sit
784 1608 1331 1658 tanta difficultas, quantam aliqui praeten¬
786 1640 1332 1683 dunt, nam sicut non damus aliam causam
782 1677 1325 1721 actionis, & passionis, nisi quia passiuum, quod
787 1715 1336 1752 est tale in potentia, & actiuum quod est tale
787 1745 1333 1786 in actu, sunt adinuicem approximata: sic in
782 1781 1332 1826 proposito non oportet quod demus aliam cau
785 1815 1330 1854 sam istius augmenti, nisi quia forma, & sub
816 1847 1304 1887 iectum sub forma sunt in potentia ad
846 1876 1263 1934 ipsum: Quibus positis non indige
886 1911 1232 1966 mus nisi sola praesentia agen
855 1947 1198 1996 tis potentis ea reduce¬
957 1979 1175 2023 re ad actum. Et
966 2016 1146 2058 haec sufficiant
1036 2053 1090 2094 pro
994 2079 1129 2140 praesenti.
