1500 2331
169 174 727 227 de consequentijs, quam de articulis, & con
165 225 715 262 clusionibus, quod patet esse falsum, & ipsi¬
167 254 517 302 mer contrarium intendunt
201 285 716 329 Ad rationem eorum dico, quod non est quae
171 325 711 365 renda eodem modo euidentia in omni scien¬
169 355 713 392 tia, apparet enim, quod naturalis scientia non
168 387 721 424 habet tantam euidentiam, quantam habet
168 423 721 459 Mathematica, quae habet demonstrationes in
165 463 720 499 primo gradu certitudinis, & tamen hoc non
164 488 715 531 obstante, scientia naturalis vere est scientia.
197 526 721 567 Est alia opinio distinguens Theologiam
166 557 716 599 in se & in nobis: si accipiatur in se, dicunt
162 591 720 628 esse vere scientiam, quia eius subiectum est
162 624 726 668 maxime scibile, & euidens, & eius principia
167 661 715 703 sartieuli Fidei sunt maxime euidentia, quam
167 692 721 735 tum est de se: si autem accipiatur respectu
167 728 720 766 intellectus nostri, non dicitur proprie scien¬
169 758 714 800 tia, quia eius subiectum, & principia respe¬
167 796 725 835 ctu nostri non habent talem euidentiam, quam
171 828 719 864 sunt nata habere de se, quod prouenit ex in¬
165 861 523 905 firmitate intellectus nostri.
202 893 724 933 Si autem loquamur de scientia magis con
168 928 719 971 tracte, prout sufficit habere certitudinem de
165 968 725 1006 re aliqua, quantum materia patitur, vt dicit
168 995 713 1039 Arist. primo Ethicorum de scientia morali,
171 1037 715 1077 quod sufficit superficialiter tradere notitiam
172 1061 717 1104 actus humani, quia sunt variabiles; sic con¬
167 1096 722 1135 eedunt Theologiam esse scientiam, quia ha
172 1130 718 1172 bemus per eam certitudinem, & euidentiam
166 1165 721 1214 quam patitur materia, de qua est pro sta¬
173 1202 276 1242 tu viae
207 1233 719 1273 Haec opinio non potest stare propter tria¬
208 1266 719 1311 Primo quia distinctio quam ponunt non
167 1307 711 1350 est rationabilis, nam si Theologia posset ac
175 1334 721 1374 cipi in se, esset de numero formarum, quae non
179 1364 718 1413 determinant sibi subiectum, vt formae Matho
175 1401 492 1448 maticae quod est falsum.
208 1424 724 1479 Secundo dato quod praefata distinctio es
175 1468 725 1507 set vera, adhuc non haberetur propositum;
176 1503 722 1547 Nam si Theologia in se accepta sit vera scien
179 1535 726 1580 tia, erit etiam respectu nostri vera, & pro¬
177 1571 718 1620 pria scientia. Probatur consequentia, nam
179 1607 718 1648 quando aliquid competit alicui formae de se
176 1639 721 1679 & secundum se, illi semper competit vbicu¬
178 1672 722 1712 que ponatur (subiectum enim non aufert a
180 1713 728 1748 forma illud quod est de sua ratione ) si ergo
183 1740 729 1781 de ratione Theologiae in se acceptae est, quod
179 1774 724 1813 sit vere & proprie scientia, etiam vt recepta
176 1803 730 1859 in intellectu nostro erit vere & proprie
183 1844 275 1886 scientia
221 1878 728 1923 Tertio illud, quod assumunt pro simili de
182 1908 726 1951 scientia morali, est contra eos, quia quod de
179 1943 735 1990 actibus humanis habeamus certitudinem su
182 1973 737 2026 perficialem, hoc magis est ex parte ipsorum
185 2009 732 2052 actuum, quia sunt variabiles, quam ex par¬
184 2044 734 2086 te nostri intellectus, sed quod habeamus scien
182 2074 733 2133 tiam superficialem de Deo, hoc magis est ex
750 181 1297 229 parte intellectus nostri (vt ipsimet concedunt)
749 219 1296 255 & per consequens non videtur, quod ha¬
750 252 1302 296 beamus scientiam Theologiae, quantum ma
749 287 915 331 teria patitur.
773 313 1301 363 Alij distinguunt de Theologia, quod po¬
749 353 1301 391 test tripliciter accipi; Vno modo pro habi¬
747 392 1305 431 tu, qui fuit in Prophetis, & Apostolis, alijsque
750 421 1295 461 Doctoribus Sacri Canonis. Secundo pro ha
753 461 1295 496 bitu, qui acquiritur in nobis ex sensu Scri¬
752 491 1299 533 pturarum. Tertio pro habitu, quem acqui¬
753 521 1301 563 rimus exponendo Sacram Scripturam, sol¬
754 556 1286 600 uendo dubia, & permiscendo philosophiam.
763 590 1297 634 Si accipiatur primo modo, volunt, quod
754 625 1302 663 Theologia Vere possit dici scientia, quia quam
752 657 1304 695 uis non faceret euidentiam Doctoribus sacri
750 690 1294 729 Canonis de veritatibus eis reuelatis, faciebat
751 725 1296 766 tamen eis plenam certitudinem, ficut fecis¬
753 759 1299 797 sent ipsae res, si fuissent presentes, hoc auten
751 792 1297 836 probant tali ratione. Deus potest immedia¬
747 829 1296 868 te, quicquid potest mediante causa secunda
749 860 1297 901 in genere causae efficientis: sed si res, de qui¬
752 896 1302 936 bus est Theologia, essent praesentes, & intui
752 925 1300 973 tiue cognitae, effectiue causarent in nobis
747 965 1303 1004 cognitionem certam, & scientificam, ergo po
753 997 1294 1039 tuit Deus immediate efficere talem cognitio
753 1031 1295 1067 nem in mentibus eorum, qui Sacrum Cano
751 1063 1294 1106 nem scripserunt, ac si res fuissent praesentes,
749 1096 1023 1141 & intuitiue cognitae.
785 1102 1297 1169 Si autem accipiatur Theologia secundo
751 1163 1306 1204 modo, dicunt non esse scientiam, quia pro¬
758 1196 1295 1241 cessus illius literae SacriCanonis non est de¬
753 1229 1301 1276 monstratiuus, & sic non causat in nobis ha¬
758 1262 1294 1308 bitum scientificum, sed solam Fidem, per quam
753 1295 1297 1336 adhaeremus immediate omnibus, quae scri¬
759 1332 1023 1375 pta sunt in Canone.
787 1365 1298 1404 Sed si accipiatur Theologia tertio modo
751 1400 1299 1448 dicunt, quod quamuis sit alius habitus a Fi¬
755 1430 1297 1483 de, non tamen est scientificus, quia non pro
752 1465 1298 1515 cedit demonstrando veritates Sacrae Scri¬
763 1506 845 1540 pturae.
791 1506 1281 1579 Haec tertia opinio secundum trimembre
751 1566 1292 1612 distinctionem tripliciter deficit. Primo def
757 1597 1295 1648 cit, quia quamuis Deus posset supplere vi¬
760 1635 1296 1677 cem obiecti, in quantum habet rationem es
753 1670 1302 1710 ficientis cognitionem, non tamen potest vi¬
753 1705 1297 1748 cem eius supplere, vt habet rationem termi
760 1739 1304 1779 nantis; certitudo autem scientifica prouenit
761 1773 1301 1810 ex eo, non vt praesens est in ratione monen¬
757 1803 1305 1840 tis, sed vt est praesens in ratione terminantis:
755 1835 1298 1876 si ergo res illae, quarum veritates reuelatae
763 1868 1296 1909 fuerunt auctoribus Sacri Canonis non erant
760 1906 1299 1948 eis praesentes (sicut videtur ponere opinio)
765 1939 1297 1986 non apparet, quomodo de eis potuerint ha¬
763 1967 1279 2016 bere cognitionem certam, & scientificam.
798 2006 1301 2051 In secundo membro deficit dupliciter; pri
761 2044 1300 2085 mo quidem, quia videtur coincidere cum ha
759 2077 1307 2127 bitu Theologiae tertio modo accepto; nam
