1500 2350
237 182 760 224 Inducuntur insuper a quibusdam tres ra
183 215 750 269 tiones pro ista conclusione; quarum prima
190 249 426 299 potest sic formari;
240 284 755 331 lllud non diminuit charitatem, quod non
201 321 758 359 impedit inffuxum Dei conseruantis eam, ve
199 355 757 395 niale peccatum est huiusmodi ergo &c. Ma
199 388 758 426 ior probatur, quia quandiu manet influxus
197 419 754 464 Dei conseruantis charitatem, tandiu manet
198 454 755 493 charitatas sine omni detrimento, & laesione;
208 494 757 529 Minor etiam probatur exemplo. Videmus enim
207 526 753 569 quod influxus solis super oculum manet quam¬
209 558 767 592 diu inter solem, & oculum non interponit
204 590 760 643 se aliquid, quod possit oculum ab aspectu so
205 626 762 672 lis diuertere, & ideo dato quod se interpo¬
204 666 758 699 nat aliqua nubecula tenuis, non propter hoc
207 696 756 734 impedietur influxus solis, quia aspectus ocu
197 725 764 774 li in eo non sistet, sed vltra adhuc in solem ten
199 761 754 809 det, sic autem est in proposito, quia peccatum
212 800 762 847 veniale est quasi nebula tenuis interponens
202 832 760 883 se inter voluntatem nostram, & vltimum fi-
206 865 763 906 nem, qui est Deus, per cuius influxum con¬
201 901 767 946 seruatur charitas in nostra voluntate. Nam
201 941 765 983 ex tali impedimento non diuertitur voluntas
202 968 760 1011 a Deo, nec potest impediri influxus Dei
202 1010 757 1053 conseruantis charitatem in ea
244 1033 762 1077 Secundo, Deordinatio circa ea quae sunt
209 1076 767 1112 ad finem non diminuit quietem voluntatis
209 1104 765 1147 in fine, ante, vel post adeptionem finis, sed
206 1141 759 1185 peccatum veniale in habente charitatem est
210 1174 764 1223 quaedam deordinatio circa ea quae sunt ad
202 1211 758 1249 finem, ergo non diminuit quierem volunta¬
210 1244 762 1283 tis in fine, & per consequens nec charitaten
215 1282 765 1318 per quam quiescit in Deo tanquam in vlti¬
209 1313 763 1355 mo sine. Maior probatur, quia postquam fi-
203 1348 767 1390 nis est adeptus, ordinatio eorum quae sunt
204 1379 767 1421 ad finem nihil confert ad consequendum fi-
211 1416 769 1449 nem, & per consequens deordinatio eorum
210 1443 762 1488 nihil impediet ab inherendo fini; sicut v. 0.
218 1479 760 1526 videmus quod caecitas quae est post acquisi;
210 1518 766 1559 tam scientiam de coloribus, non impedit il¬
216 1553 766 1596 lam scientiam. Minor etiam est nota, quia
208 1578 762 1631 peccatum veniale solum facit deordinationem
211 1616 765 1669 circa eam quae sunt ad finem, non impedien¬
207 1650 714 1705 do consecutionem finis per charitatem.
252 1682 772 1731 Tertio, illud quod est in inferiori portione
211 1721 763 1765 voluntatis, non potest diminuere illud, quid
210 1761 766 1803 est in superiori; quia ad illud non attingit;
209 1796 762 1840 peccatu veniale est in portione inferiori vo¬
216 1821 742 1871 iuntatis, & charitas in superiori, ergo &c
247 1854 769 1901 Quia ergo conclusio istarum rationum vi
223 1890 770 1936 letur mihi vera, quamuis forte dictae ratio¬
214 1922 764 1969 nes apud aliquos non concludant, idcirce
219 1958 769 2012 eandem confirmo conclusionem tribus aliis
218 1993 357 2044 rationibus
276 1998 767 2070 lllud, quod nullo modo est contrarium
216 2064 764 2103 charitati, non potest ipsam diminuere, pecc¬
210 2092 772 2149 tum veniale est huiusmodi; ergo &c. Maior
794 165 1345 222 etiam ab aduersarijs conceditur; Minor
788 218 1346 261 probatur, quia vel contrariaretur sibi uatum
789 251 1342 290 ad suum esse simpliciter, vel utum ad suum
786 286 1348 326 esse perfectum, non quantum ad suum esse
788 318 1349 362 simpliciter, quia tunc nullo modo staret cum
790 350 1346 399 ea, quod est falsum, nec quantum ad suum es¬
791 388 1349 437 se perfectum, quia esse perfectum supponit
789 421 1349 459 esse simpliciter, & ideo illa, quae non sunt
793 458 1345 498 contraria quantum ad esse simpliciter, non
795 488 1343 532 sunt contraria nec etiam quantum ad esse
796 525 1344 568 perfectum, Tum etiam quia videmus in alijs
798 559 1343 599 contrarijs, quod non est alia forma, cui ali¬
798 594 1355 637 quid contrarietur quantum ad esse simplis
798 627 1342 669 citer, & quantum ad esse perfectum secun¬
794 661 975 703 dum eandem.
827 695 1348 741 Et confirmo rationem, quia si essent ali¬
792 734 1346 774 quo modo contraria, respicerent idem obie¬
800 762 1340 810 ctum, quod est falsum.
831 803 1351 841 2 Illud, quod nullo modo potest separa¬
792 830 1350 876 re a Deo, non potest minuere charitate, peo
798 868 1345 908 catum veniale est huiusmodi; ergo &c. Ma¬
794 900 1345 940 ior videtur nota, quia cum charitas vniat Deo
795 934 1353 981 secundum quenlibet suum gradum, si aliqud
799 970 1356 1010 potest eam minuere in aliquo gradu, potest
795 1004 1355 1041 separare a Deo iuxta illum gradum. Minor
794 1037 1350 1084 probatur, si peccatum veniale separaret a Deo
795 1074 1351 1116 in aliquo gradu, esset aliquo modo mortale,
794 1106 1352 1142 & per consequens non esset essentialis di¬
795 1139 1231 1184 stinctio inter ueniale, & mortale¬
803 1176 1358 1214 3 Illud, quod disponit ad corruptionem
799 1210 1355 1252 formae nihil agendo circa formam, sed solum
798 1241 1351 1284 circa dispositionem formae, & circa disposi¬
794 1279 1350 1317 tionem sui subiecti, non diminuit in alquo ip
803 1312 1359 1349 sam formam : peccatum veniale disponit ad
802 1347 1354 1386 corruptionem charitatis nihil agendo circa
798 1379 1352 1424 charitatem, sed solum circa suam disposito¬
799 1414 1355 1449 nem, & circa dispositionem subiecti sui; ergo
796 1452 1358 1492 &c Maior probatur. Nam videmus quod quia
798 1481 1363 1518 agens naturale sic disponit ad corruptionem
794 1518 1357 1564 formae substantialis, quod solum agit remo¬
799 1549 1353 1593 uendo dispositionem ipsius, idcirco eam non
798 1589 1355 1634 minuit. Minorem etiam probo, quia potissi¬
800 1615 1355 1668 ma causa propter quam peccatum veniale
805 1652 1361 1692 videtur minuere charitatem, & disponere
795 1688 1353 1735 ad corruptionem ipsius, est quia reddit actu
795 1727 1359 1768 eius magis remissum, hoc tamen non fcit
798 1755 1355 1796 directe artingendo charitatem, cum nulla
805 1790 1361 1840 habeat ad eam contrarietatemis vt dictum
801 1819 1354 1864 fuit, sed facit hoc disponendo suum subie¬
805 1858 1358 1907 ctum, scilicet voluntatem ad contrarium ip¬
805 1894 1319 1932 sius, puta ad peccatum mortale.
834 1924 1362 1973 Et confirmo rationem, quia videmus, quod
800 1955 1356 2003 mala complexio in homine habente charita
799 1997 1353 2041 tem reddit actum charitatis magis remissum,
809 2034 1358 2070 quia non permittit eumi eliti cum tanta in¬
807 2064 1363 2104 tensione, & vigore, sicut elicergtur abihaben
807 2100 1364 2147 te bonam complexionem, & tamen nun pro
