1500 2321
235 174 746 227 Ad tertiam dico, quod charitas nullo mo
199 220 748 265 do minuitur per se, & directe, ita quod per
196 256 746 301 se aliquid sibi subtrahatur, sed solum per ac
202 289 742 327 cidens, & indirecte, eo modo quo superius
197 325 743 364 est declaratum, & iuxta istum intellectum
202 355 563 406 potest exponi dictum P Aug¬
236 379 746 428 1 Sic ergo patet quid sit dicendum ad istum
200 424 747 461 articulum, & ad omnia quae videbantur de¬
199 456 749 499 claranda in istam distinctione circa augmentum
207 491 757 532 charitatis. Plura alia essent quaerenda de cha
201 531 755 568 ritate, quae habebunt locum in 3. lib. & ideo
204 560 505 605 ad praesens dimittantur.
202 589 753 636 AD ARVMENTA PRINCIPAIA
279 627 751 670 D primum nego consequentiam, nec
201 638 748 708 probatio valet, quia supponit quod
198 695 750 738 gradus praecedens, & sequens sint quasi duae
200 727 750 768 realitates, in quas essentia formae diuidatur;
196 761 753 800 ostensum autem fuit in 3 art. quod essentia
197 797 589 843 formae non habet tales gradus.
226 823 748 870 Per idem patet solutio ad secundum ra¬
199 861 680 907 tionem, quia videtur supponere idem
229 895 753 940 Ad tertium vero dicendum, quod auge¬
201 927 750 968 tur secundum gradus in esse, sicut fuit osten
200 967 747 1002 sum in t artic. nec illud quod additur impe¬
199 997 751 1039 dit propositum, quia cum dicitur quod esse,
205 1035 745 1075 & essentia in accidentibus sunt idem, intel¬
202 1064 747 1106 ligendum est hoc de esse existentiae, quia ac
201 1102 749 1137 cidentia non habent proprium esse existen¬
195 1131 749 1175 tiae; non autem de esse quod est effectus for
200 1168 750 1207 malis accidentium, quia tale esse bene est
204 1203 733 1253 aliud ab eorum essentia.
241 1228 751 1285 Ad quartum patet quid sit dicendum per
203 1266 723 1316 ea, quae dicta sunt in praecedente articulo.
195 1298 754 1343 Ad vltimum dicendum, quod maior vide
200 1335 744 1379 tur falsa, quia non est simile de augmento,
202 1372 750 1415 & diminutione: Nam augmentum de quo lo
201 1406 746 1452 quimur charitatis, habet aliquam causam in
200 1436 746 1484 quam potest reduci Diminutio vero eiusdem
194 1471 742 1513 nullam habet causam in quam possit redu¬
197 1502 747 1547 ci; & ideo ad probationem cum dicitur, quod
200 1537 751 1588 opposita apta nata sunt fieri circa idem, di¬
203 1570 744 1617 cendum quod verum est vbi vtrumque eorum
204 1603 742 1649 habeticalisam suae possibilitatis: quod non
194 1640 744 1680 est in proposito, & haec de praesente distin¬
198 1679 330 1725 ctione.
195 1740 719 1790 DISTINCTIONIS NVII.
201 1800 663 1857 QV.AESTIO VNICA
203 1881 749 1917 Vtrum id quod significatur nomine doni,
199 1906 646 1964 in diuinis sit quid essentiale
798 160 1301 232 ARGVITVR PRO PARTE
972 211 1131 263 affirmante¬.
775 247 1326 311 1 Aluator noster testatur apud lohane
792 283 1328 330 A1o essentiam sibi datam a patre, sic in¬
780 317 1325 364 quiens: Pater quod dedit mihi maius omni-
778 351 1323 391 bus est, quod non haberet veritatem nisi es¬
779 382 1324 427 sentia haberet rationem doni, cui etiam con
774 418 1323 466 cordat dictum Hilarij 8 de Trin vbi dicit,
776 460 1326 503 quod essentia est donum quod datur a pa¬
777 493 879 535 tre filio.
809 513 1328 569 2 Si significatum doni non esset quid es¬
777 549 1330 594 sentiale, sequeretur quod conueniret soli
781 583 1333 632 Spiritui Sancto, quod est falsum, Consequen¬
783 617 1328 665 tia patet, quia secundum Augu. 5. de Trin. ci
783 652 1328 702 14. Spiritus Sanctus procedit non quomodo
781 688 1329 731 natus, sed quomodo datus, & ideo si ponas
776 718 1325 765 tur quod donum sit quid essentiale, & com
780 757 1333 799 mune tribus personis nulla est persona in
782 787 1334 835 Trinitate cui videatur appropriari, nisi soli
779 824 1325 873 Spiritui Sancto; Falsitatem probo, quia in
775 860 1328 898 sanctificatione creaturae rationalis omnes
780 893 1330 945 tres personae conueniunt ad inhabitandum
773 924 1328 966 illam creaturam, secundum quod habetur
778 958 1332 1002 1o. 14. Ad eum inquit veniemus, & mansio¬
773 996 1328 1036 nem apud eum faciemus, & per consequens
774 1030 1324 1068 ratio doni videtur conuenire omnibus tribs
779 1060 1331 1109 personis, quia in dicto effectu sanctificationis
784 1097 1294 1141 earum vna non datur sine alijs duabus.
816 1129 1337 1173 AD OPPOSITVM arguitur; Quia di-
779 1162 1331 1205 cit per Aug. 15. de Trin. c. 27. Non frustrain il
779 1198 1333 1239 la Trin non dicitur verbum Dei nisi filius, ne
776 1234 1334 1276 que donum Dei, nisi Spiritus Sanctus, sicut
774 1269 1326 1309 ergo illud, quod significatur nomine verbi, e
781 1295 1332 1337 notionale, & non essentiale; ita illud, quod
777 1333 1328 1379 significatur nomine doni, videbitur solum
778 1364 1131 1412 notionale, & non essentiale,
810 1393 1324 1442 RESPONDEO: In ista quaestione dud
781 1431 963 1477 sunt videnda
847 1460 1323 1508 An nomen doni significet quid essen¬
774 1501 1147 1543 tiale, vel notionale in diuinis.
841 1528 1332 1576 An illud, quod significatur per hoc non
773 1567 1314 1617 men donum, conueniat soli Spiritui Sacto,
848 1630 1259 1688 ARTICVLVS PRIMVS.
784 1698 1327 1747 An nomen doni significet quid essentiale
901 1738 1201 1774 vel notionale in diuinis.
866 1833 1330 1877 Vantum ad hoc est intelligendum quos
834 1852 1328 1924 dam velle significatum huius nomi¬
778 1905 1328 1948 nis doni non esse essentiale, neque notiona¬
776 1938 1333 1978 le, sed abstrahere ab vtroque, & posse conue
778 1975 1327 2019 nire vtrique. Hoc autem probant ex eo quod
777 2009 1330 2045 donum est datio liberalis, & ideo quantum
780 2041 1327 2082 est de sua ratione significandi importat om-
780 2078 1332 2126 ne illud, quod etitam alteri liberaliter commu¬
