1500 2343
154 157 716 215 nicatum, siue illud sit homo, siue quodcumque
158 200 725 248 aliud ens creatum, vel increatum. Nam quia
166 235 715 276 (secundum eos) ratio importata per hoc no¬
160 271 722 314 men non determinat sibi aliquod genus en¬
157 302 721 348 tis, idcirco non variatur in aliquo genere
163 339 723 382 entis; quapropter non repugnat sibi inueni¬
156 369 724 414 ri in quocunque ente, siue illud sit creatum, si
156 409 714 453 ue increatum, & ideo si applicetur ad diui¬
162 444 719 482 na secundum quod dicunt, non determinat
163 474 718 520 sibi essentialia vel notionalia, quamuis possit
164 508 719 550 conuenire aliquibus eorum, vel forte vtrisquae
162 546 723 587 sicut ponunt exemplum de hoc nomine pre¬
163 576 725 611 cium, quod quidem secundum suam ratio¬
166 609 718 650 nem significandi non importat nec solidum,
164 645 718 688 nec denarium, nec obolum, sed abstrahit ab
162 683 726 722 omnibus istis, potest tamen nihilominus sua
164 719 723 764 ratio significandi applicari ad quodlibet i¬
165 748 275 796 storum.
203 780 723 835 lste autem modus dicendi non videtur pro
169 814 423 870 babilis propter tria.
198 849 726 896 Primo, quia non videtur verum quod ra
171 883 721 924 tio importata per nomen doni possit applica
162 919 724 957 ri ad quodcunque ens. Nam de ratione doni
171 957 725 998 proprie sumpti est, quod exeat ab aliquo li¬
162 987 727 1033 beraliter dante, & communicante : nunc aute
165 1022 718 1068 est deuenire ad aliquod quod non habet ali¬
170 1056 724 1110 quem exitum ab alio puta, sicut est diuina es
159 1089 722 1130 sentia, & etiam prima persona in diuinis, &
164 1122 727 1171 ideo non videtur quod ratio doni proprie lo
167 1163 729 1206 quendo possit applicari ad diuinam essentiam,
170 1193 613 1243 nec ad primam personam diuinam.
204 1222 731 1273 Secundo, non videtur verum quod hoc
174 1258 722 1302 nomen donum non determinet sibi aliquoc
175 1298 727 1342 speciale significatum, quia non est sicut no¬
174 1331 737 1373 me aequiuocum, quod significat plura actua
174 1363 735 1403 liter, & aequaliter; nec etiam sicut nomen
177 1398 731 1440 vniuocum, quod significat plura potentiali¬
173 1430 733 1480 ter, & per quandam indifferentiam, sed ma¬
172 1466 732 1512 gis est sicut nomen analogum quod ita signi
181 1497 735 1541 ficat plura, quod tamen determinate, & sim
181 1532 732 1578 pliciter significat vnum, a quo fit denomina¬
173 1570 728 1609 tio, & cui simpliciter, & principaliter est fa¬
176 1606 735 1644 cta nominis imposito, sicut patet de hoc non
175 1641 739 1675 mine ens, quod principaliter, & simpliciter
175 1671 736 1709 significat substantiam, & ita videtur suo mo
181 1705 737 1752 do dicendum de hoc nomine donum, nam
173 1741 727 1784 quamuis dictum nomen possit significare o-
174 1778 730 1817 mnia illa, quae exeunt ab aliquo liberaliter
172 1809 737 1847 dante, & communicante, simpliciter tamen,
173 1840 734 1884 & principaliter videtur significare illud quod
179 1873 739 1920 habet talem exitum liberalem a dante pri¬
174 1911 740 1952 mo & immediate, ita vt sit causa liberalis exi
185 1942 739 1987 tus, & liberalis dationis omnium aliorum, &
176 1979 732 2019 ideo (secundum istam viam) ipsi amori com
188 2016 743 2057 petit nomen doni per se, & simpliciter, quia
176 2045 741 2089 hoc est primum quod exit liberaliter ab ipso
174 2085 737 2126 amante, & ipse est causa liberalis exitus, &
754 148 1315 214 liberalis dationis, & communicationis olum
750 199 1315 236 aliorum. Quapropter videtur quod hoc no¬
752 234 1302 272 men donum determinet sibi speciale signifi¬
750 269 1302 314 catum, puta amorem, tanquam illud cui per
754 302 1308 354 se, & primo competit ratio importata per
750 332 1310 377 istud nomen: quamuis ex consequenti pos¬
750 371 1057 417 sit significare piura alia.
792 393 1316 446 Tertio, si iste modus dicendi esset verus
753 435 1313 481 sequeretur, quod ratio importata per nomen
754 472 1312 512 doni non esset propria Spiritui Sancto, quod
751 505 1317 552 est contra August. in auctoritate superius
761 542 1310 581 allegata, vt probabitur in articulo sequenti.
786 574 1319 615 Et ideo videtur quod via, quam tangit D.
755 604 1326 648 AEgidius in isto articulo, sit melior, & rationa
750 644 1308 685 bilior, ponit enim quod significatum nomi¬
750 682 1308 722 nis doni in diuinis sit aliquid notionale, quen
750 712 1309 753 admodum & illud, quod significatur nomi¬
754 751 1313 791 ne verbi. Cuius rationem assignat, quia sicut
754 780 1307 820 verbum importat duplicem respectum, pu¬
755 816 1319 856 ta vnum ad personam dicentem, & alium
754 849 1314 895 ad creaturam cuius est principium, quia ini¬
759 879 1317 928 tium omnis operis est verbum, vt patet per
754 922 1317 962 P. August. 15. de Trinit cap. ij; ita etiam ip
759 951 1311 991 sum donum importat duplicem respectum,
761 984 1315 1033 scilicet vnum ad personam donantem, & a¬
758 1024 1166 1057 lium ad creaturam cui donatur.
794 1053 1316 1097 Vlterius, sicut respectus quem importat
762 1089 1314 1125 verbum ad ipsam creaturam est aptitudina¬
760 1122 1321 1162 lis, non actualis, quia verbum diuinum sem
758 1158 1314 1201 per fuit verbum, creatura autem actu non
763 1195 1321 1232 semper fuit; sic etiam & respectus quem im
769 1225 1315 1269 portat donum Dei ad creaturam cui dona¬
761 1261 1323 1306 tur est aptitudinalis, & non actualis, quia
758 1293 1314 1333 illa persona, quae in diuinis dicitur donum
763 1327 1320 1367 Dei, semper fuit donum Dei, creatura vero
769 1361 1319 1405 cui donatur non semper suit. Quapropter
766 1391 1321 1433 videtur posse concludi ex his dictis sufficien
762 1429 1323 1478 ter, quod sicut illud, quod significatur no¬
764 1461 1315 1513 mine verbi, in diuinis simpliciter sit quid non
767 1498 1319 1535 tionale, & non essentiale; ita & illud, quod
767 1533 1325 1577 significatur nomine doni, est simpliciter quod
766 1575 1316 1606 notionale, & non essentiale; & haec est senten
771 1601 1323 1655 tia quae potest colligi ex dictis praefati Do¬
767 1635 833 1676 ctoris
803 1655 1319 1711 Addit tamen, quod quamuis noniine do¬
763 1704 1324 1745 ni significetur aliquid notionale; nomine ta
762 1738 1322 1786 men dati significatur aliquid essentiale; cu¬
766 1771 1325 1813 ius ratio est, quia illa persona, quae habet ra
765 1805 1319 1845 tionem doni, non datur actualiter nisi ratio
760 1840 1314 1889 ne alicuius effectus, qui est actu in creatura
765 1876 1323 1917 qui quidem effectus attribuitur essentiae, eo
770 1908 1328 1952 quod sit communis omnibus tribus personis.
806 1946 1325 1982 lste autem modus dicendi videtur mihi ra
771 1975 1323 2018 tionabilis propter duo. Primo, quia sicut tan
774 2016 1325 2061 gebatur superius, de ratione doni proprie
774 2044 1332 2084 iumpti est, quod exeat ab aliquo liberaliter
766 2079 1330 2130 dante, & ideo dicebatur ibidem quod ratio
