1500 2324
186 177 748 222 infinitatis, intrinseco; cuius contrarium, di¬
192 220 292 262 cunt.
202 222 743 292 Secundo, quia videmus hic inferius, quom
190 282 739 321 vna albedo comparata, ad aliam albedinem
192 318 739 355 non fundat nisi rationem, similitudinis, & d
196 348 749 389 to quod videatur relationem aequalitatis fu
196 383 741 426 dare accepta vna albedine inaequali gradi
189 421 745 457 cum altera, adhuc tamen aequalitas illa non
186 455 748 495 erit, relatio distincta a similitudine,, sod enit
198 485 751 526 solum quaedam similitudo augmentata, quia
195 518 751 563 similitudo recipit magis & minus, quemad¬
190 552 745 600 modum & aequalitas, super qua fundatur;
201 584 743 624 nam si velles dicere, quod talis aequalitas es¬
196 618 753 661 set aequalitas proprio dicta, & distincta a si¬
190 654 742 700 militudine, sequeretur quod aequalitas non
199 690 742 736 esset proprietas quantitatis, cuius contrarium
201 721 747 768 dicit. Arist. in predicamenis.
226 753 752 801 Quinto, videtur ista, opinio doficere, quia
191 780 744 836 supponit quod attributa, distinguantur for¬
191 820 742 870 maliter inter se, & ab essentia, cuius cpnirae
195 860 750 913 rium fuit ostensum supra n a distinctione
197 887 742 941 istiuslibiD
234 926 749 971 Propter quae omnia videtur mihi aliter
196 948 746 1010 esse dicendum; Dico ergo, ad primum, quod
200 991 745 1038 de aequalitate possumus loqui dupliciter;
198 1023 740 1074 vno modo prout est quaedam distincta rela¬
190 1065 740 1108 tio ab identitate, & similisudine, secundum
190 1098 748 1135 quem, modum, requirit distinctum, fundamen
193 1132 745 1171 tum ab vtraqe illarum, puta, quantitatem di
188 1155 745 1215 stinctam a substantia, & qualitate, & isto, o
191 1200 746 1242 do, non videtur, ponenda in diuinis, sicut
193 1234 741 1279 neque ponimus ibtquantitatem. isto modo.
199 1267 741 1307 Asio vero modo possumus loqui de aequali¬
192 1308 746 1346 tate secundum, quouod coincidit in idem cum
200 1328 747 1379 relatione, identitatis, & similitudinis, secunt
200 1367 751 1411 dum quem modum non requirit distinctum
194 1401 743 1444 fuiidamentum ab identitate, & similitudine,
202 1431 748 1485 & sic ponitur in diuinis; quia quamuis non
195 1466 751 1518 sit ibi quantitas, vel magnitudo distincta a
201 1499 747 1553 substantia, est tamen ibi vera, magnitudo coin
207 1533 739 1578 idens in idem cum substantia, & ista suffi
198 1569 736 1619 cit ad fundandum illam aequalitatem sum
196 1596 743 1659 ptam secundo modo, & sic cessat primum
202 1635 314 1676 dubium
232 1646 743 1720 Ad secundum dico, prinationem posse ab
202 1699 739 1755 cipi duobus modis quantum ad presens spe¬
198 1735 751 1790 ctat, vno modo prout dicit remotionem ali
200 1772 749 1814 cuius perfectionis debitae inesse, quo modo
197 1810 745 1853 simpliciter importat defectum, & sic non po
203 1840 743 1891 test, poni in Deo. Alio modo potest, accip
203 1871 747 1926 priuatio prout dicit simplicem, negationem
198 1903 751 1960 alicuius defectus non possibilis in esse, se¬
200 1941 751 1986 cundum quem modum: immortalitas in Deo
197 1975 753 2026 gicit, priuationem, & iste modus priuationis
197 2011 750 2061 non importat imperfectionem: Sud magis
201 2044 757 2094 aliquam perfectionem simpliciter cum exclu
190 2074 741 2137 sione defectus, & ideo fic optime potest po
774 171 1330 227 ni in Deo, aequalitas autem non dicit priua¬
774 217 1337 258 tionem primo modo, sed secundo modo, quia
776 250 1337 286 remouet inaequali atemo quae in Deo non
780 284 1333 325 potest, poni, sine defectu, & imperfectione
778 322 1285 359 alicuius personae.
780 350 1339 393 Ad tertium dicendum, vt. patuit in nona
778 383 1331 422 distinctione, quod quamuis in diuinis perso¬
777 420 1333 458 nis sit ordo, ille tamen ordo est sine priori, &
782 458 1331 497 posteriori, & ideo auctoritas, & subauctori¬
780 488 1339 525 tas, quae videntur ibi, poni per Hilarium, de¬
776 518 1341 563 bent intelligi sine superioritate, & inferiqri¬
774 554 1335 600 tate, quia ita est ibi auctoritas, & subaucto¬
780 586 1343 634 ritas, quod tamen non minor, vel maior est
777 623 1330 663 in vns persona, quam in alia. Et ideo si, quae
775 659 1334 700 ratur, propter quid Hilarius iibi ponat aucto
787 692 1331 732 titatem, & subauctoritatem, dicendum quod
784 730 1331 769 hoc facit propter alium modum habendi au
779 760 1330 795 ctoritatem: nam quamuis, sit eadem auctori
781 795 1333 831 tas, & potestas in omnibus, tribus personisi;
788 834 1340 871 pater tamen habet eam a se, & ideo sine ali¬
783 863 1337 905 qua determinatione dicitur in eo esse aucto
779 896 1334 941 ritas, filius autem quia habet eandem non
784 928 1338 973 a se, sed per originem a patre, idcirco popi
782 964 1345 1004 tur in eo auctoritas cum determinatione ori
778 998 1337 1042 ginis; vnde nil aliud est dicere in silio est
784 1025 1332 1073 ubanctoritas, quam si diceretur: in filio est
783 1068 1332 1102 auctoritas, non a se, sed ab alio.
772 1102 1331 1142 Ad quartum respondent quidam dioentes,
786 1137 1320 1172 quod aequalitas in diuinis potest accipi du
785 1172 1330 1206 pus modis, vno modo prout dicit identita¬
775 1204 1334 1243 tem: magnitudinis in tribus personis, & isto
780 1237 1336 1282 modo conuertitur in diuinis, quia bena di¬
786 1268 1330 1304 citur pater est aequalis filio, & filius aequa¬
774 1302 1332 1346 lis patri; Alio modo prout dicit proprigtaten
789 1337 1320 1375 personalem, filij; nam, quia filius emanat i
785 1373 1333 1412 modum verbi, de cuius ratione est aequari
777 1403 1336 1444 scientiae de qua, gignitur, sicut patet per Au
781 1443 1334 1482 gust. 15: de Trin. cap. 18. quia etiam prece
779 1473 1333 1517 dit per modum imaginis, de cuius ratione est
782 1505 1340 1545 coaequari ei a quo dicitur, vt patet per Au
774 1545 1339 1581 gust. superius allegatum; idcirco volunt ae¬
788 1574 1336 1618 qualitatem isto modo sumptam esse proprietaten
782 1614 1344 1649 personalis filij, ac per consequens, quia pro
782 1647 1334 1682 prietas personalis cuiuslibet personae est in¬
785 1677 1333 1719 communicabilis, videtur sequi necessario, quod
779 1711 1338 1760 aequalitas in diuinis accepta isto modo, non
777 1746 1322 1787 fecipiat, conuersionem.
815 1773 1340 1817 Hoc tamen non impedit propositum secun
784 1807 1332 1852 dum eorum intentione; quia diuinae perso¬
786 1848 1341 1889 nae denominantur aequales, aequalitate sum¬
784 1884 1323 1921 pta primo modo, & non secundo.
822 1915 1341 1953 lste modus dicendi non videtur mihi ra¬
779 1951 1329 1994 tionabilis propter quatuor.
816 1980 1336 2028 Primo, quia aequalitas, cum sit relatio fun
783 2018 1344 2060 data super vnitate, est de relationibus perti
779 2056 1340 2095 nentibus ad primum modum positum 3. Me
778 2083 1342 2132 taph, proprietas autem, personalis filiicum sit
