1500 2357
126 164 703 220 sit eausa dictae inexistentiae, non tamen eo
134 215 385 262 modo quo dicunt
172 247 705 294 Et ideo quidam alij praefatam inexisten¬
135 285 697 324 tiam alio modo declarant. Dicunt enim, quod
138 317 705 365 vna persona est in alia non sicut forma, vel
137 357 707 397 materia in supposito, nec sicut contentum in
138 385 699 429 continente, sed sicut subsistens in subsisten¬
143 421 707 467 te per mutuam praesentialitatem Ponunt ad
142 459 707 494 hoc exemplum de illapsu Dei respectu crea
147 493 711 529 turarum ad quem quidem illapsum secundum
145 528 712 569 quod dicunt concurrunt duo, scilicet imme
144 561 703 606 sitas diuinae naturae, per quam est presens; &
140 595 710 634 intima cuilibet naturae, & etiam specialis cu¬
147 632 707 677 ra per quam quaelibet creatura conseruatur
148 664 706 713 in esse; si ergo circumscribatur specialis cu¬
152 699 708 737 ra, & relinquatur sola immensitas praesen¬
154 735 709 782 tialitatis, tunc esset aliqua similitudo illius il
150 769 711 816 lapsus, & presentialitatis ad inexistentiam di
148 806 710 842 ninarum personarum, si autem vltra hoc ponero
151 836 715 887 gtur vna nantura in Deo, qui est praesens, & in
148 873 717 915 eo cui est praesens, tunc esset omnino simile
150 906 714 949 de isto illapsu, & praesentialitate, sicut de pre
152 944 716 983 fata inexistentia diuinarum personarum Hoc
159 976 719 1017 vtique modo dicunt, quod diuinae personae
154 1010 720 1055 sibi mutuo inuicem inexistunt, quia ista in¬
160 1042 717 1088 existentia est vnius rationis in omnibus tri¬
152 1078 716 1122 bus, & ideo videtur esse de relationibus com¬
158 1112 714 1156 munibus: si autem quaeratur quae sit causa
159 1147 723 1193 dictae inexistentiae, dicunt, quod non sola es¬
162 1182 714 1232 sentia, nec sola proprietas relatiua, sed ambo
159 1218 722 1264 simul concurrunt in vna totali oausa, quem¬
159 1254 722 1291 modum ad similitudinem concurrit vnitas
162 1292 720 1332 specifica qualitatis, & distinctio numeralis,
169 1320 725 1368 quia nihil est sibiipsi simile. Quapropter si¬
166 1360 721 1401 cut similitudo est quidam respectus, qui se¬
167 1397 727 1440 quitur ad vnitatem specificam qualitatis, &
169 1425 720 1468 distinctionem numeralem, ita & praefata inex
175 1464 720 1503 tentia est quidam respectus, qui sequitur ac
173 1499 724 1534 vnitatem diuinae essentiae, & distinctionem
173 1527 728 1576 personalem, & ideo dicunt, quod competit
181 1564 722 1611 personae toti per se, & primo & non per ali¬
166 1598 735 1646 quid sui, sicut quidam immaginantur, quod
174 1633 731 1680 probant Nam non potest dici, quod compe¬
171 1673 728 1710 tat personae per essentiam, quia tunc eodem
168 1703 728 1741 modo vna persona esset in alia, quo est in es¬
172 1739 734 1778 sentia, quod est falsum, quia essentia est in
176 1773 730 1820 persona per modum furmae dantis esse, secu
178 1803 725 1844 dum quem modum nullatenus vna perso.¬
171 1839 733 1888 na in alia esse potest. Nec potest dici,
170 1872 732 1919 quod hoc competat personae per relationem,
177 1906 737 1955 quia tunc etiam in creaturis, vbi inueniun¬
179 1952 737 1986 tur verae relationes originis, inueniretur est
177 1979 731 2021 talis inexistentia, quod est falsum; qua pro¬
179 2012 735 2057 pter sequitur, quod dicta inexistentia com¬
174 2045 629 2096 petat toti personae per se, & primo.
212 2079 742 2136 lstis tamen non obstantibus, haec opinio
175 2116 614 2170 mihi non placet propter quatuor.
738 171 1287 224 Primo, quia dicunt, quod praesentialitatis
730 216 1287 253 inexistentia non potest communicari perso¬
729 255 1294 293 nae ratione solius essentiae, cuius contrarium
739 286 1295 329 probo ex dictis eorum, concedunt enim, quod
738 318 1293 365 quaelibet diuina persona sit praesens cuilibet
733 354 1285 392 cteaturae per immensitatem suae naturae, con
730 391 1289 430 stat autem, quod non minus est sufficiens im
732 425 1292 466 mensitas diuinae naturae ad faciendum vnam
742 457 1301 508 personam praesentem alteri, quam ad facien
738 492 1293 537 dum eam praesentem cuilibet creaturae. Qua
747 530 1303 569 propter si sola immensitas natutae diuinae
736 569 1299 609 sufficit ad illam praesentialitatem, videtur
738 602 1307 641 quod sufficiat ad istam, & sic ex dictis eorum
744 631 998 678 contraria habentur.
752 659 1305 708 Secundo, quia dicunt, vnitatem essentiae oon
742 700 1298 743 currere necessario in ratione causae ad istam
744 736 1307 773 inexistentiam, quamuis non sit causa totalis,
742 770 1302 814 cuius contrarium probo ex dictis eorum. Con
747 804 1299 851 cedunt enim, quod Deus inexistit cuilibes
745 842 1311 876 creaturae inexistentia praesentialitatis, & ta¬
746 872 1307 914 men constat, quod non est ibi vnitas essen¬
751 909 1309 943 tiae. Poterit ergo esse inexistentia praesentia¬
751 940 1312 986 litatis sine vnitate essentiae. Cum ergo ipsi
751 977 1313 1018 non ponant in diuinis personis inexistentiam
760 1012 1309 1053 praesentialitatis, videtur quod vnitas essen¬
748 1051 1314 1095 tiae nullo modo ibi concurrat in rationem eau
747 1080 1314 1131 sae, ac per consequens videntur in dictis suis
750 1114 1072 1162 contradictoria implicare.
786 1152 1312 1193 Tertio, si ista inexistentia est praesentiali¬
751 1184 1320 1224 tatis, vt ipsi dicunt, quaeratur ab eis, Vtrum
753 1226 1315 1263 ne sit praesentialitas cognitionis, vel duratio
759 1258 1310 1299 nis, vel situationis, vel causalitatis, & motio¬
750 1291 1313 1327 nis, vel immensitatis, & compraehensionis;
756 1324 1320 1367 non potest dici quod sic presentialitas cogni
758 1361 1316 1394 tionis, quia tunc quelibet persona esset in
754 1389 1316 1433 seipsa, cum sit sibi ipsi praesens per cognitio
761 1429 1314 1471 nem, nec etiam praesentialitas durationis, quia
767 1465 1323 1509 omnia, quae essent in eadem, vel in aequali
767 1496 1321 1540 duratione haberent talem inexistentiam, quod
764 1529 1326 1571 est falsum, de praesentialitate aut situationis
762 1566 1325 1607 non est dubium, quia illa inuenitur proprie
759 1600 1319 1635 in solis corporibus; Praesentialitas insuper
760 1635 1323 1674 causalitatis, & motionis non potest inueniri
766 1669 1326 1709 in Deo proprie loquendo respectu eorum
770 1705 1321 1747 quae sunt ad intra, & dato, quod ibi inueni¬
766 1739 1321 1778 retur aliquo modo, quia est ibi ratio princi¬
766 1773 1328 1817 pij: & principiati, hoc tamen non valet eis ad
770 1804 1327 1852 propositum, quia de ratione principij sic est
760 1847 1327 1888 esse presens principiato, quod non propter
768 1875 1323 1913 hoc necessario sibi inexistit, nec e conuerso:
771 1910 1328 1950 Si autem dicatur quod sit ibi immensitatis
772 1946 1331 1980 presentialitas, & comprehensionis, tuno ta¬
771 1977 1331 2017 lis inexistentia non competeret toti persone
779 2014 1335 2055 er se & primo, vt ipsi dicunt, sed ratione es
766 2051 1306 2092 sentiae, cuius est praefata immensitas.
813 2084 1323 2125 Quarto, si ista inexistentia competeret to
765 2118 1323 2161 ti personae per se, & primo, vt ipsi asferunt,
