1500 2358
198 166 766 213 ritatem concordat intentioni Arist. & Com.
207 205 769 247 qui ponunt secundo Metaph finem scientiae
202 243 764 278 speculatiuae esse veritatem: Constat autem
200 273 768 312 huiusmodi finem speculatiuae scientiae esse in
205 312 765 354 intellectu, in hoc enim differt speculatiua a
211 345 759 386 practica, si ergo finis speculatiuae est in in¬
206 375 760 423 tellectu, & veritas est talis finis, sequitur ve¬
205 413 725 458 ritatem formaliter in intellectu reperiri.
240 448 752 492 Praeterea Arist. sexto Ethicorum asserit
196 484 763 519 verum, & bonum esse obiectum intellectus
202 515 767 557 speculatiui: constat autem, quod bonum ali
207 556 762 592 cuius est in eo, cuius est bonum, ergo etiam
198 588 768 626 & veritas erit in eo formaliter; quapropter
198 621 759 665 videtur, quod Arist. ibi intendat loqui de ve
202 656 769 699 ritate non generaliter, sed specialiter, prout
198 688 762 733 dicit quandam rectitudinem intellectus spe
204 721 765 767 culatiui, quo modo certum est formaliter esse
202 760 762 804 in intellectu; vnde & Doctores ponentes ve
192 792 760 830 ritatem esse formaliter in intellectu non lo¬
198 825 763 871 quuntur de veritate generaliter, sed specia¬
197 859 763 901 liter secundum communem vsum loquendi;
197 892 762 940 idcirco D. Aegidius distinguit in 4. quolib
196 930 764 975 plures modos accipiendi veritatem; dico ergo,
197 966 755 1007 quod si loquamur de veritate specialiter, 4
192 1005 762 1047 ut dicit quandam rectitudinem notam ei, in
196 1033 759 1079 quo est, sic est formaliter in intellectu, & hoc
200 1067 760 1112 modo veritas addit supra rectitudinem noti
191 1103 762 1143 tiam, & manifestationem, & sic loquitur D.
192 1140 756 1181 P. Augustinus in de vera Religione dicens,
198 1174 761 1216 quod veritas est, qua ostenditur id, quod est
226 1205 754 1245 Hoc visoleue est respondere ad rationem
194 1242 754 1282 Durandi, nam cum dicitur, quod talis adae¬
206 1274 756 1321 quatio vel esset in essendo, vel in represen¬
194 1305 756 1348 tando dico, quod in representando; cum ad
197 1342 755 1387 ditur quod representatio apud intellectum
198 1379 756 1423 praecedit cognitionem, dico quod duplex est
194 1414 755 1455 representatio, vna per speciem, & ista praece
189 1445 757 1488 dit, alia per actum, & haec potest esse simul
193 1488 752 1524 cum actu. Vel dicendum, quod ista adaequa
195 1514 755 1553 tio, in qua consistit veritas, non ponitur con¬
185 1548 755 1598 pletiue in representatione, sed in iuditio, &
196 1581 754 1628 cognitione, vt intellectus dicatur adaequatus
191 1622 752 1662 rei, quia sic eam cognoscit, sicut est apta na
192 1652 755 1701 ta cognosci, & sic de ea iudicat, sicut debet
195 1687 311 1735 iudicari,
245 1747 707 1802 ARTICVLVS TERTIVS.
191 1823 752 1868 An veritas sit formaliter in rebus secundum
276 1858 695 1906 esse cognitum, & abstractum.
271 1961 753 2003 D huius quesiti euidentiam est intelli
198 1992 765 2040 gendum, quod secundum quorundam
192 2033 779 2075 opinionem veritas generaliter sumpta non est
190 2060 779 2110 aliud, quam quidditas cuiuscunque rei segre¬
186 2094 753 2154 gata ab omni ratione extranea positua, &
796 159 1346 221 priuatiua: Hoc autem dupliciter probant.
794 205 1354 249 Primo ex communi vsu loquentium, nam o¬
795 249 1353 287 mnes de veritate loquentes distinguunt gra¬
796 277 1355 322 dus in ea penes maiorem, & minorem segre¬
795 315 1359 356 gationem suae quidditatis ab omni extranea
788 346 1357 389 ratione; ideo nanque vnum aurum consue¬
797 377 1355 422 uit dici verius alio, quia magis segregatur
786 417 1357 456 ab omni eo, quod non est aurum, & ita vni¬
790 450 1359 492 uersaliter patet in omnibus rebus; qua pro¬
791 487 1349 532 pter videtur necessario sequi, veritatem cu¬
795 519 1355 561 iuscunque rei non esse aliud, quam sua pro¬
792 554 1349 596 pria ratio quidditatiua ab omni extraneo se¬
790 589 901 638 gregata.
817 597 1352 669 Secundo hoc idem probant ex eo quod
783 658 1360 702 ista tria videntur aequipollere, scilicet puritas,
784 688 1354 729 sinceritas, & veritas: constat autem, quod pu
790 722 1361 771 ritas, & sinceritas cuiuscunque rei consistit in
785 757 1349 808 segregatione suae quidditatis ab omni ratio¬
789 797 1147 840 ne extranea, ergo & veritas.
822 825 1346 871 Ex ista autem conclusione inferunt duas
786 859 1353 908 alias, quarum Prima est, quod veritas secun
790 898 1341 944 dum esse existentiae inuenitur in solo Deo,
792 933 1347 981 quia sola sua quidditas existit in rerum natu
786 964 1180 1014 ra ab omni extraneo segregata.
823 982 1348 1043 Secunda conclusio est, quod in omnibus
784 1035 1352 1071 alijs rebus a Deo non est veritas secundum
791 1072 1347 1109 esse existentiae, sed solum in esse cognitum,
792 1103 1356 1152 & abstractum, quod apud animam habet ob
780 1137 1351 1181 iectiue, quia nulla quidditas creata existit in
789 1178 1355 1214 rerum natura segregata ab omni extraneo,
782 1206 1354 1254 simmo (quod plus est) nec Deus posset face¬
790 1244 1355 1291 re aliquam quidditatem sic existere, nam eo
793 1276 1343 1321 pso quod ipsam faceret, esset particularis,
786 1310 1349 1356 particularitas autem est quaedam ratio extra
782 1347 1349 1386 nea, quae accidit quidditati, secundum eos;
784 1381 1345 1421 quapropter videtur sequi, quod veritas pu¬
781 1414 1344 1454 ra, & sincera cuiuscunque rei creatae non sit in
784 1448 1347 1491 ipsa secundum esse existentiae, sed secundum
783 1484 1339 1524 esse conceptum, quod habet apud animam,
788 1514 1350 1563 quia secundum tale esse est segregata ab omni
785 1550 1348 1594 extraneo, nam intellectus concipit eam ab¬
784 1586 1340 1626 strahendo ab omni eo, quod non est ipsa
788 1624 1345 1662 Ex quo apparet, quod si quis vellet respon¬
782 1656 1347 1695 dere quaesito secundum hanc opinionem, de
782 1689 1349 1727 beret dicere, veritatem puram, & sinceram
785 1724 1345 1770 consistere formaliter in esse cognito, & ab¬
778 1756 1344 1803 stracto, quod habent res apud animam ob¬
778 1790 932 1832 sectiue.
769 2035 1341 2073 dictum non potest stare propter duo; Primo,
769 2065 1343 2112 quia deuiat ab intentione D. Anselmi, nam
815 1828 1339 1873 Haec autem opinio licet quantum ad ali¬
773 1859 1341 1911 quid sit rationabilis, Vt patebit, videtur ta¬
776 1893 1100 1941 men deficere tripliciter.
819 1929 1343 1972 Primo, quia ponit, veritatem formaliter
781 1960 1345 2005 non esse aliud, quam quidditatem cuiuscun
774 2000 1340 2043 que rei segregatam ab omni extraneo, quod
770 2103 1347 2154 si veritas est quidditas cuiuscunqe rei, cum
