1500 2334
179 168 744 221 cet discipulum, & Theologia accipit sua prin
182 209 744 248 cipia a scientia Dei, non vt a manifestante
181 246 738 290 eorum veritatem, sed vt a continente causam
177 287 744 324 veritatis eorum, quam tamen Theologia non
189 316 746 362 stra non cognoscit, vt in secundo articulo di
179 349 304 392 ctum est
226 382 738 424 Ad tertium dico, Theologiam habere ma
186 413 740 462 iorem certitudinem, & adhaesionem quacum¬
182 450 743 496 que alia scientia; ad instantiam, quod adde
184 485 736 531 ret aliquid : Respondeo, quod hoc potest
188 516 743 560 intelligi dupliciter, vno modo ratione rei sci
193 556 745 596 tae, quasi faciat rem scitam firmiorem: alio
186 588 744 629 modo rione certitudinis speculationis decla¬
186 620 743 660 rando veritatem, & soluendo rationes con¬
191 652 737 693 trarias. Primo modo nil addit supra fidem,
184 691 739 731 sed secundo modo addit aliquid idest, eui
186 727 744 769 dentiorem adhaesionem, & firmiorem, magis
187 754 740 798 enim adhaeremus Fidei, quando scimus re¬
186 796 736 837 mouere omnes rationes contradicentes, qua
185 824 747 865 formidinem inducere poterant, quam per so
183 856 455 912 lum habitum Fidei.
196 915 732 978 QESTIO QVARTA PROLOGi.
177 997 743 1040 Vtrum cognitio veritatis Theologicae compa¬
223 1027 720 1066 tiatur secum AEnigma Fidei; & euiden¬
371 1060 561 1110 tiam scientiae.
219 1257 710 1315 ARGVITVR PRO PARTE
399 1300 531 1353 affirmante.
193 1351 740 1420 1DA, quae non habent oppositionem in¬
188 1401 739 1439 ter se, sunt compossibilia in eodem,
190 1438 740 1477 sed aenigma Fidei, & euidentia scientiae non
190 1470 743 1512 habent oppositionem, ergo &c. Maior pa¬
187 1503 741 1546 tet, & Minor probatur. Nam si aenigma Fi¬
183 1532 740 1584 dei, & euidentia scientiae haberent opposi¬
182 1568 749 1608 tionem, numquam Fides, & scientia possent
186 1607 743 1647 tendere in idem, quod est falsum, quia in eam¬
187 1637 745 1685 dem veritate tendit Fides viatorum, & scientia
184 1675 436 1721 comprehensorum.
184 1708 744 1750 2 Deus potest dare quoddam lumen via
187 1739 747 1779 tori, in quo veritates Theologicae cogno¬
186 1776 746 1820 scantur: sed tale lumen potest stare cum lu¬
185 1811 743 1854 mine Fidei, ergo aenigma scientiae potest sta
188 1844 738 1882 re cum euidentia scientiae Theologicae: Ma¬
191 1873 743 1924 ior probatur, quia de facto videtur, quod
190 1909 751 1946 Deus dat Doctoribus lumen sapientiae supra
195 1944 751 1993 lumen Fidei, secundum August. super illud
194 1980 743 2018 loann: & vita erat lux hominum, vbi per¬
191 2015 749 2050 tractans illud psalmi; suscipiant montes pa¬
191 2046 753 2091 cem, & colles iustitiam, per pacem exponit
184 2087 747 2137 sapientiam, qua maiores illuminantur, per
771 166 1324 221 iustitiam Fidem qua illuminantur minores,
771 212 1332 254 frustra autem daretur lumen sapientiae ma¬
777 244 1326 294 oribus, nisi in eo cognoscerentur veritates
780 282 1329 327 Theologiae scientificae, quia tunc non plus
770 315 1323 364 haberent sapientes per illud lumen, quam
777 348 1333 390 simplices fideles per lumen Fidei. Probatur
770 384 1326 427 etiam minor, nam si lumen sapientiae non sta
775 420 1327 456 ret cum lumine Fidei, tunc sapientes tali lu
766 452 1324 491 mine illustrati essent extra statum viae, quod
774 481 911 529 est falsum.
784 518 1326 559 3 Deus potest dare scientiam abstracti¬
769 555 1331 593 uam de veritate suae essentie, & eorum quae
768 590 1331 627 in ea existunt, quae simul staret cum lumine
777 621 1324 668 Fidei, ergo cognitio veritatis Theologiae si¬
772 657 1328 694 mul compatitur aenigma Fidei, & euidentiam
768 690 1329 731 scientiae. Consequentia est nota, & probo.
766 725 1328 765 antecedens de facto circa Paulum, qui habe
778 761 1323 801 pat memoriam de veritate essentiae Diuinae,
778 793 1328 829 vt patet 2. ad Corinth. xij. vbi asserit ra¬
776 828 1310 861 ptum fuisse vsque ad tertium Caelum &c.
773 857 1326 903 quod vtique est intelligendum de visione di¬
767 899 1331 933 uinitatis secundum intellectum, memoria
770 927 1323 968 autem in intellectu de re visa nil aliud est,
776 962 1329 1005 quam scientia abstractiua, quia abstrahit a
775 999 1331 1042 praesentialitate rei, haec autem cognitio simul
773 1031 1327 1072 cum fide fuit in D. Paulo, quia non posuit
768 1066 1325 1110 illum extra statum viae, ergo pari ratione si¬
773 1095 1325 1139 mul cum fide poterit esse in quolibet viatore.
798 1167 1285 1207 ARGVITVR PRO PARTE
984 1198 1124 1248 negatiua
772 1266 1322 1318 1QI cognitio veritatis Theologiae compa¬
784 1302 1322 1347 Ateretur simul aenigma Fidei, & euiden¬
769 1332 1325 1379 tiam scientiae, sequeretur, quod simul habe
771 1372 1325 1415 ret euidentiam, & non euidentiam. Conse¬
776 1405 1324 1448 quens est salsum, ergo, & antecedens: falsi¬
775 1441 1321 1487 tas consequentis patet, quia contradictio est
774 1474 1319 1516 in consequente, consequentia est satis nota,
770 1509 1326 1548 quia talis cognitio inquantum haberet eui¬
776 1545 1325 1589 dentiam scientiae esset euidens, inquantum
777 1583 1325 1621 haberet aenigma Fidei esset ineuidens, & ita
768 1612 1229 1652 simul esset euidens, & non euidens
807 1640 1323 1683 2 Vlterius sequeretur, quod cognitio ve
774 1678 1329 1720 ritatis habita praenigma Fidei in hac vita non
777 1720 1331 1757 euacuaretur in patria per euidentiam scien¬
775 1747 1325 1789 tiae, immo maneret cum ea, quod est contra
779 1777 1214 1824 Apostolum prima ad Corinth. 15.
812 1810 1330 1860 RESPONDEO: In ista quaestione
777 1842 1014 1890 tria sunt videnda
802 1876 1329 1928 1 An Fides habeat oppositionem cum scien
776 1920 1322 1957 tia ratione aenigmatis, vel quocunque alio mo
774 1950 1319 1989 do, vt quaerit primum argumentum.
812 1987 1332 2032 2 An stante lumine Fidei sit possibile da
779 2010 1331 2057 ri aliud lumen viatori, in quo veritates Theo
774 2051 1333 2100 logiae scientifice cognoscantur, sicut tangit
778 2086 1142 2139 secundum argumentum.
