1500 2350
217 183 729 236 DISTINCTIONIS Nx.
258 257 675 318 QV.AESTIO VNICA
188 326 754 380 Vtrum Filius sit aequalis patri in potentia.
211 596 743 652 ARGVITVR PRO PARTE
406 641 544 688 negonte¬.
194 666 761 713 1Tllius non est omnipotens sicut pater,
270 712 756 755 ergo non est aequalis sibi in potentia;
199 747 752 791 Consequentia est nota. Antecedens probo,
194 782 755 826 quia posse generare continetur sub omnipo
193 811 759 856 tentia patris; nam, si pater (secundum Aug¬
197 846 758 890 in litera ) non posset generare filium sibi ae¬
197 880 763 928 qualem, infirmus esset; & per consequens
197 915 759 959 non esset omnipotens: ergo sequitur, quod
190 950 756 998 posse generare contineatur sub omnipoten¬
193 990 767 1024 tia, constat autem quod non continetur sub
191 1019 758 1064 omnipotentia filij, quia filius generare non
195 1056 759 1104 potest, vel ergo filius non est omnipotens,
197 1090 759 1129 vel non ita omnipotens sicut patet, & sic
194 1123 621 1172 non est aequalis patri in potentia
230 1156 764 1209 2 Si filius esset omnipotens, sequeretur
198 1192 759 1237 necessario, quod posset in actum generan¬
197 1228 763 1272 di exire, hoc autem est falsum, vt patet, ergo
200 1261 769 1307 &c. Consequentiam probo, quia signum vni
197 1292 760 1343 uersale additum vni termino distribuit pro
194 1331 754 1373 omnibus contentis sub illo, & quia sub isto
197 1373 758 1413 termino, potentia, vel posse, continetur po
201 1396 756 1440 tentia generandi, siue posse generare, idcir¬
199 1430 758 1475 co cum additur sibi signum vniuersale dicen
203 1468 768 1507 do omnipotentia, videtur quod distribuat
199 1501 763 1541 dictum terminum pro omnibus contentis sub
195 1533 767 1579 ipso; quicunqu; ergo habebit omnipotentiam,
197 1571 758 1615 habebit necessario potentiam in actum ge¬
197 1605 764 1647 nerandi, & quia filius non habet potentiam
197 1642 768 1686 in talem actum, sequitur, quod non sit om-
197 1675 715 1724 nipotens, nec aequalis patri in potentia¬
236 1700 759 1747 AD OPPOSITVM est Magister
199 1743 759 1783 in litera, qui probat vnam diuinam perso¬
198 1782 767 1827 nam non excedere aliam in potestate, & o-
201 1820 769 1860 mnino aequalem in eis esse potentiam, non
192 1848 763 1904 obstante quod pater possit generare, & fi-
199 1885 322 1928 lius non
235 1906 762 1963 RESPONDEO: In ista quaestione
196 1950 437 2000 duo sunt videnda
235 1970 768 2038 1 An posse generate contineatur sub o¬
200 2019 463 2070 mnipotentia patris.
230 2040 771 2102 2 An contineatur sub omnipotentia filijj
199 2088 761 2143 Ex quibus patebit quid sit dicedum ad quae
198 2124 433 2183 situm principale
842 173 1279 249 ARTICVLVS PRIMV.S.
780 246 1351 315 Vtrum posse generare contineatur sub om-
943 293 1183 339 nipotentia Patiis.
865 377 1350 446 D hoc dicunt quidam, quod non, cu¬
786 405 1350 481 ius rationem assignant, quia posse ge¬
786 469 1355 504 nerare non est potentia productiua, sed po¬
786 498 1347 541 tentia entitatiua. Et ad huius euidentiam
789 530 1340 582 distinguunt de simplici potentia, dicentes
787 567 1354 612 quod potentia primo modo dicitur de poten
784 602 1348 647 tia productiua, vt ignis dicitur habere po¬
789 641 1346 685 tentiam calefaciendi, secundo modo dicitur
786 669 1357 721 de potentia receptiua, sicut dicimus quod
790 705 1352 746 Aer potest infrigidari; tertio modo dicitur de
797 739 1357 783 potentia entitatiua, secundum quem modum
789 774 1351 833 dicimus, quod homo potest esse animal, &
790 809 1007 851 non irrationale.
825 830 1351 893 Ad propositum ergo applicando dicunt,
792 877 1351 924 quod non accipitur ibi omnipotentia entita
792 917 1359 963 tiue, quasi Pater sua potentia comprehendat
798 946 1353 995 omnem potentiam entitatiuam, quia (secun¬
795 981 1359 1024 dum istam viam) Deus posset esse Leo, Ca
800 1017 1357 1064 pra, & quaecunque alia: Nec etiam accipitur
799 1051 1361 1102 pro omnipotentia receptiua, quia sic posset
795 1085 1360 1144 subijci omnibus, & omnia recipere, quod est
796 1120 1358 1171 absurdum imaginari de Deo, sed sumi de¬
799 1154 1355 1206 bet pro omnipotentia productiua, quia ois
798 1189 1363 1240 potentia productiua continetur in vnica eius
796 1223 1363 1271 potentia eminenter, & quia potentia gene¬
792 1259 1353 1302 randi in patre non est potentia productiua,
793 1296 1355 1353 sed entitatiua, idcirco inferunt, quod non
799 1327 1189 1377 continetur sub omnipotentia.
834 1349 1353 1414 Quod autem potentia generandi in patri
793 1395 1355 1456 non sit productiua, sed entitatiua, probatur
790 1429 1144 1480 dupliciter ex eorum dictis.
859 1458 1361 1512 ldem est in patre posse generare, & pos
795 1499 1361 1549 se esse patrem: at posse esse patrem non est
799 1534 1366 1582 potentia productiua, sed entitatiua, ergo pos
795 1569 1360 1629 se generare erit potentia entitatiua, non pro¬
795 1604 913 1650 ductiua
830 1626 1365 1676 2 Idem est in patre posse generare, &
797 1674 1359 1711 actus generandi, sed actus generandi non
796 1708 1362 1758 est potentia productiua, cum non possit di¬
797 1739 1363 1800 uidi in potentiam, & actum, ergo & posse
798 1775 1358 1828 generare non erit potentia productiua, sed
798 1811 1365 1861 entitatiua. Et confirmatur, quia generare
796 1844 1362 1896 est proprietas constitutiua personae patris, &
799 1880 1361 1930 per consequens non videtur quod sit actus
799 1915 1365 1964 elicitus per aliquam potentiam producti¬
795 1947 1368 1987 uam: videtur esse de intentione D. Ambro¬
798 1981 1367 2028 Sij libro 4. de fide capite 3. vbi ait: quod ge¬
798 2017 1363 2075 neratio non ad sublimitatem pertinet poten
794 2053 1329 2103 tiae, sed ad proprietatem refertur naturae,
838 2075 1368 2136 Haec autem opinio videtur deficere tripli
801 2119 1367 2173 citer; Primo in principali proposito, quia si¬
