1500 2350
130 176 701 220 eadat. Probo minorem, nam cum filius ha¬
124 217 693 261 beat omnem perfectionem, quam habet pa¬
132 254 695 289 ter, si actus generandi negatur a filio, cum
130 285 692 334 tamen conueniat patri, hoc non potest esse
133 319 695 359 per aliquod posse, quod sibi deficiat, sed so
134 359 679 402 lum propter impossibilitatem, & repugnan
126 389 688 429 tiam actus, quae obuiat: Quapropter sequi¬
134 426 686 463 tur, quod sub sua omnipotentia non cadat
130 458 695 495 Hae sunt rationes Doctoris nostri fundatis¬
133 491 205 531 simi
161 514 695 572 Arguitur tamen contra eam multipliciter
138 560 692 615 a quibusdam, & primo contra conclusionem
134 594 288 642 tripliciter.
169 617 709 673 1 Illud, quod est obiectum omnipoten¬
135 661 695 706 tiae, simpliciter cadit sub posse eius, qui ha¬
138 696 699 744 bet omnipotentiam simpliciter, sed genera¬
136 734 703 774 re in diuinis est obiectum omnipotentiae sim
142 770 703 809 pliciter, ergo cadit sub posse filij, qui suppo
135 799 695 843 nitur habere omnipotentiam; Maior est no¬
135 837 702 878 ta; Minor accipitur ex his, quae concessa sunt
140 868 699 915 per istam opinionem in praecedenti articulo,
144 898 700 949 vbi ostensum est, quod generatio filij est ob¬
136 935 709 979 lectum omnipotentiae diuinae, prout existit
137 970 706 1019 in patre, quia ergo omnipotentia simpliciter
135 1005 706 1047 non solum est in patre, sed etiam in filio, vi¬
140 1039 702 1076 detur, quod talis actus non possit esse obie¬
141 1072 708 1126 ctum omnipotentiae, quin cadat sub posse, &
143 1108 457 1157 omnipotentia vtriusque
178 1143 710 1186 2 Ille actus, cuius negatio a filio arguit
141 1175 713 1219 limitationem, & diminutionem potentiae in
144 1216 718 1257 eo respectu patris, cadit necessario sub sua
143 1252 712 1287 omnipotentia, actus generandi est huiusmo¬
143 1284 714 1323 di ergo &c. Maior est nota, quia filius non
147 1311 711 1361 debet habere diminutam potentiam in ali¬
151 1346 708 1392 quo respectu patris; & ideo si quis actus ab
143 1389 715 1427 eo negatus hoc arguit, necessario est sibi at¬
142 1421 708 1457 tribuendus affirmatiue; Minor probatur,
145 1448 714 1493 quia si actus generandi cadit sub omnipoten
142 1488 717 1535 tia patris, vt concedit ista opinio, non cadit
147 1522 715 1565 sub omnipotentia filij, quia omnino negatur
144 1551 708 1592 ab eo, sequitur necessario, quod omnipoter
149 1591 717 1634 tia patris se extendat ad aliquid plus quam
151 1622 717 1668 omnipotentia filij, ac per consequens ex hoc
146 1651 723 1699 arguetur vlterius, quod potentia filij sit in
148 1695 723 1744 aliquo diminuta, & limitata respectu patris;
155 1722 530 1768 & sic non erit ibi aequalitas.
202 1757 720 1808 Arguunt insuper & quidam alij contra
152 1777 714 1835 fundamentum rationis, quia non videtur
158 1824 721 1875 eis Verum, quod in actionibus manentibus
158 1856 721 1905 ad intra, impossibilitas actionis, & contradi
158 1900 723 1942 ctio debeat sumi in habitudine ad ipsum a¬
153 1931 399 1987 gens, propter tria
189 1954 720 2005 Primo, quia illud, quod est possibile in se
156 1996 720 2041 repugnantiam non includens, impossibile
158 2033 728 2080 est quod aliunde, & ab extrinseco fiat impos
164 2069 720 2112 sibile, & e conuerso, quod est impossibile, non
169 2111 730 2161 potest fieri possibile per aliquod extraneum,
718 165 1280 228 sicut patet per Comment. primo Caeli, com¬
720 213 1296 259 124. ergo oportet, quod possibilitas, & im¬
724 247 1279 291 possibilitas cuiuscunque rei sumatur ab intrin
716 289 1176 331 seco, & non in habitudine ad agens
758 316 1276 354 Secundo, quia sicut necesse esse sumitur
763 353 1283 408 intrinseco, ita & impossibile debet sumi
723 382 896 429 ab intrinseco
759 416 1279 471 Tertio, non videtur eis verum, quod di¬
731 455 1278 496 uina generatio sit actio immanens, nam quam¬
721 493 1285 535 uis non transeat in diuersitatem substantiae,
731 527 1240 573 transit tamen in diuersitatem supposit.
759 558 1284 606 His tamen non obstantibus, opinionem
724 591 1288 649 praefatam sustineo, quam confirmo dupli¬
723 626 787 669 citer
788 647 1288 709 lllud, quod non cadit sub omnipoten¬
726 694 1287 734 tia patris, non potest cadere sub omnipoten
727 727 1289 776 tia filij, sed generare alium filium in diuinis
732 763 1286 804 non cadit sub omnipotentia patris, ergo &c.
730 799 1293 846 Maior est nota, quia omnem potentiam, quam
729 831 1293 876 habet filius, a patre accepit, & ideo omnipo
728 865 1288 913 tentia filij non potest se extendere ad aliqud,
730 904 1291 936 ad quod non se extendat omnipotentia pa¬
732 934 1299 984 tris; Minorem probo, nam cum repugnet di
738 973 1294 1019 uinae naturae in ea esse plures filios, quia tumc
732 1010 1298 1048 filiatio non posset esse eorum proprietas per
737 1038 1297 1079 sonalis distinctiua, idcirco sequitur hoc esse
736 1074 1302 1121 impossibile, & per consequens non cadet sub
739 1112 1307 1148 omnipotentia patris, & pari ratione nec sub
737 1142 989 1189 omnipotentia filij
771 1169 1302 1220 2 Si posse generare caderet sub omnipo¬
743 1209 1305 1252 tentia filij, sequeretur, quod habens omnipo
738 1246 1299 1292 tentiam, & obiectum omnipotentiae coinci¬
746 1275 1305 1321 derent in idem, consequens est incompossi
747 1315 1298 1362 ile, ergo &c. Incompossibilitas consequen¬
741 1347 1305 1384 tis patet, quia tunc habens omnipotentiam
747 1383 1295 1429 haberet potentiam supra seipsum, & quia de
746 1414 1305 1456 ratione potentiae est quod sit ad aliud, saltem
740 1451 1303 1492 secundum suppositum, si idem suppositum
749 1482 1299 1533 naberet potentiam supra seipsum esset a se
745 1522 1305 1564 ipso aliud, & non aliud, quae sunt incompos
742 1551 1309 1602 sibilia, Consequentiam probo, quia posse ge
747 1592 1300 1637 nerare non potest competere filio respectu
741 1623 1305 1661 alterius filij, cum ostensum sit repugnare na
746 1659 1304 1700 turae diuinae in ea esse plures filios, quia pa¬
747 1684 1312 1737 ri ratione & infinitos; Quapropter relinqui
749 1727 1310 1774 tur, quod si filius haberet posse generare,
747 1759 1312 1805 hoc vtique conueniret sibi respectu sui
749 1790 847 1840 ipsius.
785 1824 1302 1867 His visis, leue est respondere ad rationes
744 1857 991 1906 alterius opinionis
782 1891 1311 1941 Ad primam cum dicitur, quod illud, quod
752 1927 1315 1967 est obiectum omnipotentiae, cadit sub posse
747 1967 1309 2007 eius, qui habet omnipotentiam, dico quod
758 1998 1310 2049 verum est, si illud ita sit obiectum omnipo¬
752 2032 1312 2074 tentiae, quod non determinet sibi vnum cer
754 2070 1311 2106 tum modum possibilitatis; si autem ita sit ob¬
755 2100 1309 2157 iectum omnipotentiae, quod determinet sibi
