1500 2341
206 170 765 224 tur contradictio, nam quia relatiua sunt fi¬
206 214 756 251 mul natura, & se mutuo coexigunt, idcirco
206 251 762 289 ad exclusionem vnius, necessario sequitur ex
199 289 761 326 olusio alterius; & ideo dictio exclusiua ad¬
207 318 767 359 dita vni eorum facit circa ipsam contradictio¬
201 356 763 393 nem, quia ipsum simul ponit, & excludit;
200 393 756 433 ponit namque ipsum per se, & directe inquam
198 422 756 465 tum de ratione dictionis exclusiuae est pone
201 459 757 496 re terminum cui additur, excludit autem
202 491 761 538 ipsum indirecteinquantum excludit aliud
202 524 754 566 relatiuum, ad cuius exclusionem sequitur
200 558 538 604 necessario exclusio ipsius.
222 589 766 641 1 Sic ergo patent illa duo, quae superius pro
200 628 760 675 ponebantur declaranda circa dictionem ex¬
199 661 506 705 clufiuam.
205 690 759 736 His autem praemissis, cum quaeritur, vtrum
198 728 761 776 dictio exclusiua addita patri in Diuinis ex¬
201 767 756 810 cludat filium, vel e conuerso, ex his, quae ian
199 801 758 838 dicta sunt, apparet quod sic, quantum est de
193 829 754 878 virture sermonis lsta tamen exclusio quan¬
199 866 758 908 doque habet sensum falsum, & non est recipien
205 906 763 943 pa in Diuinis; quandoque vero habet sen¬
196 933 763 976 sum verum, & sic est ibi admittenda: nam fi
198 971 755 1007 dictio exclusiua teneatur cathegorematice,
199 1009 763 1045 ita quod addatur alicui diuinae personae ab¬
202 1041 757 1082 solute sumpte, & non in ordine ad aliquod
199 1071 760 1121 praedicatum, sic exclusio facta per talem di¬
197 1108 761 1148 ctionem semper habet sensum falsum, & nul
201 1139 762 1181 lo modo est recipienda in Diuinis, quia isto
198 1173 756 1219 modo significat simplicem solitudinem cum
198 1211 754 1249 exclusione omnis societatis a persona, cui ad
198 1243 751 1287 ditur, & quia est impossibile, quod aliae di¬
194 1286 753 1320 uinae personae excludantur absolute, & sim¬
199 1311 757 1364 pliciter a consortio praefatae personae, idcirco
202 1346 754 1387 talis exclusio habet semper sensum falsum,
191 1381 763 1433 nec est ibi recipienda. Si autem talis dictio
200 1420 757 1462 exclusiua teneatur sincathegorematice, ita
194 1457 760 1493 quod addatur alicui diuinae personae non ab
193 1486 758 1527 solute, sed in ordine ad aliquod praedicatum,
195 1524 758 1565 sic exclusio facta per talem dictionem potest
196 1557 759 1597 habere sensum falsum, & sensum verum, nam
195 1592 755 1632 si dictio exclusiua addatur personae in ordi¬
201 1629 755 1662 ne ad praedicata essentialia dicendo, solus
191 1654 750 1709 pater est Deus, vel solus est sapiens, sic sem¬
194 1692 757 1742 per est falsa, quia sicut est impossibile, quod
190 1728 749 1769 aliae diuinae personae excludantur simplici¬
194 1759 753 1804 ter, & absolute a consortio personae, cui ad
202 1792 755 1835 ditur praefata dictio; ita etiam est impossibi
195 1831 747 1871 le, quod eaedem diuinae personae excludan¬
195 1864 752 1907 tur a consortio eiusdem in habitudine ad prae
194 1896 754 1936 dicata essentialia, cum illa sint aeque commu
196 1933 748 1973 nia tribus personis. Si vero dictio exclusiua
191 1961 755 2008 addatur vni personae in habitudine ad quae¬
195 2001 753 2053 dam praedicata notionalia sibi propria, sic est
190 2032 747 2082 semper vera proposito, puta, si dicamus, quoam
197 2066 751 2112 in Diuinis solus pater est generans, vel solus
192 2101 753 2165 pater habet paternitatem: nam licet im ordi
792 165 1357 217 ne ad praedicata essentialia ibi non sit repo
795 221 1359 257 nenda dictio exclusiua, verumtamen salua¬
794 249 1356 286 tur ibi exclusio vnius ab alia respectu prae¬
790 285 1358 328 dicatorum notionalium, quae ita sunt pro¬
797 320 1352 358 pria vni, quod non conueniunt alteri: Patet
791 355 1356 399 igitur quid sit dicendum quantum ad istam
802 386 950 432 uaestionem
834 410 1361 461 AD ARGVMENTA
999 452 1151 499 principalia
805 485 1355 534 S Vid sit dicendum ad argumenta in
842 510 1348 577 principio quaestionis adducta patet ex
876 559 1350 602 superius dictis, procedunt enim om¬
795 582 955 637 nia suis vijs.
832 626 1349 673 Nam prima ratio probat vnam personam
782 662 1348 699 non posse excludi ab alia simpliciter, & ab¬
788 694 1351 736 solute sumpta, quod vtique est concedendum
823 724 1357 768 Secunda vero probat, quod filius, & Spi
786 764 1351 801 ritus Sanctus excludantur a consortio pa¬
796 798 1353 842 tris secundum hoc praedicatum, quod est pa
790 832 1347 887 ternitas, quae soli patri conuenit, quod etiam
790 866 1033 912 est concedendum.
807 929 1357 975 DISTINCTIONIS SxII
866 1002 1278 1066 QV.AESTIO VNICA
790 1071 1355 1112 Vtrum Deus sit nominabilis a nobis vlatori
823 1105 1351 1155 bus aliquo nomine significante suam.
1003 1140 1149 1181 essentiam.
786 1306 1349 1351 ARGVITVR AD PARTEM
984 1339 1353 1392 negatiuom¬.
890 1373 1347 1425 Vod non est a nobis intelligibile, non
886 1415 1344 1460 potest a nobis nominari, nec signifia
891 1447 1349 1486 cari, sed diuina essentia est huiusmo
786 1481 1344 1522 di, ergo. Maior videtur esse nota, quia modi
787 1516 1339 1567 significandi supponunt modos intelligendi,
789 1551 1344 1600 & ideo quod nullo modo intelligimus, nul¬
785 1584 1343 1628 lo modo significamus, vel nominamus; Mi¬
786 1623 1344 1666 nor potest probari per D: Dionysium primo
780 1656 1351 1700 de diuinis nominibus, vbi dicit, quod inued
789 1692 1343 1732 nimus diuinam essentiam laudatam in diui¬
782 1724 1341 1772 nis eloquijs, tanquam inuisibilem, insernta¬
784 1758 1171 1802 bilem, & non inuestigabilem.
815 1790 1340 1843 2 Si possemus nominare Deum aliquo
787 1820 1335 1874 nomine significante eius essentiam, sequere¬
786 1860 1336 1911 tur, quod nominaremus cum vno solo homi
789 1898 1338 1943 ne: consequens est falsum, ergo & Ante¬
783 1927 1337 1968 cedens: Falsitas patet, quia Magister in lite¬
787 1966 1346 2012 ra inquirit diuersitatem nomifrum, quibus
785 2000 1343 2037 Deum nominamus, Consequentia patet, qu
785 2033 1335 2082 essentia Dei est simplicissima re, & rationem;
789 2071 1340 2115 cum nullo modo sit composita, vt probatum
782 2098 1345 2156 fuit superius in 8. dist. quapropter vel no¬
