1500 2323
143 162 705 215 minabitur vno solo nomine, & sic habemus
149 203 695 253 propositum, vel si nominabitur pluribus no
145 242 699 288 minibus, illa necessario erunt svnonima, quid
151 276 702 316 non videtur dicendum, quia tunc superua¬
150 311 701 349 caneum fuisset inuenire diuersitatem dicto¬
140 346 343 395 rum nominum
175 374 674 426 ARGVITVR PRO PARTE
353 412 507 461 affirmatiud.
259 445 703 495 Agister in litera introducit vnam
167 453 702 527 auctoritatem D. Ambros ij, quae ex
145 516 707 563 presse noc videtur dicere; Dicit enim quod
151 557 705 592 sunt quaedam nomina, quae perspicuam di¬
148 583 705 629 uinae maiestatis veritatem exprimunt: con¬
153 623 711 661 stat autem, quod diuinae maiestatis veritas
153 656 708 695 non potest exprimi, nisi per nomina signifi¬
153 687 446 732 cantia suam essentiam,
186 722 710 761 2 Confirmatur, quia nominamus eum eo
156 752 712 796 dem nomine, quo ipse seipsum nominauit
157 786 708 831 Exodi. 3. quando dixit, Ego sum qui sum, haec
157 823 715 862 dices filijs lsrael. Qui est missit me ad vos,
155 856 710 897 hoc enim nomen, scilicet esse, indeterminate
148 892 717 936 sumptum videtur significare diuinam essen
153 925 717 975 tiam, quia ipsa sola est simpliciter necesse esse
195 963 714 1008 RESPONDEO: In ista quaestione
152 995 392 1040 duo sunt videnda
158 1029 711 1068 1 An possimus nominare Deum aliquo
150 1064 623 1105 nomine significante suam essentiam
194 1089 712 1147 2 An possimus nominare eum pluribus
158 1132 624 1189 nominibus, quae non sint svnonima.
225 1193 639 1251 ARTICVLVS PRIMVS.
164 1269 717 1317 An possimus Deum nominare aliquo nomi¬
237 1304 646 1357 ne significante suam essentiam.
250 1371 713 1414 Vantum ad primum quidam dicunt
177 1407 723 1456 quod Deus potest nominari a nobis
246 1438 722 1482 viatoribus aliquo nomine significan¬
164 1470 717 1511 te suam essentiam in communi, & in specia¬
171 1507 717 1547 li; in communi quidem, quia diuina essen¬
164 1544 729 1586 tia (secundum eos) communicat in conceptu
171 1584 722 1620 entis, & aliorum transcendentium cum crea
170 1618 724 1651 turis; & ideo sicut creaturae essentia cum non
169 1654 731 1689 minatur nomine entis, exprimitur in com¬
167 1680 728 1721 muni; ita etiam & Deus ipse cum nomina¬
171 1711 727 1754 tur eadem nomine, vere significatur sua es¬
171 1748 722 1788 sentia in communi : Praeterea dicunt quod
175 1781 722 1827 potest nominari in speciali, vt est haec essen¬
177 1817 727 1860 tia, quia non habent pro inconueniente, quod
167 1858 729 1892 aliquid proprius, & distinctius significetur,
172 1889 732 1930 & nominetur, quam intelligatur, quod pro
175 1917 731 1961 bant ex eo, quod substantia rei materialis non
175 1952 732 1995 minatur a nobis proprio, & distincto nomi¬
179 1995 729 2033 ne, & tamen non cognoscitur a nobis pro¬
184 2026 732 2067 prie, & distincte, vt est haec substantia, quia
175 2064 735 2099 tunc possemus cognoscere eius absentiam, &
181 2091 734 2145 eius praesentiam, cuius oppositum experitur
726 166 1288 214 in Sacramento altaris; ibi enim nullo modo
728 213 1290 252 cognoscimus, quomodo substantia panis post
737 249 1286 283 consecrationem est absens, quae prius erat prae
734 279 1288 327 sens sicut ergo substantia panis, quamuis a
737 315 1300 355 nobis non cognoscatur, proprie tamen, & di
734 346 1291 389 stincte significatur per suum proprium no¬
737 384 1294 424 men; ita dicunt isti in proposito, quod non
737 415 1293 453 obstante, quod essentia Dei non cognoscatur a
735 450 1299 496 nobis aperte, & stricte, potest tamen signifi
738 483 1294 532 cari, & nominari proprie, & distincte, vt est
739 515 977 560 haec essentia.
771 548 1294 597 Quod etiam confirmant alio modo, quia
734 589 1295 632 si nomen significaret, sicut cognoscimus, &
740 618 1288 666 sicut imponitur ad significandum, sequere¬
736 657 1290 695 tur, quod nullum nomen impositum a no¬
736 686 1291 734 bis significaret substantiam: nam cum venia
743 722 1293 771 mus in cognitionem substantiae per proprie¬
741 758 1292 803 tates, quae sunt accidentia, semper imponi¬
738 789 1299 830 mus nomina ab aliqua proprietate, quae est
742 827 1301 871 accidens, sicut patet de hoc nomine lapis,
750 863 1298 900 quod est impositum a laesione pedis, & ta¬
742 891 1296 935 men non significat ipsam laesionem, immo
745 925 1081 974 ipsam substantiam lapidis.
770 961 1299 1011 Insuper inferunt, quod ista proposito,
751 999 1301 1041 qua consueuit communiter dici, quod vnum
751 1027 1303 1077 quodque ita nominamus, sicut intelligimus,
745 1068 1303 1112 est omnino falsa, quapropter relinquitur, quod
758 1103 1304 1135 possimus nominare Deum aliquo nomine
742 1132 1305 1173 significante suam essentia proprie, & distin¬
743 1167 1307 1212 cte, siue illud nomen sit impositum ab An¬
748 1203 1302 1246 gelo, siue a Deo, & postea traditum nobis
753 1241 1312 1279 viatoribus, siue etiam sit impositum a nobis
750 1272 1302 1315 ipsis, qui possumus eum distinctius nomina
748 1304 1144 1351 re, quam intelligere.
783 1340 1301 1375 Haec autem opinio videtur deficere qua¬
752 1373 1306 1418 drupliciter; Primo, quia supponit, quod con
751 1404 1313 1453 ceptus entis sit communis ad Deum, & ad
750 1440 1309 1479 creaturas, cuius oppositum fuit probatum su
761 1475 1311 1517 perius in 3. dist. Secundo, quia supponit,
751 1508 1305 1556 quod illa, quae non habent vnum commu¬
752 1553 1312 1584 nem conceptum, non possint habere vnum
761 1577 1308 1620 commune nomen, quod significet eorum es¬
761 1610 1307 1649 sentiam, hoc autem videtur falsum: nam de
767 1646 1311 1686 tem praedicamenta non habent vnum con¬
764 1679 1311 1721 ceptum, & tamen habent vnum commune
761 1712 1313 1751 nomen, quod significat essentiam in quoli¬
759 1747 1313 1789 bet eorum, scilicet ipsum ens; Et haec est in¬
760 1786 1311 1821 tentio Commentatoris x. metaph com
764 1814 1315 1861 2. vbi ait, quod disposito huiusmodi gene¬
762 1852 1316 1896 ris, quale est ens, est sicut disposito in gene
760 1885 1315 1924 re, quod dicitur vniuoce, quia praedicata es
760 1918 1318 1962 sentialia inueniuntur in hoc genere, quod
767 1949 1319 1997 dicitur multipliciter, sicut in genere, quod
762 1984 1319 2031 dicitur vniuoce: Ex quibus verbis duo pos¬
768 2020 1325 2062 sumus colligere, primum, quod ens non di¬
766 2055 1327 2099 citur vniuoce, sed multipliciter, & per con¬
764 2087 1327 2145 sequens non habet vnum communem con¬
