1500 2397
124 173 714 238 icut dictum fuit superius, modus significadi
133 228 720 266 supponit modum intelligendi, sicut suam cau
135 260 711 304 sam, & suam mensuram, & ideo si volumus
130 294 709 339 videre, Vtrum viator possit nominare Deu
132 329 717 371 aliquo nomine significante suam essentiam
135 363 721 414 proprie, & distincte, est considerandum qua
136 402 717 441 lis sit cognitio, quam potest de Deolhabere
131 437 715 484 in via; nam si sua cognitio, quam habet de
138 468 718 516 Deo sit talis, quod per eam cognoscit essen¬
139 508 715 557 tiam Dei proprie, & distincte, tunc poterit
143 542 721 591 eam significare proprie, & distincte per ali¬
142 575 720 621 quod nomen, siue ipsemet imponat illud non
139 613 719 654 men, siue vtatur nomine imposito ab alio:
144 648 720 689 Quapropter tota difficultas istius articuli stat
142 683 720 721 in videndo; Vtrum viator habeat aliquam
139 720 715 770 cognitionem de essentia Dei propriam, & di
147 756 281 795 stinctam.
177 782 717 837 Dico ergo, quod habere aliquam cogni¬
149 825 721 864 tionem de essentia Dei propriam & distin¬
143 865 717 902 ctam, potest intelligi dupliciter; Vno modo,
149 897 714 943 quod illa cognitio ita sit ppria, & distincta.
149 927 727 977 quod vere, & proprie, ac distincte cadat su
144 975 724 1016 per ipsam essentiam diuinam, & non super
147 1008 723 1050 aliquam aliam rem, & isto modo dico possi¬
143 1038 717 1077 bile esse, vlatorem aliquam cognitionem pro
138 1078 720 1123 priam, & distinctam de essentia diuina habe
143 1107 715 1156 re; Alio modo potest intelligi, quod cogni¬
147 1146 713 1185 tio illa diuinae essentiae sit propria, & distin
146 1180 725 1220 cta, cadatque super diuinam essentiam modo
146 1215 721 1260 essentiali, & proprio, secundum quod apta
147 1253 725 1295 nata est per seipsam cognosci, vel per aliquen
145 1281 722 1328 modum proprium, & adaequatum, & isto mo
148 1322 720 1360 do dico, quod non est possibile viatori habe
146 1362 725 1397 re aliquam cognitionem de diuina essentia
143 1393 491 1447 propriam, & distinctam
183 1414 723 1471 Praefatas ergo duas conclusiones per ordi
148 1463 586 1503 nem probo. Primam tali ratione:
184 1495 726 1544 lllud obiectum, de cuius essentia potest
144 1532 727 1575 viator habere aliquem conceptum, qui sibi
150 1567 725 1618 soli est proprius, potest ab eo cognosci quan
153 1609 722 1653 tum ad suam essentiam cognitione propria,
156 1641 724 1683 & distincta, sed Deus est huiusmodi, ergo
153 1673 722 1718 &c. Maiorem probo, & accipio cognitionem
151 1709 730 1764 propriam, & distinctam primo modo; llla com
154 1746 726 1803 gnitio est propria, & distincta de aliqua re,
156 1784 728 1831 quae ita cadit super rem illam, quod non po
157 1820 728 1858 test super aliquam aliam, sed vbi est talis con
157 1847 732 1893 ceptus proprius, ibi cognitio cadit super illam
156 1889 727 1930 rem solam, cui est proprius, ergo dere illa
152 1925 731 1972 habebitur cognitio propria, & distincta. Mi¬
153 1955 726 1999 nor autem est euidens, nam conceptus actus
163 1990 732 2034 puri, & entis independentis est ita proprius
160 2029 730 2070 diuinae essentiae, quod nulli alteri competit;
159 2059 727 2105 relinquitur ergo, quod viator concipiens
160 2100 725 2145 Deum isto modo habeat de sua essentia pro¬
166 2132 726 2175 priam, & distinctam cognitionem quantum
160 2169 724 2234 ad primum modum, & sic patet prima conclusio
740 177 1318 232 Secundam conclusionem probo alia fa¬
742 228 1312 270 tione; llla cognitio, quae habetur de aliqua
746 260 1323 302 essentia, non per seipsam, nec per aliquod
742 302 1315 336 medium essentiale sibi, & adaequatum in se¬
740 331 1316 391 cundo modo dicendi per se, sed magis per
740 365 1313 410 medium accidentale, & inadaequatum, illa,
740 403 1321 456 inquam, non est propria nec distincta lo¬
740 426 1316 478 quendo de cognitione propria, & distincta
748 474 1319 532 secundo modo, sed omnis distincta cognitio,
748 508 1320 557 quam habet viator de diuina essentia, est hu
742 545 1316 584 iusmodi, ergo &c. Maior probatur, quia ad
740 577 1318 628 hoc, quod cognitio de aliqua essentia sit pro
752 613 1319 659 pria, & distincta secundo modo, non sufficit,
752 650 1319 700 quod cadat super essentiam, sicut sufficiebat
758 688 1325 743 primo modo, sed vltra hoc sequitur, quod
747 718 1321 772 cadat super eam modo proprio, & essentia¬
744 756 1318 796 li, ita vt non sit ibi improprium, nec acciden
750 792 1318 844 tale, quia si esset ibi aliquod improprium, vel
750 825 1316 880 accidentale, iam non esset formaliter ppria
749 860 1325 918 nec essentialis, & per consequens non differ
751 894 1327 956 ret a cognitione primo modo sumptam; Mi¬
751 930 1323 989 norem autem probo, quia constat, quod com¬
758 967 1327 1021 gnitio, quam potest habere viator de diui¬
756 1001 1332 1061 na essentia, non potest esse per ipsammet es
754 1038 1323 1082 sentiam, quia tunc esset intuitiua, ac per con
750 1072 1323 1129 sequens beatifica; nec per aliquod medium
756 1107 1328 1163 adaequatum, & essentiale in secundo modo
757 1141 1324 1201 dicendi per se, quia diuina essentia non ha¬
750 1176 1321 1221 bet aliquod tale medium; relinquitur ergo,
758 1212 1323 1274 quod talis cognitio non sit propria, & distin
758 1249 1001 1308 cta secundo modo.
792 1271 1325 1339 Ex quibus possumus concludere, quod co
760 1322 1323 1377 gnitio, quam habec viator de Deo est aliquo
755 1354 1331 1410 modo essentialis, & propria, inquantum sci¬
758 1391 1328 1442 licet vere cadit super diuinam essentiam, sim
765 1433 1330 1477 pliciter tamen est accidentalis, & impropria
761 1463 1329 1505 inquantum cadit super eam modo acciden¬
755 1509 1335 1554 tali, & extrinseco sicut superius in 3. dist, e¬
756 1529 1326 1580 xemplificabatur, dum quaerebatur, vtrum con
752 1566 1325 1622 gnosceremus de Deo quid est; Dicebatur nm
755 1601 1333 1661 quod, sicut conceptus Mathematicus quan¬
760 1635 1324 1682 tumcunque cadat super rem naturalem, non
755 1679 1335 1731 est tamen naturalis, immo simpliciter est Ma
762 1706 1333 1752 thematicus, quia candit super rem naturalem
758 1743 1325 1797 modo non naturati, sed Mathematico, sta fuo
757 1777 1329 1835 modo in proposito, cognitio, quam habet. via
759 1815 1337 1872 tor de Deo quantumcunque cadat super diui¬
760 1850 1332 1894 nam essentiam, non tamen debet dici essen¬
759 1883 1333 1941 tialis, & propria, immo magis accidentalis,
760 1917 1329 1978 & impropria, quia cadit super eam modo ac
758 1953 1054 2014 cidentali, & extraneo;,
797 1976 1333 2048 His visis; Patet quid dicendum sit ad quae
762 2014 1326 2080 situm principale; nam cum quaeritur, vtrum
770 2060 1329 2112 Deus possit nominari a nobis viatoribus ali¬
758 2094 1331 2152 quo nomine significante suam essentiam; Esi
765 2128 1340 2187 dicendum, quod eum possumus nominare
761 2163 1343 2219 aliquo nomine, & aliquibus nominibus signi
