1500 2328
216 161 765 215 distincte significantia necessario supponuni
223 203 765 242 distinctos conceptus, distincti autem conceu
221 236 767 281 ptus si non sint ficti, requirunt necessario
216 279 766 318 pro fundamento distinctas rationes conce¬
215 312 769 352 ptibiles, siue cadant super res diuersas, siue
210 341 771 384 super vnam, & eandem. Concludo ergo quod
219 374 772 418 ad hoc, quod aliqua nomina non sint svno¬
218 407 774 449 nima, supponunt necessario in suo significa¬
219 443 774 482 to rationes distinctas, vel distinguibiles con¬
215 476 775 517 ceptibiliter, vt eorum significatio fiat modis
216 508 339 551 diuersis
258 538 766 586 Ad propositum ergo descendendo dico,
220 578 774 625 quod nomina attributalia non sunt svnoni¬
221 619 763 655 ma, quia quamuis perfectiones attributales
214 647 763 689 quae per illa significantur, non sint distin¬
217 680 769 721 ctae in Deo realiter, nec etiam formaliter ex
213 721 771 758 natura rei, vt patuit et in 2. dist sunt tamen
215 750 763 792 distinctae, vel distinguibiles conceptibiliter p
212 783 770 824 actum rationis, nec non potentialiter & in¬
217 821 762 857 complete ex natura rei, vt patuit ibidem; quia
217 849 771 894 alias essent fictae: non tamen ea distinctio¬
215 886 766 926 ne rationis, quae est inter relationem, & es-
210 924 765 963 sentiam, quae prouenit ex natura rei necessi¬
212 951 761 992 tantis intellectum ad dictam distinctionem.
220 988 767 1023 vt patebit infra, sed ea distinctione rationis
215 1021 769 1070 distinguuntur attributa inter se, & ab essen¬
216 1057 768 1095 tia, quae prouenit ex natura rei non repugnam
209 1091 765 1128 tis, quia non repugnat diuinae essentiae, quod
208 1127 762 1162 intellectus faciat in ea talem distinctionem,
214 1159 764 1194 alioquin cogeremur dicere, conceptus no¬
212 1194 760 1234 stros de Deo esse fictitios, & chimericos; id¬
217 1223 762 1262 circo sine omni repugnantia potest intelle¬
216 1259 758 1305 ctus noster habere distinctos conceptus at¬
214 1295 766 1333 tributales de diuina essentia, & distinctis ea
216 1325 761 1368 nominibus nominare, quibus conceptibus,
219 1358 763 1401 & nominibus eadem essentia respondebit,
215 1392 765 1435 ac per consequeus dicti conceptus attributa
208 1429 764 1471 les non erunt svnonimi, nec etiam nomina
212 1461 762 1508 attributalia erunt svnonima, & ita patet quid
215 1497 761 1539 sit dicendum quantum ad istam articulum,
211 1530 409 1580 & quaestionem
256 1556 748 1607 AD RATIONES PRINCIPALES
298 1598 769 1645 D primam dico, quod D. Dionysius
212 1609 764 1683 loquitur de cognitione diuinae essen¬
216 1667 764 1712 tiae modo proprio, & essentiali, secundum
210 1707 762 1747 quem modum non potest cognosci, nec inue
217 1733 764 1774 stigari ab aliquo viatore, vt patet in primo
211 1768 759 1812 artic. nihil tamen obstat, quin possit cogno¬
212 1806 753 1842 sci quoddammodo extraneo, & aduentitio.
249 1839 757 1878 Ad secundam dico, quod si cognoscere¬
215 1873 764 1918 mus diuinam essentiam modo proprio, & es
215 1902 763 1951 sentiali, sicut faciunt Deati in patria, nomina
214 1938 768 1976 remus eam vno solo nomine; pluralitas ergo
219 1975 769 2012 storum nominum prouenit principaliter ex
210 2009 766 2051 pluralitate nostrorum conceptuum, conse¬
211 2040 762 2080 quenter tamen prouenit ex parte diuinae es¬
211 2077 757 2128 sentiae, cui nonrepugnant nostris distinctis
803 167 1360 209 conceptibus, & nominibus sub distinctis ra¬
799 203 1356 250 tionibus respondere; nec tamen illa distin¬
804 235 1356 279 ctio, & pluralitas rationum facit in Deo ali¬
807 271 1357 321 quam compositonem, quit vna earum aliam
806 306 1354 348 non expectat, nec est ad eam in potentia, cum
805 337 1353 388 non sit ibi aliquis gradus potentialitatis, om-
800 373 1358 419 nis autem composito ex aliquo gradu po¬
805 404 1103 455 tentialitatis consurgit.
835 471 1326 522 DISTINCTIONIS NxIIL
869 540 1282 594 RVAESTIO VNICA
808 609 1350 652 Vtrum nomen personae, vel quodcumque aliud
823 645 1347 690 nomen commune in diuinis sit imposi¬
867 682 1295 726 tum ad fignificandam intentionem
803 719 1346 754 rei, vel rem intellectam.
834 845 1352 902 ARGVITVR QVO D
994 885 1350 930 intentionem.
795 911 1349 961 IQI hoc nomen persona significaret rem
812 954 1354 998 Aintellectam, tunc eius communitas es¬
797 980 1357 1025 set communitas rei in diuinis, quemadmodum
795 1018 1359 1061 communitas essentiae, & ideo ficut essentia,
801 1050 1347 1095 cum sit communis, non plurificatur in eis;
793 1083 1353 1126 ita nec persona ibi plurificaretur, quod pa¬
795 1118 1359 1169 tet esse falsum in Svmbolo Athanasii dicentis
799 1155 1348 1204 alia est persona Patris, alia Filij, alia Spiri¬
790 1185 952 1228 tus Sancti.
832 1223 1355 1262 Et confirmatur, quia non solum hoc no¬
791 1257 1350 1293 men persona, sed etiam quodlibet aliud non¬
795 1293 1355 1338 men videtur impositum ad significandum in
795 1326 1351 1362 tentionem, quia dicit P. August. 15. de Trin¬
793 1361 1347 1405 cap. 8. quod verbum, quod foris sonat, est
790 1390 1347 1441 signum verbi, quod intus lucet, & Arist. in
803 1426 1353 1476 primo Perhyermenias dicit, quod ea, quae
793 1467 1350 1503 sunt in voce, sunt earum, quae sunt in anima
799 1497 1347 1543 passionum notae, quod non haberet veritatem,
795 1530 1345 1577 nisi quodlibet nomen significaret intentio¬
795 1565 1247 1611 nem, & non ipsam rem intellectam.
835 1596 1351 1646 2 Si nomen personae, vel quodcunque a¬
795 1625 1349 1672 liud esset impositum ad significandum rem
799 1663 1339 1714 intellectam, & non ipsam intentionem, se¬
796 1701 1350 1743 queretur, quod nomen primae, & secundae
793 1736 1344 1780 intentionis non esset aliud, & aliud, sed vnum,
794 1768 1342 1817 & idem, & per consequens periret commu¬
790 1807 1349 1845 nis illa distinctio, qua dicitur aliqua nomi¬
793 1839 1347 1877 na esse primae intentionis, aliqua vero secu¬
801 1872 1351 1917 dae: Consequentiam probo, quia prima &
794 1904 1347 1954 secunda intentio, non distinguuntur ex par¬
795 1943 1345 1983 te rei intellectae, cum cadant super eandem
790 1982 1349 2023 rem intellectam, ergo videtur quod debeat
789 2006 1287 2046 eis correspondere vnum solum nomen¬
861 2037 1349 2080 1 Sicut se habet indiuiduum in omni per
790 2078 1346 2128 sona, ita persona in natura intellectuali, sed
