1500 2356
171 163 749 222 retur, quod lumen Fidei posset tranferri de
179 217 745 261 esse aenigmatico ad esse clarum, non enim re
177 249 747 294 pugnat subiecto transferri de priuatione ad
174 283 749 320 habitum, non potest autem transferri ad esse
181 318 741 360 clarum, quia idem lumen quod prius nobis
177 354 739 394 seruiebat in via, pro vt habebat esse aenigma¬
179 388 743 431 ticum, posset nobis deseruire in patria absque
182 420 738 460 alio lumine, prout habet esse clarum, quod
183 455 743 501 videtur absurdum. Tum quia lumen gloriae
189 488 745 534 posset transferri ab esse claro ad esse aenig¬
184 529 736 565 maticum, quia vtrobique videtur eadem ratio;
186 556 741 605 hoc autem est falsum, quia clarum nil aliud
179 592 740 641 dicit quam luminosum, & aenigmaticum ob
182 624 742 672 scurum, posset ergo lumen gloriae clarum fie
178 662 747 700 ri obscurum, & per consequens esse lumino
181 699 745 739 sum, esset sibi quaeddam disposito acciden¬
183 733 740 774 talis, & sic haberet esse luminosum per quod
179 765 743 802 dam aliud lumen superadditum, & illud per
183 801 747 840 aliud, & sic in infinitum. Si ergo volumus vi
174 831 745 880 tare hoc inconueniens, cogimur dicere, quod
176 867 745 909 claritas luminis gloriae sit intrinsica, & essen
180 905 745 947 tialis, & non quoddam accidentale superad¬
175 937 744 984 ditum, & pari ratione debemus dicere de ob¬
171 972 744 1015 scuritate, quod non sit concommitans extrin
182 1008 745 1046 sice Fidem. Tum, quia lumen Fidei non di¬
178 1043 747 1083 stingueretur essentialiter a lumine gloriae, &
182 1077 740 1121 per consequens, nec actus eorum scilicet cre
175 1109 749 1157 dendi & videndi, quod est absurdum, nam
187 1142 749 1186 secundum istam viam, sicut idem lumen es¬
184 1180 745 1217 sentialiter potest transferri ab esse aenigmati¬
179 1212 744 1260 co, ad esse clarum, & purum, ita idem actus
186 1242 744 1292 poterit quandoque suceessiue esse crediti¬
187 1284 609 1332 uus, & quandoque visiuus.
218 1315 736 1363 Secundo deficit, quia ponit, quod fides.
186 1352 743 1394 & scientia non opponuntur secundum ea¬
187 1389 738 1430 rum rationes formales; & ideo compatiuntur
186 1420 740 1456 se in eodem, & respectu eiusdem, quod est fal
185 1454 740 1499 sum. Tum quia ostensum est, quod aenigma
184 1492 736 1531 est de intrinsica ratione fidei, constat autem
182 1520 741 1568 quod esse obscurum, & esse clarum respectu
186 1557 738 1604 eiusdem sunt opposita, nec compatiuntur se
184 1598 742 1633 ad inuicem in eodem. Tum quia de ratione
186 1629 740 1669 obiecti Fidei est, quod sit non visiuus, per A¬
186 1664 732 1706 postolum dicentem, Fides est substantia spe¬
182 1695 734 1737 randarum rerum, argumentum non appare.¬
177 1731 745 1774 tium, & glosa exponit, quod Fides facit sub¬
180 1765 734 1805 sistere in anima nostra, quae non videntur;
182 1801 741 1838 de visis enim non est Fides, sed agnitio; &
177 1838 740 1872 Thomas (secundum Augustinum) aliud vi¬
178 1866 740 1913 dit, & aliud credidit: de ratione autem obie¬
181 1902 740 1943 cti scientiae est, quod sit apparens; apparentia
177 1937 738 1977 autem, & non apparentia repugnant in eo¬
187 1971 741 2018 dem, & respectu eiusdem, ergo, &caet. Tum
186 2004 744 2051 quia dato etiam, quod scientia, & Fides non
178 2045 740 2084 opponantur directe, opponuntur tamen se¬
185 2079 741 2118 cundum perfectionem, & imperfectionem;
176 2111 740 2164 & sic non se compatiuntur, quia perfectum,
779 175 1331 224 & imperfectum secundum idem genus non
776 215 1333 254 stant simul in eodem, nunc autem Fides, &
777 251 1332 293 scientia in genere assensus distinguuntur, si¬
779 289 1340 325 cut perfectum, & imperfectum; assensus enim
773 319 1329 361 Fidei est imperfectus, scientiae vero perfectus,
778 355 1246 397 ergo non se compatiuntur in eodem
808 388 1345 434 Nec valet si dicatur, quod forma substan
775 417 1333 463 tialis, & accidentalis in genere formae diffe¬
775 461 1337 503 runt, sicut perfectum, & imperfectum, & ta¬
769 494 1329 532 men cumpatiuntur se in eodem, quia hoc non
778 524 1332 563 est simile ppter duo. Primo, quia illae formae
771 559 1337 602 non sunt in eodem subiecto propter idem, sed
778 592 1339 638 vna, vt det esse substantiale, & simpliciter: al
780 628 1332 669 tera vero, vt det esse accidentale, & secundum
783 664 1335 709 quid; assensus autem Fidei, & scientiae si po¬
778 696 1337 735 nantur in eodem subiecto, erit propter idem,
781 730 1333 772 puta propter inclinationem in idem subie¬
778 763 1335 806 ctum. Secundo non est verum, quod forma
775 803 1335 835 substantialis, & accidentalis distinguantur
772 832 1333 882 simpliciter; sicut perfectum, & imperfectum,
776 868 1331 907 sed tantum sicut magis, & minus perfectum,
783 901 1326 946 forma enim substantialis non dat esse perfe¬
779 940 1329 983 ctum simpliciter in genere formae, sed expe¬
774 970 1329 1008 ctat vlteriorem perfectionem per formam ac
780 1005 1335 1051 cidentalem: scientia vero, & Fides distinguum¬
779 1044 1331 1084 tur, sicut simpliciter perfectum, & imperfe¬
776 1075 1335 1123 ctum in genere assensus. Quod patet per il¬
777 1109 1333 1145 los qui ponunt praefatam opinionem, conce¬
777 1145 1337 1190 dunt enim quod habens assensum per Fi¬
780 1180 1336 1217 dem, illum habet imperfecte, quamuis non
777 1215 1329 1250 repugnet sibi habere eudem assensum per¬
770 1247 1327 1289 fecte per scientiam, hoc autem non esset ve¬
777 1283 1331 1328 rum, nisi assensus per scientiam esset simpli¬
774 1320 1333 1358 ter perfectus, & per consequens euacuaret
779 1351 1332 1393 illum, qui est per Fidem tanquam imperfe¬
772 1385 1330 1420 ctum simpliciter. Apparet ergo, quod non
780 1420 1331 1473 est simile de forma substantiali, & acci¬
774 1452 884 1492 dentali.
814 1488 1332 1536 Vlterius ad idem, si Fides, & scientia pos¬
773 1520 1329 1565 sent se compati in eodem respectu eiusdem,
777 1557 1333 1601 sequeretur, quod vnus, & idem intellectus
779 1595 1335 1640 posset inclinari diuersis inclinationibus in
776 1630 1329 1672 idem obiectum, quarum vna esset simplici¬
776 1662 1328 1713 ter perfecta, & altera imperfecta, quod est fal
768 1695 1332 1735 sum: uidemus enim quod vnum, & idem
766 1731 1333 1772 mobile nunquam inclinatur diuersis inclina
771 1765 1330 1803 tionibus in eundem terminum, nisi quando
768 1796 1327 1842 quaelibet illarum inclinationum est imperfe¬
772 1837 1328 1875 cta, & indigens altera, sicut graue inclinatur
777 1869 1322 1909 deorsum diuersis inclinationibus s per for¬
769 1904 1325 1946 mam substantialem, & per formam grauita¬
772 1937 1332 1973 tis, quod ideo euenit, quia quaelibet illarum
772 1970 1318 2013 est insufficiens sine altera. Similiter vide
779 2009 1328 2044 mus quod intellectus inclinatur ad vnam
778 2040 1326 2081 conclusionem per diuersas rationes probabi¬
774 2074 1329 2114 les, quia nulla earum facit perfectam inclina
776 2110 1337 2159 tionem, nec etiam simul cum alijs. Et per
