1500 2327
186 157 746 216 quemadmodum uidentur uelle exponere, sic
189 211 746 249 nec etiam hoc stare potest propter tria.
216 244 739 285 Primo, quia sicut effectus secundum esse
187 277 749 320 quod habet in causa, non est aliud, quam sua
182 310 746 351 causa; ita res intellecta secundum esse inten¬
184 348 755 388 tionale, quod habet in conceptu, non est aliud
186 380 746 426 quam ille conceptus, & illa intentio, ac per
186 421 755 463 consequens omnia inconuenientia superius
183 448 626 495 posita erunt contra istum sensum
208 486 750 526 Secundo sequeretur, quod in formali si¬
166 518 749 559 i gnificato nominis non clauderetur esse rea¬
180 551 743 597 se rei significatae per nomen, ac per conse¬
189 590 745 629 quens nulla cognitio, vel scientia, & nullus
190 622 743 666 noster sermo esset de rebus secundum esse
188 657 742 690 reale, sed solum secundum esse intentiona¬
186 689 750 731 le, quod est falsum. Consequentiam probo
190 729 742 761 ex dictis eorum, dicunt enim, quod esse in¬
185 757 743 796 tentionale potest separari ab esse reali, sicut
190 792 747 836 patet in re corrupta, quae potest manere se¬
182 829 743 871 cundum esse cognitum, ac per consequens
188 860 748 897 utrunque istorum, scilicet reale, & intentiona
187 896 745 938 le non poterunt cadere sub eodem formali
185 934 589 978 significato nisi aequiuoce.
217 965 741 1005 Tertio sequeretur, quod esset idem mo¬
179 1000 737 1043 dus significationis rerum, & significatorum.
179 1032 739 1075 ac per consequens idem modus cognitionis,
183 1075 741 1111 quod est falsum. Consequentiam probo, quia
184 1105 741 1144 quantum ad esse intentionale non est diffe¬
180 1139 740 1183 rentia inter figmenta, & ueras res significa¬
184 1175 741 1214 tas, quia utraque habent essc conceptum, &
182 1205 739 1242 intentionale cum concipiuntur, & ideo si
180 1241 745 1280 tale esse intentionale est formale significatum
181 1273 745 1314 nominis, sequitur necessario, quod figmen¬
185 1313 738 1354 ta, & uerae res habeant eodem modo signifi¬
178 1344 395 1387 cari, & intelligi¬
216 1374 738 1421 Omissis igitur his omnibus aliter huic
186 1411 741 1449 quaesito respondeo: Ad cuius euidentiam di¬
182 1447 743 1487 stinguendum est de nominibus, quia non
177 1482 741 1524 omnibus nominibus respondent sua signifi¬
176 1510 733 1551 cata eodem modo sicut patebit. Dico ergo,
177 1543 735 1588 quod tria sunt genera nominum, quaedam
166 1583 731 1621 enim sunt nomina figmentorum sicut Chi¬
166 1618 738 1652 mera, & Hyrcoceruus, quaedam sunt nomi¬
178 1650 735 1689 na entium rationis, sicut vniuersale, & svl¬
180 1687 733 1731 logismus, & quaecunque talia, quae non im¬
178 1718 731 1765 ponuntur ad significandum entia naturae,
176 1749 737 1794 nec tamen propter hoc iudicantur figmenta,
174 1787 734 1829 quia eorum significata sunt constituta per
175 1822 732 1867 actum rationis sine omni fictione, & menda
170 1854 737 1893 cio; quaedam vero sunt nomina entium
172 1889 730 1932 realium, sicut nomina substantiarum, & acci
175 1922 733 1964 dentium, vt V. O. in genere substantiae hoc
172 1956 733 1997 nomen Sortes, Homo, & Animal: & in ge¬
174 1997 731 2036 nere accidentis Albedo, & Color. Ad pro¬
172 2024 734 2069 positum ergo descendendo, cum arguitur de
172 2059 736 2100 significatione nominum generaliter, non est
183 2101 735 2147 vniformiter respondendum de omnibus istis
775 157 1338 215 tribus generibus nominum, quia eorum si¬
782 214 1339 251 gnificata non respondent eis eodem modo.
778 248 1339 289 Nam videmus, quod nominibus figmento¬
784 278 1339 324 rum non respondent sua significata nisi sub
777 315 1342 354 esse intentionali, quod habent in mente, &
775 352 1335 388 ex hoc ipso sunt figmenta, quia illud esselin
784 382 1341 426 tentionale solum est fictum in mente, cui non
772 417 1342 461 respondet aliquod esse extra mentem, nec se
783 451 1341 487 cundum actum formaliter, nec secundum po
776 486 1337 526 tentiam fundamentaliter; nominibus vero
783 518 1337 568 entium rationis respondent sua significata,
775 551 1335 590 non solum sub esse intentionali, quod habent
777 588 1336 623 in mente, sed etiam sub aliquo esse rationis
775 623 1335 667 constituto sine fictione, & mendacio per actum
781 656 1337 700 entis, quod quidem ens rationis quamuis non
776 691 1343 734 sit aliud reale posituum, vt fuit supra de¬
776 722 1341 773 claratum in 3. distinctione, & etiam in 10.
781 758 1336 804 habet tamen aliquo modo esse in rerum na¬
779 790 1343 836 tura secundum potentiam, non solum ex par
783 827 1333 874 te intellectus ipsum constituentis, sed etiam
772 865 1331 907 ex parte sui fundamenti sibi non repugnan¬
774 898 1331 938 tis : hoc ergo habent plus entia rationis su¬
773 931 1330 972 pra figmenta, quia entia rationis sine omni
770 971 1330 1007 figmento, & mendacio respondent suis no¬
778 995 1330 1042 minibus, vt visum est, sed entia realia adhuc
774 1032 1331 1073 plus habent, quam entia rationis, quia non so
779 1066 1338 1108 um respondent suis nominibus significantia
774 1100 1337 1137 bus sine fictione, & mendacio, sed ultra
775 1134 1336 1174 hoc respondent eis etiam sub aliquo esse rea
769 1167 1332 1209 li, quod non faciunt entia rationis; & ideo
777 1205 1335 1243 omne nomen, quod imponitur ad significan
778 1241 1328 1288 dum aliquam rem, necessario significat eam
770 1273 1035 1319 sub aliquo esse reali.
830 1294 1330 1342 uia tamen solutio dubiorum est manife
770 1341 1331 1389 statio veritatis, idcirco mouebo tria dubia con
772 1373 1328 1430 tra istud dictum, vt ex eorum solutione cla¬
769 1415 1171 1458 rius appareat, quod dictum est.
798 1436 1342 1487 Primo dubitatur, quia uidemus, quod hoc no
763 1475 1331 1517 men Rosa imponitur ad significandam veram
773 1514 1331 1557 rem, & tamen non semper significat ea sub
767 1545 1325 1590 aliquo esse reali, ut puta, quando omnis Rosa
769 1578 933 1628 corrupta est
795 1607 1324 1651 Secundo uidemus, quod istud idem nomen
768 1649 1329 1701 Rosa significat quidditatem rosae abstractam,
768 1683 1320 1724 & tamen non habet reale esse abstractum,
807 1719 1322 1757 Tertio videmus, quod una, & eadem res
766 1752 1327 1795 sub alia ratione significatur per nomen sui
764 1786 1330 1829 generis, & sub alia ratione per nomen suae
771 1819 1323 1866 peciei, uel suae differentiae, & tamen constat,
774 1863 1328 1907 quod ratio generis, speciei, & differentiae non
766 1891 1323 1931 sunt rationes reales, quia sic facerent in re con
776 1921 1328 1963 positionem realem, quod est falsum, propter
764 1955 1331 2002 hoc igitur uidebitur alicui, quod nomen im¬
767 1991 1323 2041 positum ad significandum aliquam rem non
765 2027 1331 2063 semper significet eam sub aliquo esse rea¬
771 2062 1329 2103 i. His tamen non obstantibus, teneo sicut su
760 2102 1329 2146 perius dixi, & istis non est difficile respodere,
