1500 2306
154 182 698 228 diuersas demonstrationes in eandem inclina
149 221 701 264 tur conclusionem, quia nulla earum est po¬
152 252 699 294 tissima, sed cum intellectus peruenerit ad
148 288 702 338 demonstrationem potissimam aggregantem
153 319 702 365 omnes causas, tunc illa non compatitur se¬
158 355 700 393 cum aliam demostrationem, sed omnes alias
150 391 700 429 euacuat. Non potest ergo intellectus incli
151 422 705 462 nari in idem obiectum diuersis inclinationi
154 459 707 497 bus, quarum vna sit simpliciter perfecta, nam
151 489 703 534 illa euacuaret alias omnes. Quia ergo incli¬
154 523 700 566 natio, quae est per scientiam est simpliciter
154 556 709 605 perfecta, sequitur, quod simpliciter euacuet
160 595 479 635 illam, quae est per fidem
191 626 711 660 Tertio deficit praefata opinio, quia conce
153 657 705 696 dit, quod opinio sit incompossibilis scientiae
159 697 710 738 ratione obiecti, & tamen hoc negat de Fide
161 722 702 774 respectu scientiae, cum tamen videatur esse
157 758 713 799 simile de vtroqe. Nam sicut obiectum opi¬
162 791 701 835 nionis accipitur ab opinante tamquam possi
159 822 704 865 bile aliter se habere, & consequenter sub op
162 863 700 906 posita ratione ad obiectum scientiae; ita & ob
163 888 713 936 iectum Pidei accipitur a credente tamquam
160 934 705 968 non visum, & non apparens; & per conse¬
163 959 708 1005 quens sub opposita ratione ad obiectum scien
163 991 705 1039 tiae. Quapropter si concedunt de opinione,
164 1029 706 1071 quod sit scientiae incompossibilis, oportet, vt
164 1059 492 1102 concedant etiam de Fide.
198 1093 712 1144 Quarto deficit, quia ponit, quod Fides in
161 1126 706 1176 patria non euacuetur, prout est habitus qui
169 1162 703 1200 dam, & quoddam lumen, sed solum quan¬
167 1193 710 1232 tum ad aenigma, quod concomitatur ipsam:
167 1229 708 1267 hoc autem videtur esse falsum, quia tunc non
168 1260 708 1300 magis euacuaretur Fides in patria, quam cha
169 1296 706 1336 ritas, quod est contra Apostolum dicentem,
167 1330 714 1365 nunquam charitas excidit, de Fide autem as
162 1360 709 1401 serit simpliciter, quod euacuabitur: conse¬
166 1394 713 1438 quentiam probo, nam sicut ipsi ponunt, quod
175 1431 708 1470 Fides euacuatur quantum ad aenigma, quod
169 1462 717 1513 dicit imperfectionem, ita etiam charitas cua
174 1494 712 1534 cuabitur, quantum ad illud, quod erit im¬
183 1531 709 1576 perfectionis in ea: & ibi plene perficietur,
175 1568 708 1611 Ex quibus omnibus apparet praefatam opi-
167 1595 518 1638 nionem esse irrationabilem
219 1618 714 1676 Quapropter aliter respondeo huic quesi¬
177 1662 711 1709 to dicendo, quod Fides, & scientia respectu
178 1697 708 1738 eiusdem habent rationes oppositas, & incom¬
177 1733 716 1784 possibiles in eodem, & quamuis haec conclu
175 1767 713 1807 sio sufficienter videatur probata per dicta con
175 1797 708 1837 tra ipsos, adhuc tamen confirmo illam dua¬
178 1832 371 1874 bus rationibus
238 1856 704 1904 1 Sicut se habet opinio ad formidinem
178 1888 704 1936 ita Fides ad aenigma, sed opinio includit for
179 1933 707 1971 midinem in eius ratione formali, & intrinse¬
177 1969 714 2004 ca, ratione cuius non compatitur secum scien
177 1993 716 2039 tiam in eodem, & respectu eiusdem: ergo &
175 2038 713 2074 Fides includit enigma in sua ratione intrin¬
171 2063 716 2122 seca, & essentiali, & consequenter non com
730 174 1284 236 patietur secum scientiam in eodem respectu
728 225 1280 268 eiusdem. Maior probatur, nam sicut opinio.
733 257 1285 293 distinguitur essentialiter a scientia per hoc,
736 289 1282 335 quod est habitus incertus, & dubius, scien¬
728 326 1279 363 tia Vero certus excludens formidinem, ita
738 357 1281 403 etiam Fides suo modo distinguitur essentia¬
735 391 1283 435 liter a scientia per hoc, quod est habitus aenig
729 423 1291 471 maticus & obscurus, scientia vero e contra
734 463 1266 502 est habitus euidens, & clarus. Minor patet,
729 493 1279 532 nam si formido non esset de intrinseca ratio
734 522 1286 563 ne opinionis, tunc cum per eam solam distin¬
738 559 1283 600 guatur a scientia, sequeretur, quod non di¬
735 587 1277 635 stingueretur a scientia essentialiter, sed so¬
735 624 1292 665 lum accidentaliter.
759 653 1289 699 2 Si Fides esset compossibilis cum scien¬
731 691 1277 728 tia in eodem intellectu respectu eiusdem obie¬
738 728 1284 766 cti, ille intellectus vel tenderet in illud obie¬
734 760 1280 804 ctum per Fidem tamquam in non visum, uel
740 791 1272 830 tamquam in visum, non potest dici, quod tom
742 824 1283 871 dat in ipsum tamquam in visum, quia ille
737 858 1283 903 habitus esset ratio videndi obiectum, Fides
735 891 1282 931 autem non est ratio videndi, cum non sit ha
733 927 1279 964 bitus visiuus. Si vero dicatur, quod tendat
736 960 1287 998 in ipsum tamquam in non visum, habetur
738 993 1285 1030 intentum, cum per scientiam intellectus ten
733 1027 1280 1066 dat in obiectum tamquam in visum; visum
743 1060 1285 1095 autem, & non visum non sunt in eodem re¬
742 1094 953 1141 spectu eiusdem
780 1119 1295 1168 Quod si dicatur contra primam rationem,
747 1159 1285 1208 quod opinio distinguitur a scientia non ra¬
746 1192 1285 1242 tione formidinis, sed ratione medij probabi
740 1229 1278 1267 lis, nam scientia facit adhaerere medio ne¬
736 1262 1277 1300 cessario, opinio vero probabili, immo vide¬
740 1292 1281 1340 tur, quod formido magis sit opposita opinio
745 1330 1277 1376 ni, quia quanto plus augetur opinio, tanto
744 1363 1277 1409 formido magis minuitur, in tantum quod
746 1397 1285 1437 Arist. dicit 7. Ethicorum, quod aliqui ita
742 1428 1281 1470 firmiter adhaerent opinionibus, sicut alij de¬
744 1460 1098 1508 monstratiuis conclusionibus
774 1487 1282 1537 Respondeo, quod si opinio facit adhaere¬
742 1529 1282 1567 re per medium probabile, necessario sequi¬
744 1569 1291 1607 tur, quod illa adhaesio sit ei intrinseca, & per
745 1599 1291 1636 consequens dubia, & formidolosa, idem est
743 1626 1278 1670 ergo in opinione adhaesionem esse per: me¬
749 1661 1286 1702 dium probabile, & ipsam esse dubiam & in¬
747 1700 1287 1739 certam. Cum vero additur, quod si auge¬
742 1737 1279 1772 tur opinio, minuitur formido; Respodetur,
751 1765 1285 1811 quod si consideretur opinio, inquantum stat
743 1799 1285 1843 intra propriam speciem, sic minuitur simul
749 1837 1283 1878 cum ipsa formidine, quia non potest inueni¬
742 1867 1282 1905 ri in propria specie sine formidine; si autem
751 1904 1279 1940 consideretur opinio, prout aliquando in scit
748 1932 1285 1973 tiam, aliquando in opinionem per ipsam de
750 1962 1281 2006 uenitur, sic ipsa dicitur augeri, & formido
754 2002 1281 2039 minui, sed hoc est improprie dictum, quia
749 2039 1285 2077 tale augmentum non competit ei, inquan¬
751 2062 1289 2122 tum opinio est, sed inquantum est via ad
