1500 2342
159 172 727 221 nor probatur, quia talis responsio non posset
160 212 726 253 esse terminata per vnum solum, nisi illud ca
168 248 724 295 peret per aliquam talem clausionem ipsum
169 282 584 321 conclaudentem, & terminantem.
200 311 716 358 3 Istud vnum, quod est principium nume
167 349 718 394 ri, videtur esse illud, quod primo concipit
173 386 716 433 Computams quando incipit numerare, sed Con
164 419 713 461 putans concipit primo aliquam rem indiui¬
162 454 716 488 sam formando de ea talem clausionem prae
162 487 722 534 fatam, ergo &c. Maior est nota. Minorem
164 523 717 566 probat, quia, nisi Computans primo claude
160 563 721 596 ret rem in seipsa per propriam clausionem
161 590 711 624 mensurando, non posset eam postea claude¬
163 624 715 664 re cum alia re computando, & numerando;
165 659 685 694 Haec opinio videtur in quinque deficere.
200 685 713 731 Primo deficit, quia ponit, quod ro vnius,
170 722 718 769 quod est principium numeri, sit fabricata.
165 761 717 804 per rationem: Ad quod dictum sequuntur
163 791 414 837 tria inconuenientia.
199 820 716 872 Primo, quia vnum, quod est principium
157 858 710 900 numeri, & per consequens numerus esset
160 896 713 931 ens rationis, & sic non esset in praedicamen¬
163 929 717 975 to reali, nec posset esse subiectum in aliqua
162 960 717 1001 scientia reali; quod est falsum. Si autem con
156 998 708 1036 cedant, quod ens rationis sit in praedicamento
159 1032 711 1069 reali, sicut videntur concedere, hoc est impos
159 1067 353 1105 sibile ex tribus.
236 1091 710 1140 Quia tunc sequeretur, quod ens reale,
162 1133 713 1172 & ens rationis essent differentiae eiusdem prae
159 1170 715 1204 dicamenti, ac per consequens sicut inquo¬
156 1202 707 1241 libet praedicamento inuenitur ens reale; ita
163 1235 713 1272 etiam inueniretur in eo ens rationis, quod vi
155 1270 709 1304 detur esse absurdum, nam tunc oporteret nos
160 1303 714 1351 distinguere in praedicamento substantiae sub
156 1337 714 1375 stantiam secundum rem, & secundum ratio¬
159 1369 713 1407 nem, quod nullus diceret, quia etiam ipsae
154 1405 711 1444 secundae substantiae, de quibus videretur ali¬
158 1438 709 1488 cui, quod essent secundum rationem, sunt sub
156 1473 712 1512 stantiae secundum rem, quia ens secundum
150 1508 705 1548 rationem non potest praedicari de ente reali
163 1539 713 1578 formaliter, & essentialiter; substantiae autem
156 1575 687 1612 secundae praedicantur de primis, ergo &c
194 1607 713 1645 2 Sequeretur, quod omnia entia realia
165 1636 706 1682 possent esse in eodem praedicamento, quoc
160 1681 708 1725 patet esse falsum, consequentiam probo, quia
162 1715 705 1754 magis conueniunt entia realia adseinuicem,
155 1750 711 1792 quam entia realia, & rationis: si ergo ens ra
155 1778 715 1818 tionis potest esse in eodem predicamento cum
159 1813 707 1850 ente reali, multo magis quodlibet ens reale
152 1848 475 1891 cum quolibet ente reali.
162 1878 714 1916 3 Sequeretur, quod entia rationis praedi¬
155 1916 710 1954 tarentur de aliquo subiecto formaliter, quod
157 1947 713 1997 patet esse falsum, etiam secundum eorum in¬
150 1984 711 2025 tentionem; nam ipsi ponunt, quod entia ra
157 2017 707 2055 tionis non sunt alicubi subiectiue; consequen
153 2053 710 2091 tiam probo, quia omnes communiter acci¬
157 2086 711 2143 piunt distinctionem praedicamentorum pe¬
745 174 1314 235 nes distinctos modos praedicandi formaliter,
755 218 1315 272 & per consequen silla, quae sunt in eodem pre
747 252 1306 300 dicamento habebunt eundem modum predi
747 289 1294 331 candi. Et ideo redeundo vnde sermo prius
742 327 1301 368 dico quod est omnino inconueniens ponere
753 359 1294 400 quod aliquod ens rationis sit in praedicamen¬
750 398 1300 438 to reali per se, & directe tanquam species il
746 421 978 471 lius praedicamenti.
775 455 1300 504 Secundum inconueniens est, quia si vnum,
748 492 1297 539 quod est principium numeri, sit ens rationis,
750 528 1293 569 & etiam numerus, vt ista opinio concedit, se
749 560 1297 608 quitur, quod minus habeat de entitate vnum,
742 600 1292 643 quod est principium numeri, & etiam ipse
744 634 1303 673 numerus, quam ipsa relatio, hoc autem est
742 661 1296 711 falsum, vt patet per Com. in xij. Metaph¬
746 700 1293 738 com. 20 vbi ait, quod relatio est debilioris es¬
747 728 1292 777 se alijs praedicamentis, consequentiam probo,
739 764 1296 808 quia relatio quamcunque habeat ita modicum
737 802 1286 845 esse, non tamen propter hoc est ens rationis
742 841 1291 881 nam dato, quod intellectus nunquam intelli
751 863 1292 910 geret, nec per actum suum aliquid fabrica¬
736 898 1294 945 ret, adhuc esset vera relatio realis in entibus,
749 933 1290 984 alioquin omnis relatio esset relatio secundum
739 970 1300 1010 rationem, quod est falsum: Et confirmo ra¬
747 1004 1300 1047 tionem per eundem Com. in eodem loco, ibi
743 1041 1292 1085 nanque recitat opinionem quorundam tan¬
741 1068 1292 1111 quam erroneam, qui posuerunt, relationem
744 1108 1299 1148 propter suam modicam entitatem esse de se
747 1137 1004 1177 cundis intellectibus.
778 1172 1295 1214 Tertium inconueniens est, quia diuisio
743 1210 1296 1247 quantitatis per continuum, & discretum non
745 1246 1297 1291 erit per differentias reales oppositas, sed per
742 1277 1293 1315 vnam differentiam realem, & per alteram ra
742 1306 1294 1356 tionis, ac per consequens diuisio mathemati
745 1342 1299 1379 cae in geometriam, quae est de continuo, &
747 1378 1297 1419 Arictietricam, quae est de discreto, non erit
739 1413 1299 1458 diuisio in duas scientias reales, quae omnia
742 1446 1298 1492 videntur absurda; & sic patet primus defe¬
740 1476 997 1522 ctus istius opinionis.
770 1506 1295 1556 Secundo deficit, quia ponit quamlibet
742 1547 1295 1593 rem claudi ab intellectu duplici clausione,
734 1576 1287 1625 scilicet vnitate, quae conuertitur cum ente,
749 1613 1293 1652 per quam facit clausionem negatiuam; &
743 1655 1295 1695 vnitate, quae est principium numeri, per quam
741 1681 1296 1727 facit clausionem posituam: Ad quod dictum
740 1714 1287 1757 sequuntur tria inconuenientia; Primum est,
748 1747 1293 1800 quia vnitas, quae est principium numeri, prae
747 1791 1284 1833 cedet vnitatem, quae conuertitur cum en¬
743 1822 1286 1864 te, quod patet esse falsum. Consequentiam
742 1852 1299 1898 probo, quia ratio positua semper praecedit
736 1882 1300 1926 rationem negatiuam. Secudum inconueniens
745 1918 1295 1958 est, quod quaelibet res poterit claudi sub vni
742 1952 1294 2001 tate, quae est principium numeri, ac per con¬
738 1985 1299 2031 sequens vnum, quod est principium numeri,
745 2021 1297 2065 & ipse numerus poterunt inueniri in rebus
739 2052 871 2093 abstractis.
756 2078 1302 2145 Quamuis hoc non videntur: habere pro
