1500 2326
179 141 745 207 incidunt in id, quod vstare volunt, scilicet
180 197 738 234 quod vnum, quod est principium numeri
177 228 741 267 sit idem quod quantum, & tamen improbant
174 267 742 303 de hoc quandam aliam opinionem rationa¬
178 297 742 337 bilem, quae inferius ponetur: Si autem dicant
179 333 745 373 quod sit indiuisio quantitatis, incidunt in
175 367 745 402 magnum inconueniens, scilicet, quod priua
175 400 744 443 tio sit ratio fundandi relationem, quae est quid
179 439 745 485 posituum, & etiam cum hoc incidunt in il¬
173 468 747 517 iud, quod volunt vitare, scilicet, quod ratio
176 500 747 548 vnius, quod est principium numeri, sit priua
171 540 741 578 tiua, cuius contrarium volunt; Si vero dicant,
175 571 747 619 quod sit quaedam alia ratio superueniens, vi.
181 609 745 653 detur omnino fictitium, quia nihil cogit ad
172 641 586 683 fingendam praefatam rationem.
159 675 736 714 Tertio deficit, quia dicit, quod relatio
170 705 745 759 mensurae est proprietas vnius, quod est prin¬
172 749 735 790 cipium numeri, hoc autem posito sequitur
175 780 737 820 statim, quod relatio mensurae sit relatio rea¬
176 813 753 861 lis, quod patet esse falsum ex3 Metaph
194 848 739 892 Quarto, quia distinguit de ratione mensu
172 885 737 931 rae, prour accipitur pro respectu, & pro fun
168 913 744 957 mento respectus, quae quidem distinctio om
168 955 745 997 nino est impossibilis quantum ad alterum
171 985 743 1025 membrorum, scilicet, quod fundamentum re
170 1019 739 1069 lationis mensurae possit aliquo modo dicimen
166 1054 741 1097 sura, & quod ita sit apparet, quia mensura
168 1089 730 1127 semper icludit relationem in suo intellectu,
173 1123 741 1165 fundamentum autem relationis in suo intel
181 1159 745 1197 lectu relationem non includit, immo ab ea¬
174 1196 738 1236 abstrahit; quapropter coguntur necessario
181 1227 743 1269 dicere, quod relatio sit de intrinseca ratione
177 1266 733 1308 vnius, quod est principium numeri, vel quod
172 1300 737 1341 ratio mensurae non sit illud posituum, quod
176 1331 726 1371 addit vnum, quod est principium numeri su
180 1372 744 1409 pra vnum, quod conuertitur cum ente.
200 1403 735 1450 Motiua autem dictae opinionis non cogunt.
179 1434 735 1472 Nam primum non valet, quia ipsimet conce
172 1466 741 1511 dunt, quod relatio mensurae non sit de in¬
169 1501 732 1544 trinseca ratione talis vnius; & ideo per aucto
168 1541 734 1580 ritetem Arist nullo modo possunt habere in
171 1572 733 1613 tentum: Si autem per mensuram velint in¬
176 1603 736 1646 telligere illud, quod est ratio fundandi ta¬
179 1640 729 1683 lem relationem, ostensum est, quod illud ab
172 1679 734 1715 strahit a ratione mensurae; nec videtur esse
174 1709 735 1749 aliud, quam quantitas (vt dictum fuit) Qua
172 1743 731 1792 propter nec etiam per hoc habent intentum,
176 1777 735 1820 in secundo motiuo, immo magis incidant in
168 1811 601 1853 illud, quod vitare intendunt
202 1850 733 1889 Tertium etiam motiuum non valet, quia
174 1886 729 1924 cum ad quaestionem factam de numero, re¬
170 1919 737 1962 spondeatur per vnum, quod est principium
163 1949 735 1993 numeri, quamuis talis quaestio non termine
168 1993 735 2028 tur per vnum, prout dicit indiuisionem; non
166 2017 730 2058 tamen propter hoc sequitur, quod termine¬
167 2056 732 2093 tur per vnum, prout dicit mensurationem:
174 2089 736 2146 Immo argumentantur a pluribus causis ve¬
775 151 1345 206 ritatis ad duas tantum, quia poterit dicta quae
774 196 1339 239 stio per ipsum terminari alio modo, de quo
770 228 1343 266 melius patebit infra.
802 263 1343 301 Praeterea, si hac ratio esset bona, per eam
775 297 1351 338 concluderetur, quod vnum, quod est princi
770 338 1342 375 pium numeri, formaliter esset mensura, & per-
776 366 1347 412 consequens in suo intellectu includeret re¬
774 400 1346 437 lationem mensurae, cuius contrarium inten¬
771 434 908 478 dunt.
803 469 1331 506 Propter quae omnia est adhuc alia opi-
771 502 1337 545 nio, quam ponit D. AEgidius, quae videtur.
766 545 1342 581 valde rationabilis (sicut patebit) Ponit autem,
774 570 1337 617 quod vnum, quod est principium numeri, di
765 606 1348 649 cat aliquid positiuum de genere quantitatis;
763 645 1352 680 & in hoc distinguitur ab vno, quod conuer¬
764 676 1349 716 titur cum ente, quia illud dicit rationem pri
758 712 1330 757 uatiuam, & non est in aliquo determinato ge
766 746 1328 797 nere, sed circuit omne genus, sicut ens; &
767 778 1322 829 quia ratio positua non potest se habere sicui
763 811 1329 862 inferius ad rationem priuatiuam, idcirco v¬
763 851 1349 887 num, quod est principium numeri, non se ha
771 885 1337 921 bet per additionem ad vnum, quod conuer
770 918 1331 966 titur cum ente, nec contrahit ipsum; immo
762 952 1330 996 contrahit ipsummet ens, sicut inferius ad ip¬
766 984 1326 1028 sum, nam sicut album est quid positiuum
767 1017 1335 1069 de genere qualitatis, contrahit tamen ipsum
762 1062 1338 1103 ens, tanquam inferius sub ipso ente conce¬
772 1086 1348 1127 ptum, ita vnum, quod est principium nume
768 1123 1344 1170 ri, est aliquid positiuum de genere quantita.
760 1163 1345 1203 tis, & per consequens contrahit ens, sicut ali
766 1203 1350 1238 quid inferius ad ipsum. Et ideo deducendo
766 1226 1334 1269 vlterius istam similitudinem (sicut doctor vi
758 1259 1342 1305 detur eam deducere )ita se habet quantitas.
764 1295 1331 1344 ad dare esse vnum, quod est principium nu
762 1335 1329 1379 ri, quemadmodum albedo ad dare esse album,
765 1367 1332 1405 & qualitas ad dare esse quale; & ideo sicut
758 1407 1330 1448 ratio positua, quam addit album supraens,
762 1441 1328 1479 non est aliud, quam ipsa albedo; ita etiam ra
768 1470 1334 1512 tio positua, quam addit vnum, quod est prin
760 1504 1326 1550 cipium numeri supra ens, non est aliud, quam
762 1539 1323 1584 quantitas; & per consequens vlterius relin¬
766 1575 1331 1619 quitur, quod vnum, quod est principium nu
760 1606 1224 1646 meri, sit idem, quod esse quantum.
802 1644 1315 1678 Si autem queratur ab isto doctore, vtrum
760 1675 1325 1722 illa quantitas, quae dat esse vnum, quod est
765 1711 1319 1753 principium numeri, sit de genere continui;
758 1742 1319 1785 dicit, quod sie; non tamen secundum illam
763 1778 1319 1824 rationem, secundum quam dicit esse vnum;
762 1808 1326 1854 & ideo distinguit in quantitate duas ratio¬
762 1853 1323 1891 nes posituas; nam si accipiatur quantitas,
763 1883 1333 1924 secundum quod perficit subiectum in se, &
758 1922 1329 1960 absolute dando sibi esse quantum, sic habet
760 1957 1325 1994 vnam rationem positiuam, secundum quam
769 1987 1341 2026 perficit vnum, quod est principium numeri;
758 2022 1321 2063 si vero accipiatur eadem quantitas, secundum
766 2058 1328 2103 quod perficit subiectum in ordine ad partes,
759 2087 1332 2138 sic habet aliam rationem positiuam, secun¬
