1500 2357
164 161 732 230 dum quam facit continuum. Ex quo appa¬
162 216 732 259 ret immediate, quod quantitas, secundum
160 252 724 291 has duas rationes posituas, pertinet ad duo
163 287 728 325 distincta genera; nam secundum vnam ratio
158 320 718 369 nem, pertinet ad genus discreti (quamuis)
161 356 721 397 reductionem) secundum vero aliam rationem
167 394 621 439 pertinet ad genus continui, vt patet.
162 424 729 468 Addit insuper, quod quaelibet dictarum
162 457 720 503 rationum fundat indiuisionem, idest negatio
157 493 726 533 nem, quae importatur per hoc nomen vnum,
164 532 728 570 quod cum ente conuertitur, cuius ratio est
178 567 722 610 secundum eum) quia talis negatio sequi¬
162 600 728 642 tur vniuersaliter ipsum ens; & ideo sicut plu
157 637 727 676 rificantur rationes positiuae entis, ita opor-
166 670 722 705 tet plurificari rationes negatiuas vnius. Haec
166 700 728 757 est intentio Doctoris nostri summatim col¬
160 736 236 781 lecta.
198 769 722 812 Arguitur tamen a quibusdam specialiter
160 806 706 846 quantum ad tria contra hanc opinionem.
193 837 723 887 Primo quantum adhoc, quod ponit vnum,
166 874 725 921 quod est principium numeri, sit idem, quod
157 917 724 956 quantum, hoc autem improbant dupliciter.
170 950 730 990 Tum quia assumitur sine probatione; Tum
166 978 727 1027 quia si vnum, quod est principium numeri,
166 1014 723 1053 esset idem, quod quantum, essent nomina
155 1047 725 1084 svnonima, & per consequens esset nugatio
160 1081 725 1126 dicendo vnum est quantum, quod est fal¬
157 1120 405 1157 sum.
197 1154 730 1201 Secundo arguunt, quod vnum, quod est
158 1186 732 1237 principium numeri, non simpliciter dicat quid
156 1218 725 1270 posituum, ita quod nullo modo dicat nega
163 1253 729 1301 tionem, sicut dicit praefata opinio, quia sicut
159 1290 733 1337 se habet quantitas ad dare esse multa, ita per
166 1325 733 1367 oppositum ad dare esse vnum, sed non dat es
160 1356 723 1400 se multa, nisi inquantum diuisa, ergo non
161 1393 713 1431 dabit esse vnum, nisi inquantum indiuisa.
196 1430 730 1479 Tertio arguunt illam distinctionem inter
163 1461 732 1507 continuum, & vnum, quod est principium
160 1501 721 1542 numeri; & dicunt, quod deficit in duobus.
163 1533 728 1577 Primo, quia supponit, quod quantitas possit
163 1569 726 1618 perficere suum subiectum sine ordine ad pat
163 1599 715 1639 tes, quod probant esse falsum tali ratione
167 1632 723 1680 Nulla forma potest perficere suum subiectum
163 1672 724 1715 sine eo, quod est de sua definitiua ratione;
162 1704 733 1752 sed habere partes est de ratione definitiua
174 1742 447 1789 quantitatis, ergo &c
207 1772 728 1819 Secundo deficit hoc dictum, quia non ex
171 1812 732 1861 plicat, quae sit illa ratio positua, quam addit
173 1843 732 1889 vnum, quod est principium numeri supra
166 1878 730 1927 continuum: nam si dicant, quod est ipsum¬
165 1916 732 1964 met vnum, probant idem per idem, & per
167 1950 580 1998 consequens petunt principium.
198 1977 726 2030 His tamen non obstantibus, Dico, quod prae
162 2016 734 2064 fata opinio est rationabilis; magisque vide¬
168 2048 730 2098 tur esse secundum principia philosophiae,
170 2090 322 2144 quam aliae.
198 2115 742 2170 Ad cuius euidentiam sciendum, quod di
752 166 1329 227 cta opi. videtur habere tres conclusiones du
764 219 1324 256 bias, contra quas procedunt dicta istorum.
794 252 1324 291 Prima conclusio est, quod vnum, quod
754 288 1321 333 est principium numeri, dicat simpliciter ra¬
762 321 1320 371 tionem posituam, & multo magis priua¬
762 355 1081 398 tiuam.
782 377 1327 440 Secunda, quod ista ratio positua sit quan
762 422 851 462 titas
756 455 1324 504 Tertia, quod quantitas in perficiendo su
758 491 1327 530 biectum habeat duas rationes posituas, qua
752 528 1320 566 rum vna constituat continuum; & altera
758 565 1324 605 constituat vnum, quod est principium nume
758 600 1328 638 ri; Et quia dictae tres conclusiones videntur
755 636 1319 673 esse dubiae, idcirco confirmo qualibet earum;
761 665 1324 707 & primo primam tripliciter.
787 699 1338 746 1 Illud, quod est de genere accidentis; est
751 731 1323 772 simpliciter positiuum, vnum, quod est prin¬
758 770 1317 808 cipium numeri est huiusmodi, ergo &c. Maior
753 810 1314 850 patet, & Minor probatur per Comm. 4. Me¬
762 843 1329 879 taph. qui reprehendit Auic. eo quod non di
758 874 1322 916 stinxit inter vnum, quod est principium nu¬
756 917 1318 954 meri, & quod conuertitur cum ente; & ideo
766 945 1321 987 voluit, quod adderet dispositionem acciden
765 979 1319 1016 talem. Non reprehendit autem ipsum, quan
767 1016 1319 1055 tum ad hoc, quod dixit, vnum, quod ess
762 1053 1320 1095 principium numeri, esse accidens, sed solum
757 1081 1327 1132 quantum ad hoc, quod dixit, quod vnum,
763 1126 1322 1165 quod est principium numeri, esset idem cum
762 1161 1326 1196 vno, quod conuertitur cum ente; quapro¬
758 1190 1329 1231 pter videtur fuisse de eius intentione, quod
759 1220 1051 1259 tale vnum sit accidens
768 1256 1330 1307 2 Illud, quod secundum suam rationem
765 1286 1325 1337 formalem fundat rationem mensurae, vide¬
767 1324 1329 1368 tur esse formaliter quid positiuum, vnum
770 1362 1326 1405 quod est principium numeri est huiusmodi,
764 1395 1329 1441 ergo &c. Maior est nora: Minorem probo.
758 1429 1327 1476 Suppono enim, quod vnum, quod est prin¬
756 1464 1322 1512 cipium numeri, fundetur in continuo, vt con¬
756 1495 1325 1545 muniter conceditur; Si ergo vnum, quod
765 1534 1326 1579 est principium numeri fundet rationem men
762 1565 1320 1609 surae, vel fundat eam inquantum materiali
762 1600 1320 1640 ter est quid continuum, vel inquantum for¬
767 1636 1323 1674 maliter est quid vnum primum. Non pot dici
763 1671 1327 1716 primum, quia de ratione mensurae est esse mini
762 1703 1325 1746 mum in suo genere; n genere autem con¬
762 1738 1319 1780 tinui non est dare aliquod minimum, nisi
773 1775 1327 1819 punctum, & ideo nullum continuum, in¬
767 1813 1327 1854 quantum continuum, potest fundare rationem
761 1847 1325 1888 mensurae, relinquitur ergo quod vnum, quod
765 1881 1332 1919 est principium numeri, inquantum vnum
769 1911 1316 1960 formaliter, fundet praefatam rationem.
794 1948 1329 1993 3 Illud, quod secundum suam rationem
762 1982 1328 2021 formalem est terminus realis decisionis, est
766 2013 1329 2058 formaliter quid positiuum, vnum, quod est
775 2050 1331 2094 principium numeri, est huiusmodi, ergo &c.
770 2091 1341 2128 Maior patet. Minorem probo, quia numerus
768 2121 1341 2177 causatur ex diuisione continui, vt patet3.
