1500 2394
142 189 717 243 norem probo, quia si hoc nomen persona si
138 235 721 279 gnificaret relationem, non posset dici de crea
143 272 723 315 turis, in quibus persona non constituitu per
147 305 720 346 relationem: & si per eandem rationem signi
149 340 723 382 ficaret determinate substantiam, non posset
144 380 722 422 dici de diuinis, in quibus persona constitui¬
141 409 724 454 tur per relationem: sequitur ergo quod non
152 447 640 487 significet determinate hoc, nec illud
168 478 717 521 IN OPPO SITVM arguitur quod
151 515 722 560 non significet quoddam commune abstrahi
145 548 727 595 bile: Quia tunc sequeretur, quod haberet
144 587 714 629 rationem vniuersalis; quod est falsum.
185 616 727 661 Secundo, quod personae diuinae communi
148 658 727 700 carent cum personis creatis in illo commu¬
151 693 719 734 ni abstrahibili, quod etem est falsum, eo quod
151 726 729 773 nihil sit commune Deo, & creaturis, vt pa¬
144 761 524 811 tuit supra in quaest. de ente.
184 800 733 840 RESPONDEO: In ista quaestione duo
142 830 336 882 sunt videnda
191 871 724 906 1 An illud, quod significatur nomine pro
144 902 732 942 sonae, siue in diuisis, siue in creaturis, sit ali¬
148 942 730 985 quid commune abitrahibile ab eis, & pluri¬
151 971 504 1015 ficabile in eis.
215 1012 732 1049 An nomen personae significet determi-
144 1046 604 1085 nate substantiam, vel relationem.
217 1111 658 1167 ARTICVLVS PRIMVS.
149 1158 734 1238 Vtrum illud, quod significatur nomine per¬
267 1214 605 1260 sonae, sit quid commune
239 1395 732 1438 Vic articulo quidam dicunt, quod hoc
155 1401 736 1473 Pnomen persona, significat aliquid com
153 1462 735 1507 mune abstrahibile ab ijs de quibus dicitur
157 1496 737 1541 duobus modis, negatiue & positue; ne¬
150 1532 732 1581 gatiue quidem, quia significat negationem du
166 1570 733 1613 plicis communicabilitatis, Est, enim (secun¬
162 1601 732 1645 dum eos) duplex communicabilitas vna se¬
159 1642 732 1683 cundum quam communicatur aliquid plu¬
155 1677 732 1714 ribus, quorum quodlibet est ipsum, & haec
158 1704 732 1750 est communitas vniuersalis, alia est secundum
155 1741 737 1785 quam aliquid communicatur alicui, vt for¬
155 1776 735 1819 ma, qua est aliquid, & vtroque modo diui¬
150 1821 730 1857 na essentia communicatur diuinis personis,
157 1857 734 1894 persona autem habet in se negationem vtri¬
159 1886 731 1926 usque communicabilitatis, quae quidem nega
158 1916 736 1962 tio potest abstrahi a diuinis personis, tanquam
161 1954 735 1996 aliquod eis commune, dato etiam, quod non
163 1989 731 2028 haberent aliquid commmune posituum, quid
168 2027 733 2069 posset esse fundamentum dictae negationis;
152 2060 734 2109 nam negatio, quae est communis aliquibus
158 2097 736 2139 non necessario requirit fundamentum com
158 2137 741 2172 mune in illis, haec enim negatio non Sortes
160 2164 738 2219 (secundum eos) est communis omnibus aliis
758 185 1329 243 entibus a Sorte, & tamen non oportet, quod
763 231 1328 282 propter hoc habeant aliquid commune posi
758 272 1331 317 tiuum, quod fundet dictam negationem.
762 305 1334 344 Quapropter concludunt quod negatio hu¬
755 338 1328 378 ius duplicis communicabilitatis potest esse
752 374 1331 414 communis diuinis personis, dato etiam, quod
756 410 1333 453 non esset eis commune aliquod positiuum
753 444 1324 491 fundans dictam negationem, & per conse¬
755 485 1324 522 quens potest abstrahi ab eis aliquod commu
753 518 1328 563 ne negatiue : Concedunt insuper isti quod
758 550 1331 592 potest ab eis abstrahi aliquid commune posi
753 589 1325 623 tiuum, quod erit fundamentum praefatae ne¬
760 621 1330 661 gationis, & si quaeratur ab eis, quid sit illud
759 658 1328 702 commune; Dicunt quod est ratio per se sub¬
761 688 1324 729 sistentis, quae quidem ratio communis est Pa
758 726 1319 770 tri, & Filio, & Spiritui Sancto, & etiam om
750 763 1331 801 nibus psonis diuinis, & per consequens est
754 793 1331 838 indifferens ad absolutum, & relatiuum sup¬
761 834 1330 874 posito quod diuinae personae constituantur
762 864 1332 908 per relationes. Quod autem praefata ratio
765 906 1340 944 positua sit conmunis tribus personis diuinis
765 933 1339 975 & abstrahibilis ab eis potest probari. Primo,
758 970 1339 1010 quia ratio relationis per quam constituuntur
756 1009 1342 1048 est eis communis, & plurificatur in eis Se¬
756 1045 1341 1091 cundo quia possumus habere conceptum cer¬-
762 1075 1341 1124 tum, quod in diuinis est ratio personae per
754 1109 1339 1151 se subsistentis, & tamen posset dubitari, vtrum
757 1144 1337 1182 illa sit absoluta, vel relatiua, & dato quod
760 1185 1343 1229 relatiua vtrum sit Pater, vel Filius, uel Spiri
759 1213 936 1261 tus Sanctus.
790 1250 1330 1297 lsta tamen opinio non potest stare quan¬
759 1286 1333 1329 tum ad duo quae ponit Primo, quia dicit,
762 1326 1361 1373 quod hoc nomen persona dicit negationem;
762 1356 1336 1402 duplicis communicabilitatis fundat am super
770 1389 1354 1441 illa communi ratione positua, quae est ratio
771 1427 1343 1473 per se subsistentis; Ad quod dictum se quun
762 1460 1088 1506 tur tria inconuenientia.
770 1496 1347 1541 1 Quia illud quod addet persona supra
760 1534 1349 1573 rationem suppositi non erit aliquid pertinens.
769 1568 1355 1607 ad dignitatem, quod patet esse falsum: nam
762 1603 1343 1642 ratio suppositi inuenitur in qualibet natura
766 1640 1344 1676 de genere substantiae; ratio autem personae
770 1672 1344 1721 in sola natura intellectuali; Consequentiam
772 1705 1338 1748 probo, quia ratio per se subsistentis non est
766 1745 1343 1790 aliud quam ratio suppositi; si ergo ratio per
765 1778 1342 1812 sonae dicit supra rationem pet se subsistentis
767 1812 1352 1861 illam negationem duplicis communicabilita
767 1847 1353 1896 tis, cum negatio illa nullam importet digni¬
768 1883 1347 1922 tatem sequitur quod persona non importet
762 1917 1352 1961 aliquam dignitatem supra rationem sup¬
777 1951 854 1996 posit,
796 1978 1357 2029 2 Quia ratio suppositi per se subsistentis
772 2021 1351 2071 non importabit prefatam regationem dupli¬
769 2057 1350 2097 cis communicabilitatis, sed expectabit eam a
771 2092 1357 2133 ratione personae sibi superaddente eam, quod
777 2125 1361 2174 patet esse falsum; nam inuenitur ratio sup¬
774 2167 1364 2218 posit per se subsistentis cum illa negatione¬
