1500 2340
212 174 742 218 Nec motiua eorum ad hoc cogunt. Nam
185 208 742 248 primum supponit quod illud, quod signifi¬
175 244 739 289 catur per nomen personae, non addat supra
179 279 739 317 conceptum entis, nisi negationes importan¬
177 316 741 356 tes perseitatem tertij modi, quod videtur es
168 351 735 393 se falsum, quia tunc significatum dicti nomi-
172 387 737 424 nis non esset quid formaliter pertinens ad
178 415 738 457 dignitatem, & dato etiam quod hoc esset ve
171 453 741 494 rum, non tamen propter hoc habent propo
174 488 736 536 situm, quia dicetur eis, quod quamuis sub¬
177 520 743 562 stantia, vel relatio non sit fundamentum di¬
175 554 737 592 ctarum negationum, poterit tamen esse ratio
174 591 747 628 fundandi. Secundum motiuum etiam non va
170 623 745 667 let, quia quod aliquid dicatur formale prin
174 657 739 702 cipium constitutiuum alicuius, hoc non pro
171 700 743 734 uenit ex eo, quod est forma participata, im¬
171 730 743 774 mo hoc non accidit, sed prouenit ex eo, quod
174 767 728 803 est principalis ratio essendi tale.
211 799 733 837 Est ergo alius modus dicendi ad istum arti
179 830 737 872 culum; Dicunt enim quidam, quod nomen per
171 863 739 903 sonae applicatum ad diuina significat substam
176 903 741 945 tiam, & relationem, quod probant per hoc,
173 934 733 976 quia de ratione personae in diuinis est, quod
169 971 731 1014 sit quid per se subsistens distinctum, & in¬
165 1002 734 1046 communicabile, & per consequens includit
169 1037 734 1081 in sua ratione substantiam, per quam est quid
167 1071 735 1119 subsistens, & relationem, per quam habet quod
162 1107 700 1152 sit quid distinctum, & incommunicabile¬
207 1134 743 1180 Addunt tamen, quod relatio non dat tale
164 1179 737 1218 esse distinctum, vt relatio est, quia sic non
169 1210 743 1255 daret distinctionem, nisi in esserolatiuo; dat
174 1244 733 1288 autem distinctionem in esse substantiali, & sup
174 1278 734 1327 positali, & ideo oportet dicere (secundum
171 1311 737 1356 eos ) quod hoc faciat inquantum proprietas
171 1348 735 1387 substantialis, scilicet, quia idem est quod di¬
172 1381 384 1423 uina substantia,
207 1414 735 1455 Addunt insuper quod quamuis nomen
166 1452 730 1495 personae in diuinis significet substantiam &
166 1487 730 1528 relationem non tamen significat aliquod isto¬
166 1515 729 1563 rum in recto, sed in obliquo, quia significa¬
162 1553 731 1589 tum dicti nominis se habet ad modum con¬
168 1589 732 1631 creti, concretum autem non importat formam
162 1619 696 1665 a qua descendit in recto, sed in obliquo.
206 1655 733 1702 lsta tamen opinio non potest stare propter
166 1694 728 1731 tria; Primo, quia respondet ad illud quod
167 1731 723 1769 non quaeritur, & omittit illud quod queri¬
164 1759 726 1804 tur, non enim queritur in isto articulo quid
169 1789 727 1835 significetur nomine personae in obliquo, sed
166 1831 724 1868 in recto; Ipsi autem laborant ostendendo, quid
169 1860 440 1908 significet in obliquo
197 1890 722 1938 Secundo dato, quod significet vtrunque
165 1932 722 1964 in obliquo ficut dicunt, adhuc debent osten
160 1963 724 2011 dere quid significet principaliter; & quia
167 2001 710 2035 hoc non faciunt insufficienter procedunt
207 2034 731 2068 Tertio non bene dicunt, quod relatio det
159 2060 723 2102 esse distinctum, non inquantum relatio sed
155 2100 728 2155 inquantum proprietas substantialis, quae est
773 165 1343 218 idem, quod diuina substantia; Tum quia se¬
770 213 1345 255 queretur substantiam esse principalem ra¬
779 245 1346 296 tionem distinguendi, quod est falsum, Tum
779 281 1341 324 quia frustra poneretur ibi manere relatio se¬
775 314 1347 363 cundum propriam rationem relationis; Tum
771 350 1343 391 etiam, quia sequeretur quod vna diuina rela
774 384 1338 426 tio haberet oppositionem ad aliam, non in¬
778 418 1341 471 quantum relatio, sed inquantum idem, quod
767 453 1281 492 diuina substantia, quod nullus diceret
806 491 1339 531 Motiuum etiam non valet, quia vbi rela¬
770 520 1342 563 tio non superuenit enti subsistenti, sed po¬
768 559 1341 599 tius praeuenit secundum nostrum modum in
775 590 1340 638 telligendi, ibi idem est distingui in esse sub¬
770 624 1340 678 sistenti, & in esse relatiuo; sic autem est in
773 659 998 704 diuinis, ergo &c.
800 673 1338 742 Est alius modus dicendi ad istum art. Di
768 726 1332 765 cit enim doctor quidam antiquus quod hoc
769 763 1332 808 nomen persona in diuinis significat relatio¬
775 798 1343 836 nem subsistentem, secundum quem modum
771 832 1332 877 relatio est idem, quod diuina hypostasis, &
771 869 1332 910 quia diuina hypostasis subsistit in diuina na
768 903 1334 947 tura, idcirco (secundum cos) hoc nomen per
764 932 1333 973 sona significando relationem subsistentem in
767 970 1339 1009 recto significat essentiam in obliquo. Addut
771 1001 1336 1042 tamen quod cum significat relationem sub¬
766 1041 1337 1082 sistentem in recto, non significat eam, vt rela
770 1071 1331 1119 tio est, & per modum relationis, sed per mo¬
775 1108 1002 1151 dum substantiae.
786 1143 1332 1182 Addunt insuper quod sicut significat rela
770 1176 1334 1225 tionem in recto, prout est idem, quod hypo
773 1210 1336 1249 stasis in diuina essentia subsistens ipsam ve¬
773 1246 1335 1292 ro essentiam in obliquo; ita e contrario si¬
766 1282 1330 1327 gnificat ipsam essentiam in recto inquantum
771 1313 1332 1363 essentia est idem quod hypostasis diuina sub
766 1349 1333 1388 sistens; relationem vero in obliquo, inquan¬
771 1387 1327 1424 tum dicta hypostasis est relatione distincta.
799 1414 1328 1453 Haec autem opinio non est omnino ratio¬
769 1452 1334 1498 nabilis propter tria; Primo quia ponit, quod no
766 1486 1323 1533 men personae significet essentiam in recto. p
766 1521 1324 1560 ut est idem quod hypostasis, hoc vero non
767 1554 1324 1600 videtur esse verum, quia illud, quod signifi¬
758 1589 1317 1632 catur in recto per nomen personae plurifica¬
761 1619 1321 1666 tur in diuinis, diuina tamen essentia nullo mo
761 1656 1115 1703 do ibi plurificatur, ergo &c.
793 1690 1317 1731 Secundo, quia ponit quod praefatum no¬
759 1727 1321 1770 men, quando significat relationem in recto,
759 1761 1317 1798 significet essentiam in obliquo, & e conuer¬
763 1796 1326 1838 so, quod etiam non videtur esse verum, quia
758 1830 1318 1870 nulla apparet ratio, quare debeat variati si¬
754 1865 1319 1907 gnificatio dicti nominis, immo apparet ratio
762 1896 1318 1935 ad oppositum, nam quia essentia, & re-
756 1932 1314 1980 latio femper sunt eodem modo idem quod
763 1965 1315 2015 diuina hypostasis, semper videtur, quod de¬
760 1997 1250 2045 beant verificari in recto eodem modo,
797 2035 1315 2073 Tertio, quia si relatio significaretur in o¬
757 2070 1323 2107 bliquo, quando essentia Verificatur in recto,
761 2103 1319 2159 sequeretur, quod non concurret et ad consti
