1500 2336
198 150 669 204 distinguere supposita, siue personas
237 197 737 237 Sed nec iste modus videtur conueniens
230 230 751 273 Primo, quia relatio, vt est subsistens, est
198 267 752 304 omnino idem quod persona: si ergo consti¬
199 299 750 346 tuit personam, vt subsistens, sequitur psonam
198 330 467 379 constituere seipsam.
232 369 755 407 Secundo, quia sequeretur, quod omnis re
200 402 753 440 latio in diuinis esset constitutiua, quod non
202 437 756 476 videtur esse verum, saltem de spiratione acti
199 473 750 516 ua; Consequentia apparet, quia omnis diui
197 504 519 551 na relatio est subsistens
232 539 761 583 Tertio, quia si subsistentia esset ratio con
201 571 755 610 stituendi, sequeretur, quod differentia con¬
203 606 761 644 stitutiua semper esset subsistens; quod est
199 641 621 677 falsum vniuersaliter in creaturis.
235 669 757 722 Respondeo ergo ipse breuiter, quod cum
209 707 756 753 queritur, vnde habeat relatio i diuinis, quod
198 750 748 786 possit constituere, & distinguere, quod hoc
199 785 750 821 habet, non inquantum relatio communiter
199 816 752 855 sumpta, sed inquantum talis relatio; inquan
197 847 749 889 tum enim talis relatio competunt sibi om-
195 883 753 929 nia, quae sunt de ratione differentiae con-
199 918 321 956 stitutiuae
250 950 751 988 vbi sciendum, quod si attendamus ad
205 982 755 1034 creaturas, ex quibus debemus, ad diuina con
207 1017 746 1060 cendere, duo videmus esse de ratione diffe
201 1050 751 1091 rentiae constitutinae, scilicet, quod sit essen¬
194 1085 752 1127 tialis, & quod sit propria, cum ergo ista duo
199 1126 747 1170 conueniant relationi diuinae, relinquitur, quod
194 1155 742 1203 possit habere rationem differentiae constitu
192 1192 753 1240 tiuae. Nam quod sit essentialis apparet, quia
190 1222 750 1262 in Deo non potest reperiri aliquod acciden¬
191 1263 752 1302 tale, vt conceditur ab omnibus, & suppono
197 1294 744 1331 ad praesens. Quod autem sit propria patet,
194 1329 752 1373 quia illa relatio, per quam ponitur persona
194 1360 752 1400 constitui, est omnino incommunicabilis alte
203 1398 746 1440 ri personae, & hinc est quod quamuis in di¬
197 1431 750 1468 uinis ponantur quatuor relationes, tres ta¬
194 1460 748 1506 men solae ponuntur proprietates, scilicet, pa
200 1494 751 1542 ternitas, filiatio, & spiratio passiua, spiratio
194 1531 744 1571 autem actiua non ponit in numerum cum
192 1566 747 1607 eis, vt sunt proprietates, sed vt sunt relatio¬
195 1599 739 1643 nes, & ideo dicuntur quatuor relationes
225 1634 745 1674 Ex quibus omnibus apparet, quod rela¬
190 1668 744 1711 tio potest habere rationem differentiae consti
192 1703 742 1745 tutiuae in diuinis; Tum quia essentialis; Tun
198 1742 754 1784 quia propria : e contra autem in creaturis,
188 1768 744 1812 nam quia deficiunt ei ambae dictae conditio¬
186 1804 744 1848 nes, vel saltem altera illarum, idcirco in nul¬
189 1837 741 1880 la creatura potest relatio habere rationem
197 1873 742 1914 differentiae constitutiuae, & haec de hoc arti¬
188 1906 741 1949 culo. Reliqua de relatione dubia in diuinis
186 1942 594 1988 locum habebunt in 35. distinct
201 2005 698 2051 ARTICVLVS QV.ARTVS.
192 2039 745 2087 Vtrum cum tribus proprietatibus relatiuis
216 2077 712 2134 possit stare aliquod suppositum absolutum.
867 232 1343 279 Vic artic. quidam affirmatiue respon¬
866 265 1259 308 dent, & hoc tripliciter probant.
854 292 1345 339 Omnis natura intellectualis per seipsam
782 334 1340 384 subsistens habet rationem suppositi, & perso
784 367 1337 408 nae: natura diuina est maxime huiusmodi,
789 404 1337 445 ergo &c. Maior patet per inductionem in
783 439 1339 475 Angelis, & hominibus. Minor probatur per
784 473 1340 517 P. Aug. 7. de Trin. cap. 18. vbi ait, quod om-
783 509 1369 549 nis res ad seipsam subsistit, quanto magis
791 542 1349 580 Deus: Constat autem, quod P. August. ibi
789 574 1351 616 loquitur de subsistentia absoluta, non de
778 608 902 649 relatiua.
819 645 1349 681 2 Omnis actio est per se alicuius suppo¬
783 678 1353 716 siti, inquantum tale suppositum: sed intelli¬
782 712 1341 756 gere, & velle in Deo, & creaturis non pos¬
787 748 1339 788 unt attribui alicui supposito relatiuo, inquam
781 789 1339 820 tum tale, quia nullo modo conuenirent alte
781 813 1345 857 ri correlatiuo since compositone, quod est fal
778 847 1344 885 sum: quapropter relinquitur, quod ibi opor
783 887 1349 927 teat dare aliquod suppositum absolutum, cui
782 917 1339 961 dicti actus attribuantur per se, & inquan¬
781 950 895 991 tum tale¬
812 979 1342 1025 3 Ista consequentia est vera, solus vnus
785 1019 1357 1058 Deus creat, ergo vna sola persona creat, sed
783 1054 1361 1095 ista non potest esse vera pro aliqua persona
778 1092 1345 1128 relatiua, quia sic aliae personae non crearent,
787 1123 1361 1165 quod est falsum; idcirco relinquitur, quod sit
780 1159 1343 1195 vera pro aliqua persona absoluta; Antece¬
787 1194 1339 1230 dens est notum, & probatur Consequentia,
791 1225 1343 1270 quia hoc nomen persona in plus se habet,
786 1265 1339 1306 quam hoc nomen Deus: llle autem proces¬
788 1295 1335 1336 tus, qui ex vnitate inferioris infert vnitaten
777 1329 1349 1368 superioris, videtur habere bonam consequen¬
787 1361 1345 1403 tiam, quia superius non plurificatur nisi plu
777 1402 1341 1438 rificato inferiori. Quare necessario sequitur,
783 1431 1339 1473 quod si solus vnus Deus creat, quod vna so
782 1464 1001 1513 la persona creet.
815 1499 1331 1536 Addunt insuper, quod istud dictum non
775 1533 1333 1573 est contra Fidem Catholicam, nec contra de
772 1567 1324 1605 terminationem Ecclesiae, quasi dictum sup¬
780 1608 1332 1644 positum absolutum ponat in numerum cum
783 1638 1331 1675 tribus relatiuis, quia tunc esset quaternitas
779 1668 1329 1706 in diuinis, quod manifeste est contra Fidem
783 1703 1327 1741 Catholicam, & determinationem Ecclesiae;
775 1740 1329 1776 contradicit enim illi decretali. (Damnamus)
782 1773 1328 1813 Quapropter est imaginandum (secundum
775 1807 1328 1847 istam opinionem) quod sicut opinio commu
776 1844 1331 1887 nis semper dicit, quod essentia est commu¬
772 1879 1333 1915 nis tribus personis, nec ponit in numerum
779 1909 1343 1953 cum eis; ita & istud suppositum absolutum.
781 1940 1331 1986 Preterea sicut essentia non generat, nec ge¬
773 1977 1332 2018 neratur, nec aliquis actus notionalis sibi at¬
771 2010 1341 2051 tribuitur, etiam hoc pacto dictum supposi¬
771 2051 1335 2086 tum absolutum (secundum istos) non gene¬
772 2076 1329 2133 rat, nec attribuuntur sibi actus notionales,
