1500 2297
196 161 745 203 sione: res autem scita, & visa nullo modo pro
206 203 752 242 prie loquendo potest dici scientia, vel visio,
209 229 744 269 dato etiam quod per actum visionis esset po
207 261 749 309 sita in aliquo esse intentionali, & apparenti,
200 301 574 343 vt isti imaginantur.
225 330 754 375 2 Praeterea in eodem lib de Trin. cap. 22
202 358 740 413 dicit, quod cum verbum de scientia mea gi¬
200 397 750 441 gnitur, vtrunque meum est, scilicet scientia,
211 431 749 475 & verbum, res autem cognita, & posita in
200 466 743 509 prospectu mentis meae per illud esse inten¬
200 494 751 544 tionale non est aliquid meum, ergo non est
202 531 326 573 verbum.
227 560 757 607 3 Si verbum esset res posita in tali esse ap
199 593 751 640 patenti, & intentionali, vt isti imaginantur,
198 631 743 673 sequeretur, quod formatio verbi nullo mo¬
197 669 747 709 mo esset ab ipsa re, quod est contra P. Aug.
196 698 745 746 1S. de Trin. cap. 10 vbi ait, quod forma¬
202 733 737 773 ta cogitatio ab ea re, quam scimus, verbum
201 765 747 817 est, Consequentiam probo, quia formans,
195 806 717 842 & formatum debent esse realiter distincta
222 830 738 871 4 Sequeretur quod intellectus formaret
196 865 732 904 verbum in quolibet suo actu; quod est con¬
202 896 743 943 tra intentionem August. in eodem 15. de
211 931 737 971 Trinit. cap. 15. vbi distinguit inter verbum,
196 968 743 1005 & cogitationem, & ideo vult, quod cum
201 998 747 1040 mens est in simplici actu cogitandi, verbum
193 1032 353 1076 non format.
234 1062 736 1108 3 Sequeretur, quod quaelibet potentia
192 1102 741 1146 cognitiua formaret verbum: quod non solum
194 1134 735 1173 est contra intentionem Aug. sed etiam con¬
196 1173 734 1210 tra intentionem omnium Sanctorum, qui de
194 1203 739 1245 verbo loquuntur, Consequentiam probo,
199 1238 743 1277 quia ponentes hanc opin concedunt, quod
197 1268 733 1306 quaelibet potentia cognitiua per actum co¬
189 1302 734 1350 gnitionis ponat rem cognitam in quodam es
205 1334 565 1378 se apparenti, & intentionali.
230 1346 734 1408 Propter quae omnia videtur simpliciter
203 1400 735 1436 tenenda conclusio negatiua, scilicet quod
203 1430 733 1477 verbum mentis nostrae non sit ipsa res intel¬
198 1466 736 1519 lecta, secundum quod existit apud intellectu
225 1558 697 1615 ARTICVLVS SECVNDVS
201 1607 743 1680 Vtrum verbum mentis nostrae sit aliquid in
228 1664 701 1708 haerens intellectui existens in eo subie
260 1697 677 1747 ctiue sicut species, vel sicut actus.
290 1733 648 1774 vel sicut conceptus formatus
389 1768 537 1809 per actum.
266 1898 733 1944 D istum articulum dixerunt aliqui, quod
200 1912 736 1981 verbum in, nobis est aliquid inhaerens
199 1966 656 2013 intellectui sicut species, propter duo
233 1996 738 2041 Primo, quia de ratione verbi est, quod sit
189 2028 732 2085 quaedam forma, & imago, quam intellectus
779 153 1333 207 habet apud se de re intellecta, dicente An¬
779 194 1329 245 selmo Monol. 32. que imago in cogitatione,
782 233 1320 275 verbum est eiusdem hominis quam cogitan¬
776 258 1321 311 do dico; sed species rei intellectae est talis
772 293 1215 343 forma, & imago; ergo &c.
806 313 1323 374 Secundo, quia de ratione verbi est repre¬
772 362 1323 411 sentare, & manifestare, vt patet per August.
775 395 1327 437 in pluribus locis, sed species rei intellectae
768 432 1321 483 representat, & manifestat, ergo videtur quod
774 461 977 513 ipsa sit verbum.
793 474 1324 539 ISTA autem opinio manifeste est con¬
765 529 1315 582 tra intentionem P. August. Tum quia osten¬
767 563 1317 602 sum est. supra ex intentione ipsius, quod
775 603 1311 649 verbum nascitur de memoria, & species
767 631 1318 676 non nascitur de memoria, Tum etiam, quia
766 662 1332 712 ostensum est ex intentione eiusdem, quod
775 698 1318 748 verbum est scientia de scientia, & visio de
766 728 1323 777 visione, quod nullo modo potest verificari.
767 764 1319 813 de specie; Tum vlterius, quia sequeretur,
764 796 1331 848 quod verbum praeueniret omnem actum in¬
763 831 1321 881 telligendi, & quod in qualibet potentia co¬
764 864 1326 913 gnitiua inueniretur ratio verbi; quae omnia.
764 898 943 944 sunt absurda.
797 914 1315 983 Motiua etiam superius inducta non comn¬
766 964 1311 1013 gunt, quia peccant per fallaciam consequen
763 1000 1305 1040 tis, procedendo a pluribus causis Veritatis ad
766 1029 1306 1074 vnam, non enim sequitur, quod si verbum
766 1064 1301 1102 est imago, quod sit haec imago, quae est spe¬
762 1099 1308 1138 cies; & eodem modo non sequitur, quod si
767 1134 1312 1179 verbum representat, & manifestat, quod pro
764 1165 1321 1216 pter hoc representet, & manifestet, sicut spe¬
767 1199 1317 1242 cies, quia potest hoc facere alio modo sicut
763 1233 1319 1286 actus secundum vnam opinionem, vel sicut
763 1263 1073 1312 species secundum aliam.
776 1275 1327 1350 ET IDEO est alia opinio magis ratio;
771 1331 1307 1373 nabilis, quae ponit, quod verbum in nobis
772 1367 1303 1412 non est aliud, quam actualis intellectio pro
765 1398 1304 1444 ducta, vel genita a nostra memoria, diuersifi
767 1439 1302 1476 cantur tamen tenentes hanc opin. in modo
766 1463 1302 1509 ponendi memoriam; Quia quidam eorum, di
767 1498 1307 1544 cunt, quod memoria, a qua gignitur actualis
759 1533 1301 1580 intellectio, quae est verbum, sit intellectus a¬
764 1567 1300 1610 gens simul cum phantasmate illustrato con¬
761 1597 1298 1649 niunctus intellectui possibili continenti om
758 1632 1302 1680 nia intelligibilia in potentia; Alij vero, di¬
761 1660 1301 1713 cunt, quod intellectus possibilis habens obie
761 1699 1306 1739 ctum intelligibile sibi praesens; siue per sei¬
764 1735 1298 1776 psum, siue per speciem tenet rationem me¬
766 1767 1301 1816 moriae, a qua gignitur verbum, quod non est
766 1803 1301 1842 aliud, quam ipsa actualis intellectio. Moti¬
763 1832 1299 1872 ua autem huius opinionis praecipua sunt au
758 1867 1306 1913 ctoritates Aug superius allegatae: & plures
764 1898 1300 1942 aliae, quae adduci possent ex intentione eius¬
760 1930 1303 1979 dem, in quibus omnibus appellat verbum
756 1972 1301 2016 mentis nostrae sub nomine notitiae, vel sub
761 2001 1305 2041 nomine cogitationis, vel sub nomine visio¬
757 2038 1311 2089 nis: Omnia autem nomina praefata non vi¬
