1500 2295
239 173 751 220 Tum quia quaero ab eis, an tale lumen sit
207 197 746 249 acquisitum vel infusum, si acquisitum, ergo
206 244 745 294 ignobilius lumine Fidei, & sic non habebi
209 278 755 326 maiorem claritatem, nec causabit maiorem
210 313 746 360 notitiam contra eos; Si infusum, tunc Apo
211 342 752 391 stolus fecisset mentionem de eo, sicut de Fi-
208 378 752 420 de, deberet enim computari inter virtutes
214 411 747 453 Theologicas, etiam magis quam Fides, quia
212 442 754 495 perfectius tendit in obiectum Theologicum,
214 477 746 525 Item videretur, quod tale lumen infunde¬
205 511 751 559 retur in Daptismo vna cum alijs donis, & vir
204 543 756 585 tutibus, & per consequens omnibus commu
199 585 750 633 niter infunderetur, quod tamen est falsum.
233 615 749 660 Secundo ponit, quod habeatur scientia
200 645 752 690 de credibilibus in praefato lumine, quod ent
200 678 753 730 videtur falsum, Tum quia scientia, & Fides,
199 717 752 761 de eodem habent expressam repugnantiam
202 746 746 792 maxime ex parte obiecti, quia de ratione
203 785 741 822 obiecti Fidei est, quod sit non apparens, &
201 814 743 860 ideo comprehenditur, vt non visum: de ra¬
198 845 742 893 tione autem obiecti scientiae est, quod sit de¬
201 889 750 927 monstratum, & apparens, modo demonstra
201 913 730 964 tum, & non demonstratum contradicunt.
243 943 745 996 Tum quia constat, quod Fides, & scientia
192 973 749 1031 de eodem sunt duo habitus subordinati; vide
198 1013 741 1064 mus autem in formis subordinatis, quod ad¬
206 1046 740 1097 ueniente forma nobiliori cedit ignobilior,
202 1080 748 1130 quia superior continet, quicquid perfectio¬
200 1112 745 1162 nis est in inferiori : scientia autem, quando
200 1156 742 1191 est de eodem obiecto cum Fide adueniente,
207 1182 741 1232 Eides cessare debet: Contradicunt ergo sicus
197 1226 743 1263 formaliter perfectius cum imperfecto sibi
198 1249 747 1291 subordinato: Nec potest negari talis subor¬
196 1281 744 1328 dinatio, quia impossibile est, quod duae for¬
199 1318 748 1357 mae respicientes idem obiectum, & recepti¬
197 1352 747 1404 biles in eodem subiecto non habeant ordi¬
203 1385 378 1431 nem inter se
237 1410 744 1463 Tum quia habentes scientiam per hoc
193 1448 752 1494 lumen medium, non inniterentur Fidei sal¬
199 1492 741 1531 tem de necessitate, quod est falsum: quia
194 1521 745 1562 quicunque Theologus semper innititur Fi¬
203 1553 735 1590 dei. Consequentia patet, nam habens cla¬
199 1584 747 1636 rius lumen, necessario non innititur inferio.
195 1618 737 1667 ri, aut minori; quia ostensum fuit superius,
195 1658 736 1698 quod veritas Fidei non potest demonstrari,
204 1685 741 1735 quamuis demonstrari possint defectus ratio¬
197 1718 740 1767 num contra illas: quandiu ergo talis veri¬
202 1759 744 1797 tas subest lumini Fidei, non potest haberi de
197 1794 736 1833 ea scientia. Quod etiam confirmo, quia me¬
200 1823 740 1867 ritum Fidei exigit non posse habere scientiam
203 1856 743 1900 demonstratiuam de ea; Fides enim non ha¬
198 1888 747 1939 bet meritum (inquit Oregorius) vbi huma¬
193 1918 592 1974 na ratio praebet experimentum
238 1955 748 1995 Tertio ponit praefata opinio, quod in lu¬
195 1994 744 2027 mine Fidei solo non possit haberi maior no¬
203 2017 740 2066 titia de credibilibus illa, quam habet simplex
198 2061 752 2112 fidelis, quod est falsum: non enim oportet,
786 168 1328 223 quod omnes, qui conueniunt in vno lumi¬
779 207 1330 256 ne, habeant aequalem notitiam de his, quae
784 246 1337 287 possunt cognosci in tali lumine: nam vide¬
782 279 1329 319 mus, quod omnes conueniunt in lumine na
780 316 1328 355 turali, & tamen non habent aequalem noti¬
782 347 1331 387 tiam de his, quae possunt cognosci naturali¬
787 378 1326 417 ter: similiter constat, quod omnes beati com
786 417 1332 453 ueniunt in lumine gloriae, & tamen non omnes
789 442 1303 486 vident aequaliter illud obiectum beatificum.
816 482 1326 528 Ex quo etiam apparet, quod non est ne¬
778 510 1331 556 cesse ponere tale lumen, dato etiam quod
782 547 1326 592 esset possibile: nam possumus saluare, quod
779 579 1328 625 in eodem lumine fidei maiorem notitiam ha
783 614 1326 649 beant Theologi de credibilibus, quam simpli
781 651 1325 686 ces fideles propter habitum acquisitum in
777 682 1328 727 exercitio studij; sicut etiam in eodem lumi¬
778 714 1328 753 ne naturali vnus philosophus naturalis ha¬
783 747 1329 784 bet maiorem notitiam de rebus naturalibus,
784 781 1333 825 quam vnus rusticus, quia habet habitum scie
785 819 1293 861 tiae naturalis studio, & labore acquisitum.
813 847 1324 898 Ad argumenta opinionis contrariae faci¬
778 866 1043 926 le responderi potest.
813 918 1325 963 Ad primum cum dicitur, quod contraria
781 949 1327 987 remissa, & recedentia a proprijs excellen¬
782 985 1318 1028 tijs possunt stare simul, dico, quod non pos¬
773 1017 1325 1052 sunt stare simul, tamquam duae formae actu
782 1051 1324 1095 distinctae; nam (sicut tangebatur superius) me¬
775 1083 1323 1125 dium comparatum ad extremum habet ra¬
777 1119 1321 1164 tionem alterius extremi: sicut ergo extremum
780 1154 1323 1194 cum extremo non potest stare, ita nec cum
772 1186 1323 1224 medio. Si vero accipiantur contraria, vt con¬
778 1219 1329 1257 currunt in vna media forma continente ex¬
778 1253 1325 1292 trema virtualiter, & indistincte, sic stant si¬
776 1291 1332 1324 mul, sicut albedo, & nigredo in medio colo
781 1323 1333 1365 re virtualiter continentur remissae a proprijs
779 1356 1323 1394 excellentijs: Notitia autem fidei, & scientiae
777 1384 1323 1431 possunt stare simul, per istam opinionem,
774 1423 1319 1459 non tanquam constituentes vnam mediam
776 1452 1325 1494 notitiam, in qua se compatiantur, quia sic
773 1487 1321 1530 bene dicerent, sed tanquam duae distinctae
777 1519 1322 1569 notitiae (vt superius visum est) & propterea
774 1553 932 1599 decipiuntur,
810 1586 1330 1628 Ad secundum, Cum dicitur: Non plus
766 1622 1324 1658 sciet Theologus, quam simplex fidelis, patet,
777 1653 1323 1696 quod hoc non est necessarium, & ideo sim¬
777 1686 1091 1736 pliciter negandum est.
811 1720 1317 1766 Ad tertium. Quod Nullus viator posset
783 1750 1319 1795 efuenire ad scientiam de credibilibus, dico,
775 1796 1329 1833 quod verum est, loquendo de scientia pro¬
780 1828 1320 1865 prie dicta, quae est habitus demonstratiuus
777 1855 1319 1891 ex indemonstrabilibus, & per se notis proce
773 1886 1323 1923 dens, bene tamen potest peruenire ad aliquen
780 1922 1324 1963 habitum, qui habeat magnam similitudinem
777 1961 1323 2004 cum scientia, qui quantum ad aliquem suum
783 1988 1325 2032 processum per rationes probabiles, sicut opi
774 2025 1322 2062 nio, procedit: quantum vero ad firmum as¬
779 2056 1329 2106 ensum procedit vt scientia, quia Veritati con
