1500 2302
235 161 772 218 verbum in nobis sit actualis intellectio; di¬
229 208 777 248 cunt tamen, quod hoc non obstante, verbum
226 243 767 280 in diuinis dicitur tantum notionaliter: cuius
231 283 772 315 ratio est (secundum eos) quia verbum, & ver
228 310 767 352 batio significant idem, quamuis differant in
227 341 765 384 modo significandi, sicut concretum, & ab¬
227 376 769 419 stractum. Verbatio autem est quaedam pas¬
226 414 764 451 siua expressio eius quod est in intellectu, &
231 441 767 480 ideo connotat notitiam, cuius est expressio, esse
223 481 766 524 autem sic passiuam expressionem competit
220 516 772 552 soli filio, quapropter concluditur, quod ver
231 544 752 582 bum in diuinis dicatur mere notionaliter.
250 575 762 613 HAEC autem opinio quamuis videatur in
228 612 764 650 conclusione esse vera, & secundum intentio
221 643 767 685 nem August. deficit tamen in modo ponen¬
228 680 424 720 di propter tria
259 705 760 751 Primo, quia ostensum est supra contra
222 741 767 790 eos, & contra alios, quod verbum in nobis
225 780 620 814 non est ipsa actualis intellectio.
256 807 758 850 Secundo, quia dicunt, quod verbum, &
226 850 765 884 verberatio differunt sicut concretum, & ab¬
227 877 760 919 stractum : hoc autem non videtur verum,
225 912 761 956 quia Verbatio non importat aliud, quam ip¬
226 943 758 983 sam relationem filij; verbum vero importai
219 975 766 1019 ipsam personam filij: relatio autem personae
227 1008 766 1050 nlij, & ipsa persona filij non differunt sicut
218 1048 760 1084 concretum, & abstractum, immo sicut spe¬
218 1071 762 1120 cies constituta, & differentia specifica con¬
220 1111 338 1160 stitutiua
266 1139 760 1184 Tertio deficit, quia ponit quod verbum
225 1173 768 1218 connotet notitiam cuius est expressio; quod
227 1208 758 1250 etiam non videtur verum, quia si connota¬
219 1244 762 1288 ret notitiam haberet realem relationem ad
227 1285 763 1318 eam, & quia notitia est quid essentiale, se¬
218 1308 767 1352 queretur, quod haberet relationem realem
227 1343 390 1388 ad essentiam
256 1378 764 1418 Et ideo qui ponunt, quod verbum in no¬
228 1408 760 1446 bis non sit aliud, quam res intellecta posita
221 1445 762 1484 in esse obiectiuo, & apparenti (quorum opi¬
217 1474 748 1519 nio fuit superius recitata, & improbata) di
223 1510 766 1555 cunt in proposito, quod verbum in diuinis
221 1543 766 1583 non est aliud, quam Deus positus in esse ob
214 1579 758 1618 iectiuo conspicuo, & apparenti; non quidem
220 1608 760 1650 intentionaliter, sed realiter, tale autem esse
221 1640 760 1684 soli filio competit vt dicunt, & ideo solus fi
223 1679 755 1715 lius dicitur verbum, ac per consequens ver¬
222 1709 754 1747 bum in diuinis dicetur solum notionaliter,
224 1747 760 1787 & non essentialiter, quod autem solus filius
217 1776 758 1821 sit Deus positus in tali esse conspicuo, & ap
227 1807 753 1848 parenti, lpsi probant, quia sicut filius subsi¬
219 1848 760 1890 stit personaliter per hoc, quod est poni in
217 1879 754 1917 tali esse conspicuo, ita Pater per hoc, quod
220 1906 754 1958 est actiue ponere in tali esse, & Spiritus San
227 1942 752 1985 ctus per hoc, quod est poni in esse dato per
222 1977 760 2023 vim amoris; nulla ergo persona ponitur in
219 2013 752 2057 tali esse conspicuo nisi soius filius. Nec va¬
224 2040 750 2099 let si dicatur, quod pater sibi ipsi est prae¬
798 162 1334 212 sens, ergo ponit seipsum in aliquo esse con¬
799 209 1351 247 spicuo. Quia Pater, prout est sibi praesens
805 242 1343 284 n esse conspicuo, est ipsemet Deus filius;
806 280 1334 321 quia idem est Deus Pater, qui ponit in ta¬
798 307 1342 350 li esse; & Deus filius, qui ponitur in tali es¬
792 342 1336 383 se, & non differunt aliter, nisi penes pone¬
795 377 941 420 re, & poni
823 406 1337 454 HAECautem opinio licet sufficienter fue
797 439 1338 483 rit improbata superius in suis fundamentis;
792 476 1337 511 & etiam quantum ad istam conclusionem
799 509 1335 551 aliqualiter in 1o. dist: induco tamen adhuc
792 542 1188 588 contra eam tria inconuenientia.
826 571 1338 617 Primum est, quia pater non habet esse con
794 607 1343 652 spicuum, & per consequens nec esse intelli¬
799 641 1331 686 gibile, nisi mediante filio, & ita caperet es¬
787 675 1338 717 se intelligibile a filio, quod non videtur be¬
792 708 929 755 ne dictum.
820 742 1327 784 Secundum est, quia pater cognosceret se¬
785 776 1329 814 ipsum, & omnia alia in filio, & per solum fi-
793 814 1333 861 lium, & non in seipso, nec per seipsum, quod
790 850 1329 888 non est sane dictum, & est contra Aug. 15.
790 877 1336 918 de Trin. cap. 14. vbi ait, quod Deus pater no
799 913 1339 948 nit omnia in seipso, nouit etiam in filio, Con
787 945 1338 989 sequentiam probo, quia secundum viam eo
789 980 1339 1014 rum, omne, quod cognoscitur ab aliquo in¬
793 1009 1336 1050 tellectu, oportet quod ponatur necessario
790 1046 1339 1087 in prospectu eius sub aliquo esse conspicuo;
786 1074 1332 1113 sed illud esse cospicuum in diuinis non est¬
790 1112 1334 1148 nisi esse verbi, quod est proprium filio, vt
790 1143 1339 1189 ipsi dicunt, ergo omnia, quae ponuntur co¬
799 1178 1339 1218 gnoscenda in prospectu paterui intellectus,
799 1207 1332 1246 ponuntur per esse conspicuum, quod est so¬
796 1242 1338 1286 ius filij, & per consequens Deus pater in so
791 1277 1295 1315 lo filio cognoscit seipsum, & omnia alia.
815 1308 1336 1353 Tertium inconueniens est, quia Philoso¬
798 1341 1335 1389 phi non posuissent aliquam cognitionem, nec
783 1378 1331 1420 aliquam scientiam in Deo; quod patet esse
793 1410 1335 1454 falsum: Consequentiam probo, quia (secu¬
785 1442 1332 1488 dum viam istorum) vbicunque est aliqua co¬
789 1475 1328 1524 gnitio, ibi est ponere, & poni in esse conspi¬
795 1510 1333 1556 cuo, sed philosophi non posuerunt istas duas
782 1541 1332 1582 differentias in Deo, ergo non potuerunt ibi
793 1578 1328 1614 ponere aliquam cognitionem; Minorem pro¬
790 1608 1324 1645 bo, quia vel posuissent istas differentias in
791 1640 1330 1679 Deo realiter, vel intentionaliter; non reali¬
791 1677 1327 1720 ter, quia tunc cognouissent realem distin¬
786 1710 1323 1749 ctionem personarum, nec etiam intentiona¬
783 1743 1325 1791 liter, quia, cum posuerint eum summe per¬
784 1775 1331 1819 fectum, non potuerunt ponere in eo aliquid
783 1817 1156 1854 intentionale, vel diminutum.
804 1845 1333 1883 PROPTER quae omnia videtur esse ali¬
781 1880 1330 1916 ter dicendum, etsi non quantum ad conclu¬
786 1910 1329 1953 sionem, saltem quantum ad modum deducen
783 1944 1330 1980 di eam. Conuenio ergo in conclusione cum
789 1977 1328 2019 hac opinione, & ideo dico, simpliciter, quod
784 2015 1326 2055 verbum in diuinis sumitur mere notionali¬
787 2042 1332 2098 ter. Ad cuius confirmationem possum in¬
