1500 2291
204 180 742 228 secundum quod habet rationem primae pro
206 225 744 269 prietatis in diuinis est omnino incommuni¬
206 260 744 300 cabilis; nec sufficit dicere, quod innascibili¬
210 292 746 331 tas est incommunicabilis, & est pertinens ad
209 326 745 367 dignitatem, quia vltra hoc requiritur quod
214 357 748 401 sit prima proprietas, & quod dicat aliquan
210 395 743 431 rationem posituam, si debet constituere per
206 427 742 472 sonam Patris, quae quidem nullo modo com
209 459 742 500 perunt innascibilitati, vt superius ostensum
214 497 742 536 est. Patet ergo quid sit dicendum quantum
209 523 749 566 ad istum aiticulum, & quantum ad totam
217 556 379 603 quaestionem.
247 587 711 631 AD RATIONES PRINCIPAtES.
288 620 751 662 D primam dicendum, quod esse a se
214 634 742 703 potest habere duplicem significatio.
214 697 747 734 nem in diuinis: nam vno modo significat
216 724 749 767 primam principalitatem, & isto modo dicit
215 763 751 803 rationem posituam, alio modo significat ne¬
217 786 756 832 gationem originis ab alio, & isto modo dicit
215 825 743 870 rationem negatiuam, & ideo ratio non pro¬
209 857 291 898 cedit.
244 886 746 933 Ad secundam vero rationem patet quid
213 922 746 964 sit dicendum, per illud quod dictum fuit in
211 956 435 1000 secundo articulo.
249 990 749 1030 Ad tertiam rationem dicendum, quod per
214 1024 753 1060 hoc quod Damascenus nominat solam in
211 1059 743 1106 generationem, non intendit excludere ali¬
213 1088 752 1132 quam proprietatem, per quam Pater consti
218 1124 752 1164 tuatur in esse personali, immo potius dat
217 1157 420 1201 eam intelligere.
244 1213 711 1258 DISTINCTIONIS xxIx.
294 1283 671 1335 QV.AESTIO VNICA
220 1352 746 1396 Vtrum hoc nomen principium dicatur secu
248 1388 719 1432 dum vnam rationem de principio di¬
278 1427 689 1467 uinarum personarum, & de prin
278 1453 623 1501 cipio creaturarum.
235 1617 743 1658 ARGVITVR PRO PARTE
407 1653 575 1695 affirmatiua.
243 1682 753 1728 TVNC aliquod nomen dicitur de plu
297 1716 745 1755 ribus secundum vnam rationem, quam
206 1752 748 1799 do illa plura conueniunt in vna ratione es¬
210 1784 748 1830 sendi secundum illud nomen, sed nomen
208 1818 751 1862 principij diuinarum personarum, & princi¬
216 1852 753 1895 pij creaturarum conueniunt in vna ratione
217 1886 750 1928 essendi, quae est dare esse principiato, ergo
214 1919 748 1958 &c. Maior est nota, Minorem probo, quia
208 1956 755 1992 hoc nomen principium est impositum prin¬
208 1984 748 2030 e pio diuinarum personarum, & principio
212 2018 746 2061 cireaturarum ad significandum, quod vtrun
210 2052 664 2106 que illorum det esse suo principiato.
802 175 1320 229 2 Minus differunt principium diuinarum
770 223 1318 270 personarum, & principium cteaturatum, quam
773 255 1313 302 generatio actiua secundum quam pater
774 298 1300 328 est principium Filij, & spiratio actiua
779 323 1317 369 secundum quam Pater & filius sunt princi¬
779 353 1323 402 pium Spiritus Sancti, sed hoc nomen princi
784 393 1322 427 pium dicitur vniuoce de generatione actiua
774 425 1320 463 Patris, & de spiratione actiua Patris &Filijj
772 458 1324 497 ergo dicetur secundum vnam rationem de
781 492 1317 538 principio diuinarum personarum, & de prin
777 521 1310 567 cipio creaturarum. Maiorem probo, quia ge
778 560 1314 595 neratio actiua Patris, & spiratio actiua Pa¬
776 587 1310 627 tris, & Filij videntur distingui realiter, cum
775 623 1321 668 sint duae relationes reales, principium aute
776 657 1314 702 diuinarum personarum, & principium crea¬
784 691 1300 728 turarum nullo modo distinguuntur realiter
780 721 1314 765 quia non sunt plures res absolutae, cum abso
777 757 1309 798 luta in diuinis non plurificentur; nec etiam
785 789 1314 828 plures res relatiuae, cum nulla sit realis rela¬
776 824 1313 860 tio in Deo respectu creaturae: Probo etiam Mi¬
779 857 1315 893 norem, quia illa principia, quae principiant
779 889 1311 933 non solum in similitudinem naturae, sed in idem
776 923 1311 969 titatem, videntur maxime eiusdem rationis; ge
779 957 1311 993 neratio actiua, & spiratio actiua sunt huius¬
774 989 1322 1035 modi, vt de se patet, ergo hoc nomen princi¬
789 1020 1315 1069 vium dicetur de eis maxime secundum ean¬
776 1057 966 1096 dem rationem.
775 1081 1312 1127 PRO PARTE AFFIRMATIVA
989 1122 1089 1166 avguitur
776 1151 1318 1207 1QI hoc nomen principium diceretur vni
810 1188 1314 1233 Quoce de principio diuinarum persona¬
782 1221 1311 1269 rum, & de principio creaturarum, sequere¬
776 1262 1311 1302 tur quod sicut principium diuinarum per¬
776 1290 1321 1331 sonarum est necessarium in principiando, ita
782 1322 1316 1369 etiam esset & principium creaturarum: quod
791 1354 982 1397 atet esse falsum
815 1393 1316 1428 2 Sequeretur, quod sicut principium di¬
776 1419 1321 1464 uinatum personarum habuit suam principia¬
776 1461 1312 1498 tionem in aeternitate, ita & principium crea
779 1489 1265 1530 turarum, quod etiam patet esse falsum.
802 1519 1313 1561 RESP ONDE O: In ista quaestione
774 1553 1002 1598 duo sunt videnda
850 1582 1314 1633 Vtrum hoc nomen principium dicatur
774 1620 1312 1666 de principio diuinarum personarum, & prin
775 1652 1313 1692 cipio creaturarum secundum vnam rationem,
807 1690 1313 1732 2 Vtrum princirium filij, quod est gene¬
779 1722 1313 1760 ratio actiua, & principium Spiritus Sancti,
785 1754 1304 1802 qud est spiratio actiua realiter distinguantur.
847 1816 1254 1858 ARTICVLVS PRIMVS.
775 1886 1318 1926 An principium dicatur secundum eandem
806 1921 1277 1964 rationem de principio personarum, &
964 1956 1127 1995 creaturarum.
868 2017 1319 2061 Vantum ad hoc quidam dicunt, quod
820 2052 1316 2108 a principio diuinarum personarum, &
