1500 2345
149 174 716 219 a principio creaturarum potest abstrahi vnus
154 217 715 264 communis conceptus, & vna communis ra¬
153 252 715 291 tio secundum quam principium dicatur vni¬
150 283 719 332 uoce de vtroque, hoc autem probant tripli¬
159 319 243 359 citer.
189 349 720 399 1 Sicut se habet causa vniuoca causans
152 384 714 426 in unitate speciei ad causam aequiuocam cau
154 423 717 467 sante in diuersitate speciei, ita principium di
158 456 712 499 uinarum personarum principians in identi¬
154 492 710 534 tate naturae, ad principium creaturarum prin¬
163 524 725 567 cipians in diuersitate naturae: quia vtrobiqu
162 558 718 600 videtur esse eade proportio: sed causa vniuo¬
155 595 713 631 ca, & aequiuoca possunt concipi vno conmu¬
158 627 725 668 ni conceptu causae efficientis, qui tamen est
161 669 723 708 maioris latitudinis, quam conceptus princi¬
158 699 724 745 pij, ergo multo magis principium diuinarum
169 735 717 778 personarum, & principium creaturarum po
161 770 727 811 terunt concipi vno communi conceptu prin
159 799 719 846 cipij principiantis, cum talis communitas sit
158 832 419 872 minoris latitudinis
188 867 729 914 2 Illa, secundum quae potest fieri compa
154 899 722 945 ratio adinuicem, habent vnam communem
159 938 731 981 rationem, quia in aequiuocis non est compa¬
158 975 729 1008 ratio, sed P. Aug. facit comparationem inter
165 1005 728 1055 principium creaturarum, & principium diui
161 1040 731 1080 narum personarum. 5. de Trin. cap. 14. dices,
165 1077 723 1124 quod sicut Pater, & Filius vnus Deus dici¬
169 1108 725 1149 tur, & ad creaturam relatiue vnus creator,
165 1141 728 1184 & vnus Dominus, sic relatiue ad Spiritum
164 1177 735 1224 Sanctum refertur vt vnum principium; er-
162 1219 678 1259 go habent vnam communem rationem.
192 1247 735 1294 3 Si aliqua causa esset, quare dicta princi
173 1279 725 1319 pia non haberent vnam communem ratio¬
169 1322 731 1358 nem, maxime videretur esse ista, scilicet quia
162 1352 726 1396 principiatio principij diuinarum personarum
164 1385 725 1428 est prior principiatione principij creaturarum
171 1418 725 1455 & causa illius, & etiam quia ipsa est necessa¬
171 1454 728 1497 ria, & illa contingens, hoc tamen propositum
169 1490 736 1530 non impedit, nam videmus, quod sol est prior
171 1518 737 1567 flore, & est causa eius, tamen hoc non obstam
175 1552 737 1600 te a sole, & a flore potest abstrahi vnus com
169 1590 726 1625 munis conceptus, & vna conmunis ratio sub¬
171 1623 736 1671 stantiae. Praeterea, videmus, quod quaedam
174 1661 733 1703 proposito est contingens, & quaedam neces
171 1690 738 1740 saria, & tamen hoc non obstante potest ab
164 1725 733 1774 eis abstrahi vna communis ratio proposito¬
167 1763 730 1801 nis, ergo pari ratione poterit ita esse in pro¬
174 1788 301 1841 posito.
199 1828 731 1878 Haec autem opinio videtur deficere in se,
169 1856 729 1910 & in suis motiuis; & quod deficiat in se pa¬
172 1899 732 1941 tebit infra quando probabitur opposita concl.
178 1936 736 1975 Quod autem deficiat in suis motiuis apparet
174 1965 544 2014 discurrendo per singula.
205 2002 731 2049 Primum nanque dupliciter deficit, pri¬
169 2037 737 2081 mo, quia videtur supponere, quod totum ge¬
170 2072 733 2107 nus causae efficientis habeat vnum commu¬
175 2105 734 2152 nem conceptum, quod quidem dictum omni
745 175 1301 222 no est falsum, nam cum causa efficiens inue¬
743 222 1305 261 niatur non solum in genere substantiae, sed
751 257 1299 293 etiam in genere accidentis, sequeretur quod
750 285 1305 326 substantia, & accidens haberent vnum con¬
746 325 1304 364 ceptum, vel oporteret dare quod dam aliud
746 360 1300 406 genus, quod nec esset genus substantiae, nec
743 390 1175 435 accidentis, quod patet esse falsum.
773 423 1305 472 Secundo deficit, quia supponit, quod sit
751 462 1303 507 eadem proportio principij diuinarum perso
745 494 1301 539 narum ad principium creaturarum; quae est
755 528 1308 570 causae efficientis aequiuocae ad causam efficien
747 560 1309 605 tem uniuocam, quod videtur esse falsum;
747 594 1309 634 quia causa vniuoca, & aequiuoca possunt ita
750 635 1309 670 se habere, quod concurrant in vnum & eun
747 669 1300 715 dem effectum, principium autem diuina¬
751 700 1301 737 rum personarum, & principium crea¬
749 734 1312 778 turarum nunquam possunt concurrere in
747 764 977 811 idem principium.
786 801 1308 842 Secundum etiam motiuum deficit; quia
752 841 1304 875 accipit pro eodem comparationem, & pro¬
758 868 1313 919 portionem, cum tamen sit inter eas magna
757 901 1307 952 differentia; nam comparatio proprie dicta
759 937 1315 976 requirit non solum vnitatem generis, sed et
756 971 1317 1014 vnitatem speciei, proportio vero potest esse
761 1010 1307 1046 inter ea quae sunt alterius generis, sicut inter
758 1041 1315 1082 accidens, & substantiam, & ideo propter di¬
763 1076 1311 1120 ctum P. Aug. superius allegatum non opor¬
764 1112 1310 1154 tet ponere comparationem inter principium
761 1146 1315 1196 diuinarum personarum, & principium crea
759 1177 1317 1227 turarum, sed sufficit ibi ponere aliqualem
765 1212 942 1257 proportionem
795 1235 1315 1291 Tertium etiam motiuum deficit accipien
756 1285 1317 1329 do non causam vt causa: Nam causa quare
765 1318 1323 1358 de utroque principio non possit haberi vna
760 1353 1323 1395 communis ratio, & conceptus, non est aliqua
767 1386 1315 1427 llarum quae assumptae sunt, sed aliqua alia,
758 1417 1209 1460 vel aliquae aliae, vt inferius patebit.
795 1456 1318 1490 Est ergo alius modus dicendi. Dicunt n¬
771 1494 1327 1534 quidam, quod nomen principij dicitur aequi
762 1525 1316 1559 uoce de principio diuinarum personarum, &
772 1557 1315 1594 principio creaturarum, quia (secundum eos)
767 1594 1315 1635 dem significatur per hoc nomen principium,
763 1624 1324 1666 & per hoc nomen potentia actiua, in cuius si
762 1657 1319 1703 gnum potentia actiua definitur per esse
774 1689 1329 1734 principium agendi; vel transmutandi, sicut
773 1725 1322 1765 atet 7. Metaph & quia potentia actiua di¬
766 1768 1321 1806 citur aequiuoce, & non secundum vnam ra¬
766 1796 1327 1839 tionem respectu diuinarum personarum, &
759 1828 1329 1873 respectu creaturarum, idcirco inferunt, quod
760 1861 1324 1910 nullum principium, dicatur aequiuoce de
770 1899 1326 1942 principio sumpto vtroque modo, quod auten
776 1932 1323 1979 otentia dicatur aequiuoce respectu diuina¬
759 1971 1327 2014 rum personarum, & respectu creaturarum
763 2000 1335 2043 probant per hoc, scilicet quia potentia actiua
762 2042 1329 2080 respectu creaturarum dicitur proprie actiua,
762 2071 1327 2112 tum quia est aliud genus proprie dictum quod
758 2102 1329 2154 est distinctum ab ipso esse; Tum quia ha¬
