1500 2282
219 171 756 214 ex sola appellatione relatiua, quam habent
227 209 352 252 extrinsece
265 232 757 281 VIDETVR ergo aliter esse dicendum,
223 274 755 312 & idcirco scire oportet, quod communiter
223 310 749 344 omnes Doctores in hoc videntur concorda
228 336 755 384 re, quod Deus non referatur ad creaturam
224 374 750 410 alqua relatione reali, & ideo Magister i ista
229 405 753 441 distinctione dicit, quod appellatio illa, qua
224 437 752 475 Creator relatiue dicitur ad creaturam, relati
222 474 749 509 ua quidem est, sed nullam notat relationem,
227 504 761 544 quae sit in creatore, quae autem sit causa huius
227 538 755 575 videre non est facile: nam Doctores moder
221 567 755 605 ni, qui in dicta conclusione concordant, in
231 602 753 641 redendo tamen causam dicti, multo diuersi¬
226 634 331 676 ficantur
255 661 753 711 Dicunt ergo quidam, quod tota causa, qua
227 700 757 739 re relatio Dei ad creaturam non sit realis, est
225 735 748 771 sumenda ex parte fundamenti; nam (secun¬
222 769 752 804 dum eos) ista est regula generalis in omnibs
227 800 755 844 relationibus, scilicet, quod ideo aliqua rela¬
227 833 757 873 tio est realis, quia habet tale fundamentum,
223 869 750 911 quod ex sui natura exigit habere alterum
216 901 755 939 terminum, quando vero habet tale fundamen
224 934 750 972 tum, quod ex sui natura non exigit habere
221 967 755 1006 alium terminum, tunc non est realis, quod
223 998 751 1035 autem ita sit in proposito potest probari tri¬
224 1025 530 1075 pliciter ex dictis eorum.
255 1057 759 1098 1 Illud, quod innascitur intrinsecus ex
228 1095 757 1140 ipso fundamento, habet, quod sit quid reale
223 1132 755 1167 ex natura sui fundamenti, relatio est huius¬
229 1162 759 1205 modi, quia in hoc differt ab alijs sex praedi¬
231 1192 757 1240 camentis extrinsecus aduenientibus, ergo &c
262 1226 751 1266 2 Sicut se habet habitudo essendi in alio
225 1259 749 1298 ad suum fundamentum, ita habitudo essen¬
220 1294 751 1328 di ad aliud, sed habitudo essendi in alio ad
224 1326 757 1364 suum fundamentum est, quod si debeat esse
219 1358 755 1397 realis, requirit necessario tale fundamentum,
229 1390 742 1431 quod ex sui natura coexigat habere subie
230 1426 757 1462 ctum, in quo realiter sit, ergo & habitudo es
224 1455 745 1491 sendi ad aliud si sit realis, requirit necessa¬
224 1491 752 1524 rio tale fundamentum, quod ex natura sua
225 1523 754 1569 coexigat habere alterum terminum ad quen
219 1552 322 1594 dicatur.
250 1584 746 1632 3 Manifestum est, quod coexigentia, qua
224 1621 751 1658 relatiuum secundum esse coexigit suum cor
224 1656 754 1700 relatiuum est maior, quam illa, qua relatiuum
220 1686 751 1725 secundum rationem coexigit suum correla¬
227 1719 749 1758 tiuum, sed relatiuum secundum rationem
223 1754 741 1792 coexigit suum correlatiuum ratione respe¬
223 1789 744 1823 ctus, ergo relatiuum secundum rem conexi¬
218 1820 742 1864 git suum ratione fundamenti: applicando ergo
212 1855 747 1891 hoc ad propositum, dicunt, quod quia Deus
221 1885 746 1922 secundum sui naturam nullo modo coexigit
223 1919 742 1966 creaturam, idcirco omnino sibi repugnat, quid
219 1947 735 1990 sit fundamentum realis relationis ad eam.
263 1984 752 2031 Contra istam opinionem sequuntur quin¬
227 2016 480 2071 que inconuenientia.
814 157 1325 223 1 Quia, si relatio habet quod sit realis.
783 201 1311 253 ex coexigentia fundamenti, cum coexigen¬
790 236 1321 281 tia sit quaedam relatio, non habebit hoc ex
782 274 1317 312 fundamento, vt ipsi dicunt, sed ex relatione
788 308 1317 345 fundamenti; & per consequens sibi contra¬
782 338 1312 385 dicerent, ex quo etiam apparet, quod prima
784 372 1314 409 ratio pro eis inducta peccat per fallaciam con
791 400 1321 442 sequentis, a pluribus causis veritatis ad vnam,
791 437 1313 478 non enim sequitur, relatio habet quod sit
786 469 1319 505 realis ex fundamento, cui intrinsecus adue¬
782 499 1314 542 nit, ergo habet quod sit realis ab eo isto mo
784 535 1312 582 do, puta ratione exigentiae, quia potest esse
784 571 1313 605 alio modo, & maxime quia per hoc non ha¬
791 600 1320 645 petur quod sit realis ex ipso fundamento, sed
787 633 1026 681 ex ipsa coexigentia
814 658 1312 707 2 Quia, si ita se habet habitudo essendi ad
784 698 1310 746 aliud ad suum fundamentum, quemadmo¬
784 729 1314 771 dum habitudo essendi in alio ad suum, vt
782 767 1314 803 ipsi assumunt in secunda ratione, tunc sicut
782 800 1313 837 habitudo essendi in alio, & suum fundamen
783 834 1316 867 tum, quod est accidens absolutum, non con
782 866 1315 902 stituunt diuersa praedicamenta, ita etiam habi
791 899 1316 937 tudo essendi ad aliud, & suum fundamentum
782 931 1318 975 non constituerent diuersa praedicamenta, quod
784 964 990 1010 patet esse falsum.
810 992 1313 1044 3 Quia, sicut habitudo essendi in alio po
787 1029 1317 1070 test tolli a suo fundamento, non mutato prae
784 1063 1290 1100 dicamento, vt patet in Sacramento altari
790 1096 1306 1133 vbi tollitur habitudo essendi in alio a quali¬
791 1129 1307 1167 tate, non mutato praedicamento qualitatis
790 1164 1319 1209 ita poterit tolli habitudo essendi ad aliud a
780 1196 1311 1233 fundamento suo mutato praedicamento rela
784 1228 1313 1268 tionis, quod patet esse falsum, & ex hoc etiam
787 1266 1198 1307 apparet defectus secundae rationis
810 1293 1316 1344 4 Si relatiuum secundum rem coexige¬
780 1326 1312 1370 ret suum correlatiuum non solum ratione
786 1360 1315 1405 respectus, sed etiam ratione fundamenti, vt
782 1393 1315 1437 ipsi assumunt in vltima ratione, sequeretur,
790 1430 1315 1472 quod ibi esset duplex coexigentia, & per
781 1457 1313 1508 consequens duplex relatio, immo vlterius
781 1493 1312 1538 sequeretur, quod nullum fundamentum re
786 1522 1313 1563 lationis esset quid absolutum, & per conse¬
787 1558 1310 1606 quens esset in relationibus processus in in¬
777 1590 886 1630 finitum.
816 1614 1311 1662 3 Quia, nulla relatio de primo, & secun¬
778 1653 1311 1702 do modo erit relatio realis; nam in praefatis
777 1693 1315 1739 relationibus apparet euidenter, quod nulla
782 1721 1306 1764 est ibi coexigentia quantum ad fundamen¬
776 1760 1310 1796 ta, videmus enim quod nulla est exigentia
776 1790 1313 1826 inter quantitatem, quae fundat relationem
785 1822 1300 1875 dupli, & quantitatem, quae fundat relatio¬
777 1856 1309 1896 nem dimidij quantum ad primum modum
772 1889 1306 1925 relatiuorum. Vlterius etiam nulla est comnexi¬
775 1925 1308 1963 gentia relatiuorum secundi modi, vt inter
781 1955 1300 1992 hominem qui fundat relationem paternita¬
782 1989 1306 2024 tis; & hominem, qui fundat relationem fi-
774 2020 1313 2074 liationis, & tamen constat, quod istae sunt re
