1500 2282
217 139 759 191 dam perfectionem ex alio, eo quod natura
224 184 756 222 suae speciei perfectior est in eo simul cum
224 218 751 261 alio, quam in eo solo sine alio, quapropter
223 252 755 288 dicunt vlterius, quod prima radix relationis
223 284 752 327 realis in creatura est limitatio; nam quia
215 312 750 356 creatura est limitata, ideo imperfecta, & quia
220 348 757 392 imperfecta, ideo mutabilis, & quia mutatur
208 386 760 427 Vt perficiatur per aliquid extrinsecum, ideo
217 414 759 459 habet realem dependentiam, & realem ordi
221 452 747 493 nem ad tale extrinsecum: ad propositum ergo
223 482 749 522 applicando, quia Deus caret omni limitatio
220 519 753 559 ne, & per consequens omni imperfectione,
218 549 747 585 & mutabilitate, idcirco non expectat perfi¬
218 582 753 625 ci per aliquid extrinsecu, & per consequens
222 618 753 655 non potest habere realem ordinem, vel rea¬
225 647 753 685 lem relationem ad aliquid extra se, & hinc
222 683 745 722 est (secundum eos) quod relationes diuina¬
219 717 755 761 rum personarum non arguunt aliquam limi
217 747 753 787 tationem, vel imperfectionem, nec mutabili
219 784 751 820 tatem, nec dependentiam, quia non sunt ad
219 813 747 851 aliquid extra; relationes autem reales crea¬
218 849 591 893 turarum semper sunt ad extra.
250 881 751 918 HIC autem modus dicendi quamuis quam¬
223 911 754 959 tum ad aliquid sit satis rationabilis, videtur
214 947 555 991 tamen deficere in duobus.
248 982 753 1018 Primo, quia si limitatio esset radicalis cau
219 1014 751 1051 sa relationis realis in creatura, non posset assi
217 1045 752 1094 gnari ratio, quare relatio scibilis ad scientiam
215 1077 751 1125 non sit realis, cum omne scibile creatum sit
210 1112 567 1156 quid limitatum, & situatum.
239 1144 746 1188 Secundo, quia si relatio realis in creatura
208 1178 742 1221 semper arguit dependentiam, vt isti dicunt
212 1215 744 1253 quaeratur ab eis, Vtrum ista dependentia sit
216 1247 746 1284 aliquid aliud, quam ipsamet relatio, vel idem,
218 1281 742 1322 non possunt dicere quod sit aliquid aliud, quaom¬
219 1309 751 1347 videmus manifeste, quod relatio non potest
215 1347 744 1386 esse inter aliqua, vbi nulla sit praeuia depen¬
212 1377 743 1420 dentia; si vero dicant quod sit ipsamet rela
215 1410 745 1451 tio, non habent propositum, quia dependen
210 1443 744 1483 tia relatiua non videtur arguere aliquam ini
214 1482 742 1524 perfectionem in dependente, nisi aliud dica
206 1512 742 1554 tur, immo sic dicendo videntur perere prin
215 1543 744 1579 eipium, quia nil aliud est dicere, relatio rea¬
208 1577 747 1625 lis arguit dependentiam, quam dicere, rela¬
210 1611 480 1654 tio arguit relationem.
247 1643 742 1682 ESTergo adhuc alius modus dicendi,
211 1677 747 1722 dicunt enim quidam, quod vbi est relatio rea
204 1711 743 1750 lis ex parte vtriusque extremi, ibi oportet ne¬
205 1741 739 1783 cessario extrema esse eiusdem ordinis, Deus
203 1778 749 1814 autem, cum sit extra totum ordinem creatu
209 1812 745 1845 rae, non potest esse eiusdem ordinis cum ea,
206 1841 744 1894 & per consequens non potest habere ad ea
210 1874 444 1918 realem relationem,
235 1908 734 1952 Haec autem opinio exponitur hoc modo a
206 1934 731 1983 quibusdam, dicunt enim nonnulli, quod ex.
198 1972 737 2010 trema relationis realis debent esse eiusdem
196 2007 741 2064 ordinis, quia ex quo debent esse limitata ad
782 137 1322 197 genus, vtpote, si vnum extremum est species
781 188 1319 220 limitata ad genus relationis, & reliquum ex
783 214 1323 263 tremum sibi con respondens, debet esse spe¬
787 247 1315 286 cies limitata ad genus relationis; Deus auten
791 282 1318 319 respondet relationi, quae est in creatura, vt
784 319 1324 355 aliquid excelleus, & illimitatum, & ideo nul
782 347 1327 394 lo modo potest ad eam refetri relatione reali
818 383 1323 420 Contra autem istam opinionem videntur
783 415 1112 461 sequi duo inconuenientia.
818 446 1314 487 Primum est, quia secundum istam viam
786 482 1331 530 non potest assignari ratio, quare scibile non
791 515 1321 560 habeat realem relationem ad scientiam, constat
784 549 1317 588 namque scibile non correspondere relationi
783 589 1318 628 quae est in scientia, vt aliquid transcendens,
784 618 1318 650 & illimitatum, & confirmatur, quia potest
778 650 1314 686 contingere quandoque, quod etiam quantum
785 684 1320 730 ad obiectum scibile sit eiusdem generis cum
782 713 1318 765 scientia, si scibile sit aliquid de genere qua¬
783 747 853 794 litatis
810 774 1318 829 Secundum inconueniens est, quia si ideo
787 810 1323 851 Deus non habet realem relationem ad crea
777 850 1320 891 turas, quia non est eiusdem ordinis cum ea,
793 882 1329 921 ari ratione creatura non habebit realem re
780 913 1314 955 lationem ad Deum, quia non est eiusdem on
781 947 1311 987 dinis cum eo, hoc autem est inconueniens,
785 979 1031 1027 vt de se patet, ergo.
806 1004 1330 1058 Propter quae omnia adhuc est alia via, quam
782 1045 1311 1081 tangit D. Aegidius, dicit enim, quod cum
777 1078 1317 1115 sint tria genera elationum, vt patet ex quin
778 1116 1318 1154 to Metaph relationes tertij modi, scilicet men
774 1145 1319 1184 surae, & mensurati non sunt reales ex vtraque
781 1179 1323 1228 parte, sicut patet ex intentione Aristot. ibi
775 1208 1311 1257 enim, vult quod illa, quae pertinent ad ge¬
779 1244 1314 1282 nus mensurae, non referantur, nisi quia alia
778 1278 1312 1316 referuntur ad ipsa, hoc idem etiam vult Com
778 1313 1304 1354 ibidem dicens quod in tertio modo relati¬
778 1347 1294 1378 uorum relatio non est in substantia vtriusd
775 1385 1305 1423 extremi, sed alterius tantum, scilicet ipsius
778 1414 1306 1449 mensurati, ex quo colligitur nullam relatio
777 1444 1308 1487 nem de genere mensurae esse realem, & quia
775 1475 1308 1521 omnes relationes Dei ad creaturam sunt de
770 1516 1311 1554 genere mensurae, idcirco sequitur necessa¬
776 1547 1311 1588 rio, quod nulla talis relatio sit realis. Si auten
777 1580 1302 1621 arguatur contra eum quod Deus respicit crea
779 1613 1304 1656 turam, non solum in ratione mensurae, sed
772 1645 1305 1689 etiam in ratione producentis, secundum quen
769 1675 1306 1726 modum pertinet ad secundum genus rela¬
777 1707 885 1748 tiuorum.
818 1741 1306 1785 Respondet, quod relatio producentis
770 1772 1302 1810 coincidit ibi cum relatione mensurae, cuius
770 1809 1298 1847 ratio est (secundum eum) quia vbi est rela¬
774 1844 1306 1878 tio producentis realis, ibi oportet quod sit
763 1879 1303 1911 facta, vel possibilis fieri mutatio aliqua in
774 1909 1304 1955 producente, & quia in Deo producente non
768 1946 1296 1979 est facta nec possibilis fieri aliqua mutatio,
764 1975 1306 2018 idcirco relinquitur, quod eodem modo inci¬
766 2012 1305 2062 piat in eo relatio producentis, & relatio me¬
