1500 2294
178 180 737 229 identitas habet pro fundamento substantiam
177 223 730 263 siue essentiam cuiuslibet rei, vt essentia est
178 257 732 306 ita aequalitas habet pro fundamento ipsam
194 290 737 339 quantitatem, siue quamcunque rem sub ali¬
206 331 736 370 quo modo quantitatiuo; & ita suo modo di¬
198 354 737 401 cendum est de similitudine respectu quali¬
202 385 740 434 tatis. Quantum vero ad quaedam alia potest
195 423 735 467 ibi esse magna dissimilitudo, vtpote, quia vna
191 458 737 496 sola res sufficit ad fundandam relationem
200 490 741 529 identitatis; ad fundandam vero similitudi¬
188 530 738 564 nem, & aequalitatem necessario requiruntur
200 560 334 609 plures res
249 594 732 635 Vlterius etiam ad relationem aequalita.
197 618 733 665 tis non concurrit necessario actus rationis;
197 661 739 696 ad relationem vero identitatis necessario con
197 692 735 729 currit ratio accipiens vnam & eandem rem
192 725 732 765 vna acceptione. Ad secundam vero patet I
197 756 741 797 illud quod dictum fuit in secundo articulo.
198 795 738 831 Tertia autem ratio videtur concludere veri
196 822 744 864 tatem secundum illa, quae dicta sunt in isto
202 861 312 905 articulo.
216 921 727 965 DISTINCTIONIS xxxII.
274 990 667 1037 QV.AESTIO VNICA
192 1058 730 1100 Vtrum Pater, & Filius diligant se Spiritu
427 1092 543 1137 Sancto.
225 1255 711 1300 ARGVITVR PRO PARTE
413 1293 521 1336 negatiua
220 1320 745 1371 Icut se habet dilectio ad Spiritum San¬
202 1340 748 1404 Dctum, ita sapientia ad verbum, sed ista
206 1390 740 1434 non conceditur, Pater sapit verbo, quia tumo
203 1433 745 1463 esset sapiens sapientia genita, cuius contra¬
201 1466 742 1509 rium patet in praecedente distinctione per
196 1491 746 1535 auctoritates, quas Magister introducit in li¬
201 1529 745 1568 tera, ergo nec ista videtur concedenda, Pa¬
204 1560 674 1602 ter, & filius diligunt se Spiritu Sancto.
231 1593 742 1632 IN OPPO est Magister in litera, vbi
206 1624 739 1675 probat per auctoritates Sanctorum, dictam
199 1659 633 1707 propositionem esse concedendam
226 1691 744 1732 RESPONDEO: Quod huiusmodi quae
199 1724 736 1768 stio quantum ad conclusionem non debes
198 1762 744 1795 esse dubia, quia Sancti determinant eam con
202 1794 743 1835 cedentes patrem, & filium se diligere Spiri-
203 1828 738 1865 tu Sancto. Sed de modo intelligendi eam con
199 1859 737 1898 surgit dubitatio propter tria, quae sunt exa¬
203 1896 321 1939 minanda
262 1929 738 1962 Dubitatur in qua habitudine construa
199 1959 736 2003 tur dictus ablatiuus, cum dico Pater, & filius
202 1996 547 2034 diligunt se Spiritu Sancto.
234 2025 744 2075 2 Quomodo sumatur ibi diligere, vtrum
202 2058 578 2115 essentialiter, vel notionaliter.
794 167 1302 224 3 Quare magis concedatur ista: scilicet
757 220 1307 266 pater, & filius diligunt se Spiritu Sancto; quam
760 250 1304 288 ista, Pater se sapit, vel se intelligit verbo, na
763 284 1156 325 ista nullo modo conceditur.
820 350 1233 393 ARTICVLVS PRIMVS.
776 416 1305 466 Quomodo se teneat ablatiuus iste, Pater &
828 452 1240 489 filius diligunt se Spiritu Sancto.
838 552 1305 594 D primum itaque dubium dixere qui¬
842 587 1311 625 dam, quod dictus ablatiuus construi
760 626 1300 659 tur in habitudine signi, vt sit sensus, Patet
771 654 1304 696 & filius se diligunt Spiritu Sancto, idest si¬
762 691 1299 731 gnum quod se diligunt, est, quia mutuo ame
764 720 1139 761 re Spiritum Sanctum spirant.
795 752 1301 793 Haec tamen opinio improbatur communi
770 786 978 832 ter propter duo.
798 818 1308 858 Primo, quia videmus vniuersaliter, quod
766 853 1309 889 agens nunquam denominatur agens per il¬
763 887 1307 925 lud quod est signum actionis, non enim be¬
764 920 1315 957 ne diceretur, quod vapores essent calefacti a
769 954 1304 996 sole motu sursum, quamuis talis motus sit
770 987 1127 1028 signum calefactionis eorum.
782 1020 1307 1065 Secundo, pari ratione posset dici, quod Pa
764 1055 1310 1096 ter, & filius se diligant creatura, quia, cum
762 1089 1304 1124 amor diuinus sit causa creaturae, productio
770 1120 1303 1166 eius est signum diuini amoris quo pater, et fi-
775 1155 971 1199 ius se diligunt
806 1185 1305 1226 Alij vero dicunt, quod huiusmodi abla¬
770 1222 1303 1259 tiuus construitur in ratione medij connectum
770 1258 1307 1302 tis. Ad cuius dicti euidentiam est intelligen
771 1288 1313 1326 dum, quod secundum viam eorum vnio aman
766 1325 1308 1361 tis cum amato non potest fieri per solum a¬
775 1360 1311 1399 morem, quia ille manet intra amantem reali
771 1389 1307 1427 ter, nec attingit ipsum amatum immediate,
766 1424 1307 1462 sed mediante sua tendentia, secudum quam
764 1458 1307 1493 amans emittitur ad amatum, haec autem ten
768 1491 1311 1527 dentia (secundum istos) non est aliud, quam
767 1523 1311 1564 spiratio amantis, siue spiritus amoris, & ideo
767 1557 1311 1594 imaginantur in diuinis Spiritum Sanctum
770 1592 1306 1632 esse medium, per quod totus amor diuinus
771 1622 1141 1663 vnitur cum quocunque amato.
801 1654 1307 1701 Haec autem opinio quantum ad suum fu
767 1692 1308 1727 damentum superius fuit improbata in x. di¬
769 1723 1309 1763 stinctione, & ideo breuiter pro praesenti di¬
769 1757 1313 1801 co praefatam opinionem incurrere tria incon
765 1791 908 1834 uenientia.
801 1826 1309 1868 Primum est, quia Spiritus Sanctus erit
762 1857 1315 1893 magis intimus cuilibet personae diuinae, quam
770 1891 1311 1927 sibi ipsi sit intima aliqua persona, quod est
768 1924 1313 1964 falsum, Consequentiam probo, quia si isto¬
769 1956 1313 2002 rum imaginatio est vera oportet dicere, quod
769 1996 1309 2037 quaelibet persona diuina sic amet seipsam, quod
770 2030 1310 2061 tamen mediet Spiritus Sanctus inter eam vt
770 2055 1314 2106 amantem, & seipsam vt amatam, & per con
