1500 2294
231 168 761 217 Praeterea idem probant de relationibus,
206 209 742 255 quae sunt modo numeri, sicut de duplo, & di-
203 245 749 286 midio. Nam Trelatio dupli in linea respectu
203 286 738 315 medietatis esset vera res, pari ratione & re-
203 312 753 357 latio tripli respectu tertiae partis esset etiam
202 343 746 380 vera res, & per consequens sic semper pro¬
201 381 748 419 cedendo haberemus infinitas relationes, &
201 412 657 458 infinitas res, ergo &c.
233 443 743 488 Secundo probant, quod relatio producen
201 478 745 520 tis, quae est de secundo modo, non sit aliquid
200 519 745 552 reale extra animam, quia illud, quod non ha
199 545 742 588 bet aliquam causam productiuam, & tamen
197 583 745 623 de nouo aduenit alicui, non est quid reale ex¬
198 613 750 657 tra animam, relatio producentis ad productum
200 651 742 691 est huiusmodi ergo &c. Maior patet, quia
198 677 744 725 impossibile est aliquid de nouo aduenire ali¬
196 717 743 761 cui sine aliquo producente, quia tunc pro¬
197 745 744 786 duceret seipsum de non esse ad esse; Minor
198 786 738 827 probatur, quia talis relatio, vel producere¬
200 816 743 861 tur ab ipsomet producente, & hoc est impos¬
197 847 737 887 sibile, quia tunc omne producens necessario
192 881 739 924 ageret in se ipsum; vel produceretur ab ipso
199 920 741 962 producto, & hoc etiam est impossibile, quia
198 949 644 996 producens nihil recipit a producto.
235 982 741 1024 Tertio probant quod relatio mensurati,
198 1015 741 1062 quae est de tertio modo, non sit aliquid reale
200 1058 739 1095 extra animam, quia illud, quod potest depen
195 1084 742 1132 dere ab aliquo non reali, non est aliquod rea
197 1116 734 1156 le, sed relatio mensurati potest dependere ab
194 1153 732 1194 aliquo non reali, ergo &c. Maior est nota
191 1183 736 1224 quia impossibile est rem dependere a non re¬
189 1216 739 1258 Minor probatur, quia relatio scientiae, quae
188 1251 731 1298 est de genere mensurati, dependet quando¬
194 1287 729 1334 que a tali scibili, quod est penitus corruptum
198 1321 735 1360 vt pote relatio scientiae de rosa. Nec valet si
195 1352 738 1391 dicatur, quod manet in suis principijs: quia
194 1384 739 1425 dato, quod omnia sua principia essent cor¬
188 1416 734 1461 rupta, adhuc posset manere scientia de rosa
187 1455 600 1492 in mente Angelica, vel humana
226 1482 732 1530 Quarto probant hoc idem de relationibus
191 1524 732 1563 in communi quinque rationibus. Primo sic.¬
222 1551 729 1593 1 Illud, quod attingit aliqua plura sepa¬
188 1583 735 1632 rata, & distincta, non potest esse aliquid rea¬
191 1618 733 1659 le extra animam, relatio est huiusmodi, er¬
190 1654 728 1702 go &c. Maior patet, quia impossibile est, quod
190 1685 731 1724 vnum simplex, & indiuisibile sit in pluribus
194 1722 729 1763 distinctis, & separatis. Minor etiam videtur
199 1752 735 1795 nota, quia relatio attingit duo extrema, vnum
189 1791 729 1823 in ratione fundamenti, & aliud in ratione
192 1816 736 1860 termini Et potest confirmari ratio, quia Sim¬
196 1853 734 1891 plicius dicit in praedicamentis, quod relatio
191 1886 503 1935 semper est in pluribus.
219 1920 731 1969 2 Illud, quod concipitur inter aliqua duo
192 1954 733 2001 per modum cuiusdam interualli, non est ali¬
190 1987 733 2032 quid reale in rerum natura, sed in solo in¬
190 2024 727 2058 tellectu; relatio est huiusmodi, ergo &c
190 2052 735 2113 Maior probatur, tum quia natura non facit
775 172 1331 216 talia interualla, tum etiam quia tale inter¬
778 213 1326 252 uallum non videtur esse subiectum in aliquo
781 248 1320 281 illorum duorum, nec apparet ibi aliqua res
773 283 1324 319 medians, quae possit esse subiectum dicti in¬
779 315 1317 353 terualli. Minor etiam probatur per Comm
782 349 1324 383 3 Phis com. 2o vbi dicit, quod relatio est vna
776 379 1123 421 definitio existens inter duo.
806 418 1320 456 3 Illud, quod connectit aliqua duo, nec
771 446 1324 483 impeditur per illorum distantiam, non est ali
774 482 1317 525 qua realitas extra animam, relatio est huius¬
778 518 1315 557 modi, ergo &c. Maior probatur, quia vide¬
771 548 1325 591 mus, quod semper realitas conectens aliqua
770 584 1322 618 duo impeditur per illorum distantiam, sicut
774 614 1315 659 patet de actione, & passione, quae non con¬
777 648 1320 694 nectunt ad inuicem actiuum, & passiuum,
779 685 1319 718 nisi quando sunt approximata. Minor autem
774 715 1316 761 apparet, quia duo alba in quantacunque di¬
770 749 1318 795 stantia ponantur semper sunt connexa ad in¬
768 782 1085 824 uicem per similitudinem.
778 817 1314 865 4 Illud, quod aduenit alicui sine muta¬
777 848 1315 894 tione, non est aliquid reale extra animam;
767 888 1304 929 relatio est huiusmodi, vt patet 5. Physergo.
765 919 1320 955 3 Relatio est maioris entitatis quam sit ip
770 951 1316 998 sum tempus, sed tempus non est quid reale
771 985 1313 1022 extra animam, ergo multo minus relatio,
775 1017 1323 1065 Maior patet per Comm. 12. Metaph com 9.
777 1050 1323 1089 vbi dicit, quod relatio est debilioris esse cae¬
771 1087 1311 1124 teris praedicamentis. Minor etiam apparet per
769 1119 1317 1161 eundem 4. Phys comi3 2. vbi vult, quod tem¬
766 1152 1322 1196 pus non est extra animam, nisi in potentia
766 1184 1310 1222 tantum. Confirmatur haec opinio per Com
772 1219 1312 1264 7 Meta. c vltimo, vbi dicit, quod illa praedi¬
768 1251 1314 1295 camenta, quae habent comparationem, aesti¬
766 1284 1316 1326 mantur, quod non haberent esse, nisi anima
774 1319 838 1357 esset.
797 1352 1317 1392 Addunt insuper, quod non obstante, quod
767 1386 1315 1428 omnis relatio reducatur de potentia ad actu
773 1425 1314 1460 per apprehensionem animae, dicuntur tamen
758 1457 1311 1495 quaedam relationes reales, & quaedam secun
761 1486 1311 1532 dum rationem, quia illae, quae existunt in fun
763 1522 1311 1557 damento secundum potentiam propinquam,
768 1554 1313 1594 ita quod intellectus subito, & quasi per vni¬
770 1586 1313 1630 cam transmutationem reducit eas de poten¬
762 1621 1310 1664 tia ad actum, dicuntur reales: llle vero, quae
764 1660 1305 1700 non existunt in fundamento secundum po¬
760 1687 1310 1724 tentiam propinquam, sed quasi remotam, sunt
762 1720 1323 1769 rationis, quia fiut mediante collatione intel¬
762 1757 1308 1792 lectus alicuius ad aliud; sicut patet in dex¬
770 1790 1309 1836 tro, & sinistro in columna, quae dicuntur re¬
768 1823 1231 1868 lationes secundum rationem.
799 1854 1309 1895 Contra hanc sententiam est comunis opi
761 1895 1309 1935 nio, quae videtur mihi verior, & ideo sequens
758 1920 1297 1961 illa teneo esse aliquas relationes in rerum na
766 1957 1305 1992 tura, quae sunt vera entia realia, hoc autem
762 1993 1298 2033 ideo teneo, quia aduersus praecedentem opi
760 2020 1311 2062 nionem sunt decem inconuenientia, quae sol
765 2061 1027 2112 ui nequeunt.
