1500 2262
198 164 739 211 & leuia existentia extra sua loca, non habe¬
202 210 736 250 bunt actualem ordinem, & inclinationem ad
199 249 741 287 ea, sed expectabunt actualitatem dicti ordi¬
198 276 738 314 nis, & inclinationis ab anima, & per conse¬
201 312 742 353 quens non poterunt ferri in sua loca, nisi prae
209 343 747 387 uia apprehensione animae, quod est absurdum.
234 376 743 416 Octauum est, quia si relatio expectabit
200 410 738 455 suam actualitatem ab anima, erit extrinse¬
203 440 744 478 cus adueniens, quemadmodum alia sex prae
201 474 354 517 dicamenta.
234 501 745 545 Nonum est, quia si relatio est quoddam
203 544 735 578 interuallum inter duo, & non subiectiue in
207 573 725 618 aliquo illorum (vt isti videntur imaginari
201 608 734 646 sequitur necessario, quod ex aequo respicias
203 641 747 677 illa ambo, & per consequens vnum illorum
200 672 737 719 non habebit magis rationem fundamenti, quam
207 705 505 748 termini, nec e conuerso.
208 739 733 777 Decimum & vltimum inconueniens est,
202 773 744 813 quia relatio non erit actus, quod patet esse
201 806 739 844 falsum, Consequentiam probo, quia illud
203 837 736 878 quod non est in aliquo subiectiue, nulli ac¬
203 872 279 915 cidit.
241 905 735 943 Motiua autem dictae opinionis non cogunt,
197 940 737 980 quia fere omnia peccant per fallaciam conse
194 971 706 1012 quentis, vel per non causam, vt causam.
230 1002 729 1050 Nam cum primo dicunt, quod sequere¬
194 1039 741 1074 tur rerum infinitas, dico id verum esse si po
201 1071 734 1105 neretur relationem esse rem realiter distin¬
195 1103 731 1146 ctam a suo fundamento (sicut patebit in se¬
204 1139 732 1179 quenti articulo) Istud enim inconueniens
200 1171 737 1206 currit contra illos, qui ponunt eam a funda
199 1204 731 1242 mento realiter distingui, & ideo ista ratio,
200 1239 732 1279 & illa alia, quae est de relationibus, quae sunt
198 1274 737 1305 modo numeri, peccat per non causam vt cau
192 1303 737 1342 sam, quia dictum incoueniens non sequitur
196 1332 736 1373 ex cousa, quam ipsi assumunt, sed ex alia cau
197 1371 732 1407 sa, quam supponunt, & tamen eam non ex¬
202 1410 737 1444 primunt, supponuntenim, quod si relatio
198 1437 735 1476 esset res, esset etiam realiter distincta a suo
190 1467 739 1506 fundamento; quod vtique est falsum (sicut
199 1501 424 1546 patebit) inferitis
226 1535 734 1572 Alia etiam ratio, quae est de relatione pro
194 1567 735 1604 ducentis, peccat per fallaciam consequen¬
192 1604 727 1645 tis, quia quod relatio non habeat causam P
189 1633 733 1675 ductiuam, hoc potest prouenire ex duabus
186 1668 732 1711 causis, vel quia non est res, vel quia non est
186 1697 731 1745 distincta res, propter quod non respicit di¬
185 1734 723 1773 stinctam causam productiuam. Velle ergo
183 1772 727 1803 arguere ipsam non esse rem, quia non habet
184 1800 724 1846 causam productiuam, est procedere a pluri¬
184 1833 654 1873 bus causis Veritatis ad vnam tantum.
220 1866 729 1907 Alia vero ratio, quae est de mensurato, vi¬
193 1897 722 1939 detur supponere falsum, quia posset aliqui
186 1931 729 1970 dicere, quod non obstante, quod scibile sit cor
184 1964 723 2007 ruptum, adhuc tamen potest dici ens reale;
188 2000 726 2037 quia ens reale diuiditur per potentiam, &
186 2030 731 2084 actum. Vel potest dici, quod relatio scientiae
769 179 1314 217 dependet a scibili, prout continetur in sua ra
769 211 1312 253 tione exemplari, quam habet in diuina arte, si
769 248 1307 284 cut potest patere, ex ijs, quae dicta sunt su¬
773 282 1313 319 perius pluribus in locis. Potest etiam dici ter¬
770 315 1306 349 tio, quod relatio scientiae, & vniuersaliter
771 344 1306 381 relatio, quae est de genere mensurati, non est
770 376 1308 414 in genere relationis, sed est quidam modus
770 412 1311 451 relatiuus intraneus rei alterius praedicamen
769 443 1301 486 ti, vt fuit declaratum superius in prologo.
799 474 1303 514 Respondeo insuper ad rationes alias, quae
764 511 1195 551 arguunt de relatione in communi
801 544 1309 584 Ad primam dicendum, quod illud, quod
762 571 1308 611 attingit plura, si poneretur subiectiue in am
768 605 1311 648 bobus, non esset aliquid reale, quia impossibi
766 642 1307 679 le est vnam realitatem esse in duobus subie¬
766 676 1306 714 ctis, sed si ponatur solum in vno illorum, tan
767 709 1303 755 quam in subiecto, non apparet aliquod in¬
766 738 934 785 conueniens
802 772 1301 815 Ad secundam vero dicendum, quod si ac
770 801 1308 844 cipiatur relatio per modum interualli non
765 841 1303 880 existentis in aliquo subiecto, falsa est imagi¬
760 874 1309 916 natio. Si vero concipiatur per modum inter
771 904 1296 942 ualli existentis in aliquo subiecto, sic est ve¬
762 938 1306 979 ra, & talia interualla bene facit natura: Nam
762 971 1298 1010 actio etiam est quoddam tale interuallum
762 1006 1300 1049 inter agens, & patiens, & tamen est verum
765 1038 1303 1075 ens reale, & est subiectiue in ipso passo (vt
765 1070 1247 1118 ipsimet concedunt) & habetur 3. phys¬
790 1105 1304 1148 Ad tertiam dicendum, quod illud, quod
763 1139 1303 1174 connectit aliqua duo corporaliter, vel situa¬
763 1171 1303 1208 liter, necessario impeditur per eorum distan
762 1207 1305 1242 tiam, relatio autem non connectit sua extre
760 1239 1303 1279 ma isto modo, quia dicit quandam rationem
769 1272 1301 1319 incorpoream secundum Simplicium in prae¬
769 1303 919 1346 dicamentis
801 1331 1297 1371 Ad quartam vero dicendum, quod pec¬
763 1370 1294 1410 ca per fallaciam consequentis, quia relatio
759 1405 1294 1445 nem aduenire sine mutatione, potest proue
759 1435 1303 1475 nire ex duabus causis, vel ex eo que non est
757 1470 1298 1508 aliqua res, vel ex eo, quod non est aliqua
764 1507 1296 1541 res distincta ab eo cui aduenit, & ideo
768 1537 1294 1576 proceditur a pluribus causis Veritatis. ad
762 1569 880 1609 vnam.
783 1601 1291 1639 Ad quintam etiam dicendum, quod pec¬
758 1639 1291 1678 cat per fallaciam consequentis, quia quod
757 1666 1293 1702 tempus habeat esse extra animam solum sm
760 1700 1299 1743 potentiam, potest habere duas causas Verita¬
762 1734 1290 1773 tis; vel quia habet esse in potentia quan¬
758 1769 1297 1813 tum ad suam entitatem, vel quantum ad sui
760 1798 1292 1841 distinctionem a motu. Arguere ergo quod
756 1833 1295 1868 tempus non habeat realitatem extra animam,
761 1863 1290 1907 quia est solum secudum potentiam, est. proce
759 1897 1286 1934 dere a pluribus causis veritatis ad vnam: Ha¬
753 1928 1295 1975 bet enim tempus esse in potentia extra ani¬
755 1965 1291 2004 mam, quantum ad suam distinctionem a mo
760 2000 1251 2035 tu, & non quantum ad suam entitatem.
767 2031 1299 2085 Confirmatio autem, quae additur ex Com,
