1500 2289
192 156 748 203 probatur consequentia, quia acquisitio no¬
200 185 749 232 uae rei non potest esse sine vero, & reali exi¬
200 216 745 268 tu de potentia ad actum, Falsitatem probo,
203 255 748 300 quia verus, & realis exitus de potentia ad
198 278 747 332 actum non potest esse sine vero, & reali a¬
204 311 747 366 gente in illud, in quo est talis, exitus: nunc
204 345 741 403 autem videmus totum contrarium, quia re¬
197 381 743 431 latio acquiritur de nouo nullo agente in ip¬
198 426 689 471 sum fundamentum, in quo acquiritur.
231 433 742 502 3 Si relatio esset realiter distincta a fun¬
203 480 750 536 damento, sequeretur, quod esset processus in
199 517 752 564 infinitum in relationibus realibus, quod ab
196 558 751 602 omnibus reputatur inconueniens. Consequen
199 583 755 624 tiam probo, quia si similitudo fundata in ista
195 617 745 670 albedine esset realiter distincta ab ea, & si¬
197 648 746 703 militudo fundata in alia albedine esset rea¬
197 680 747 739 liter distincta ab illa, quia dictae similitudi¬
198 715 743 774 nes essent duae res eiusdem speciei, possent
194 748 738 805 fundare duas alias similitudines, & illae alia
200 785 748 835 pari ratione duas alias, & sic in infinitum.
202 827 734 868 Si ergo volumus vitare hoc inconueniens
200 849 741 903 cogimur dicere, quod similitudo fundata in
200 883 741 936 albedine non sit realiter distincta ab ea; &
198 916 744 972 per consequens non potest, habere aliquam
194 948 742 1004 rationem fundandi propriam, & distinctam
197 984 734 1039 contra rationem fundandi ipsius albedinis
199 1017 736 1060 Et ideo vel nullam habet rationem fundan¬
190 1050 740 1105 di, vel habet illam, quae est ipsiusmet albedi¬
196 1085 743 1140 nis. Et ex hoc apparet melius illud, quod di¬
191 1116 743 1168 cebatur in praecedenti articulo; quia proces¬
195 1155 735 1206 sus in infinitum in relationibus sequitur ex
199 1185 736 1240 ista causa, & non ex ea, quam illi assumebant.
198 1221 735 1273 Teneo ergo istam opinionem, cum propter
191 1253 735 1306 ea, quae modo dicta sunt, tum propter illa,
191 1285 733 1349 quae, dicta sunt superius contra alias, opi-
191 1333 282 1371 niones.
232 1337 736 1406 Propter tamen solutionem rationum primae
194 1384 729 1439 opinionis, & vt opinio ista, quam teneo, me¬
194 1418 736 1470 lius intelligatur, est notandum, quod quam¬
188 1453 738 1504 uis relatio non sit distincta realiter a funda¬
189 1484 734 1544 mento, sed solum rationem, ista tamen distin¬
194 1519 734 1575 ctio rationis non prouenit ex nostro modo
189 1552 737 1594 intelligendi, sed ex natura rei necessitantis.
188 1586 731 1638 Vbi autem est talis distinctio rationis; ibi vna
190 1618 733 1674 res ab vna realitate, tantum potest differre,
189 1650 725 1707 quantum si per impossibile, vel per possibi¬
187 1685 727 1739 le esset sub pluribus realitatibus, sicut me¬
186 1720 729 1774 lius patebit infra, quando quaeretur de rela¬
186 1754 725 1811 tionibus personalibus fundatis in diuina es¬
184 1786 724 1840 sentia. Et ideo breuiter transeundo, quan¬
194 1820 719 1875 tum ad praesens dico; quod fundamentum
195 1848 727 1908 & relatio in creaturis sunt vna res necessi¬
186 1885 727 1926 tans ad distinctos conceptus, & ideo sunt di¬
186 1920 728 1977 stincta conceptibilia, & distincta definibilia;
196 1956 723 2004 & ratione istius distinctionis, quae est in esse
192 1987 725 2040 conceptibili, & definibili potest relatio conexi
180 2025 716 2082 gere extrinsecum terminum, quem non comne
777 141 1346 201 xigit fundamentum. Et hinciest vlterius, quo
776 182 1330 228 quamdiu relatio non habet extrinsecum ter¬
779 219 1329 267 minum, quem conexigit, non dicitur esse in fun
777 251 1321 296 damento, nisi secundum potentiam, hoc au¬
785 284 1317 328 tem ideo est, quia non habet suum esse con¬
780 328 1326 367 ceptibile, & definibile complete sine ter¬
777 359 863 399 mino.
812 362 1322 434 Et ideo est diligenter aduertendum, quod
776 419 1327 462 cum acquiritur relatio de nouo in aliquo fun¬
774 455 1323 497 damento non debemus imaginari, quod in¬
781 491 1325 529 cipiat esse in eo, aliqua realitas, quae prius
781 526 1325 562 non erat, sed illa eadem, quae erat prius, &
772 554 1326 605 non habebat esse conceptibile, & definibile
783 591 1327 625 complete secundum praedicamentum rela¬
777 625 1325 667 tionis. Nunc vero de nouo per coexigentiam
773 663 1323 703 extrinseci termini, quem coexigit, habet con¬
772 685 1314 735 plete, & virtualiter tale esse conceptibile, &
776 728 1311 767 definibile secundum dictum predicamentum
776 756 1313 802 Neque mirum esse debet, quia sicut fuit de¬
782 786 1311 832 claratum superius in 2 art. 70. dist. ad esse re¬
774 824 1320 871 lationis duo concurrunt, scilicet fundamen¬
771 858 1323 899 tum, & terminus, non tamen eodem modo;
782 888 1316 937 quia inquantum relatio res quaedam est, sic
775 926 1321 966 ad esse suum concurrit suum fundamentum;
775 957 1323 1005 cum totam suam realitatem, habeat ab eo;
770 994 1319 1041 simo, quod plus est, coincidit in eandem rea¬
777 1026 1315 1069 litatem cum eo, & ideo acquisita realitate
776 1060 1315 1103 tundamenti, necessario acquititur realitas re¬
775 1090 1321 1141 lationis: In quantum vero relatio est talis res,
771 1122 1311 1176 quae habet esse conceptibile, & definibilt
766 1160 1316 1204 secundum praedieamentum relationis, sic ad
773 1190 1315 1239 esse suum concurrit necessario extrinsecus
771 1223 1309 1273 terminus, & secundum istum modum ipsa
775 1261 1315 1306 est distinguibilis per actum rationis ab esse
769 1298 1310 1341 conceptibili, & definibili fundamenti ex na¬
767 1324 1311 1374 tura rei necessitantis. Ex quibus omnibus vl¬
773 1363 1313 1405 terius apparet, quod nunquam fundamen¬
773 1389 1315 1442 tum debet dici esse in potentia ad relationem
772 1428 1313 1472 ecundum suum esse reale, sed solum secun¬
771 1462 1306 1507 dum suum esse conceptibile, & definibile,
765 1500 1309 1545 quod non habet complete, & actualiter, nisi
762 1526 1224 1575 per coexistentiam extrinseci termini
793 1549 1308 1610 His autem visis. Non difficile est respon¬
769 1590 1186 1643 dere ad rationes primae opinionis.
756 1608 1298 1674 Ad primam ergo dicendum, quod relatis
763 1662 1299 1710 connumeratur suo fundamento solum con¬
760 1691 1311 1743 ceptibiliter, hoc tamen non obstante, nume¬
762 1727 1305 1777 rus praedicamentorum debet dici realis; quia
767 1756 1300 1817 tes ipse necessitant ad talem numerationem,
757 1790 974 1843 & distinctionem
794 1806 1306 1875 Ad secundam vero dicendum, quod quia
755 1849 1298 1912 descensus entis in praedicamenta fit per actum
754 1891 1307 1934 rationis, idcirco adhoc quod ens descendat
760 1929 1294 1974 in aliqua duo immediate, non oportet, quod
763 1961 1295 2009 int distincta realiter, sed sufficit, quod sini
763 1991 1303 2046 distincta solum conceptibiliter, dummodo non
759 2025 1297 2083 sint reducibilia conceptibiliter in se inuicem,
