1500 2266
184 150 742 211 ret ad se, quod est impossibile; remanet ergo
190 207 736 245 relatio secundum suam propriam, & forma¬
190 233 626 272 lem rationem distincta ab essentia.
222 267 722 309 3 Si relationes nullam haberent distin¬
188 299 733 337 ctionem ab essentia non facerent aliquam di
195 332 733 371 stinctionem in personis in modo habendi
194 365 733 404 eam, quod patet esse falsum per Damal libs
194 399 731 441 1cap. 11 vbi dicit, quod diuinae personae non
186 429 725 470 distinguuntur re, sed inexistentia, hoc autem
194 463 731 507 non haberet veritatem, nisi distinguerentur
188 501 731 542 in modo habendi essentiam, & confirmatur
184 536 733 578 ratio per eundem in eodem libro cap. 9. vbi
188 563 730 600 dicit, quod omnia, quae habet pater, habet fi-
186 596 730 645 lius, praeter ingenerationem, quae nec signi¬
188 632 725 676 ficat substantiae differentiam, nec dignitatem,
191 662 502 705 sed modum inexistentiae.
222 692 740 743 Sunt insuper quidam alij Doctores, qui
194 729 728 770 videntur coincidere omnino in eandem sen
192 765 737 799 tentiam, dicunt enim necessarium esse pone
194 799 727 843 re aliquam distinctionem, vel non identita¬
192 829 728 867 tem ex natura rei inter essentiam, & proprie
190 867 734 902 tates relatiuas, quam quidem distinctionem
194 895 726 931 vocant formalem, & quidditatiuam. Nam
194 930 726 970 quamuis essentia ratione suae infinitatis non
190 965 726 1001 compatiatur in se aliquid realiter distinctum
188 997 731 1040 a se, quia sic faceret cum illo compositonem,
190 1033 726 1074 compatitur tamen aliquid a se distinctum for¬
186 1062 726 1102 maliter, quia talis distinctio nullam inducit
191 1095 737 1137 compositionem, quod autem oporteat pone
188 1130 733 1173 re talem distinctionem, vel non identitatem,
194 1164 718 1210 probant praecipue quinque rationibus
257 1192 733 1238 Ex natura rei pater in se habet essen¬
195 1231 727 1266 tiam communicabilem, & proprietatem non
188 1260 732 1307 communicabilem, & per consequens inter
191 1293 727 1335 ea est aliqua distinctio, alioquin contradicto
195 1329 724 1368 ria verificatentur de eodem, & secundum
192 1366 730 1402 idem; non potest autem dici, quod sit inter
199 1392 727 1430 ea distinctio realis, quia talis distinctio indu
200 1429 728 1466 ceret compositionem, ergo erit distinctio for
194 1460 734 1498 malis ex natura rei eo modo, quo dictu est
230 1496 737 1540 2 Cognitio intuitiua ad obiectum, vt
191 1527 725 1562 existit actualiter in sua natura, non fallitur.
193 1562 730 1597 sed intellectus paternus cognoscit intuitiuc
190 1591 730 1633 aliquam non identitatem inter essentiam, &
188 1625 734 1669 suam proprietatem constitutiuam, ergo ex
195 1659 733 1697 natura rei est ibi aliqua non identitas. Ma¬
193 1697 731 1737 ior patet. Minor probatur. Nam quod co¬
196 1723 732 1772 gnoscat ibi aliquam non identitatem appa¬
194 1758 735 1801 ret, quia cognoscit, quod communicabile, &
195 1794 727 1833 incommunicabile non possunt competere ei-
194 1826 731 1870 dem rei secundum idem, quia tunc esset ibi
191 1860 737 1904 manifesta contradictio, quod autem cogno¬
199 1891 733 1932 scat eam intuitiue facile est videre, quia ois
196 1926 736 1967 cognitio diuina est intuitiua, alioquin posset
203 1957 727 1999 Deus proficere in cognitione, quia expecta.
198 1991 568 2032 ret cognitionem intuitiuam.
225 2021 751 2082 3 Illa, quae ita se habent, quod vnum po
744 160 1299 213 test realiter inueniri sine altero, habent ne¬
753 201 1290 252 cessario aliquam non identitatem: proprie¬
757 243 1300 287 tas relatiua, & essentia sunt huiusmodi, ergo
753 268 1299 319 &c. Maior patet, quia impossibile est, ea,
757 305 1294 353 quae sunt omnino idem ex natura rei, separa
754 345 1295 384 ri aliquo modo extra intellectum. Minor ent
757 371 1294 417 est satis euidens, quia essentia inuenitur rea
750 404 1290 449 liter in filio sine proprietate relatiua patris.
783 434 1300 483 4 Illud non est negandum in diuinis,
758 471 1296 516 quo negato, concluditur necessario, quod
756 510 1290 545 pater, & filius sint omnino idem realiter in
759 539 1294 577 ter se, sed negando omnem non identitatem.
759 575 1294 617 concluditur omnimoda identitas inter pa¬
758 607 1296 643 trem, & filium, ergo &c Maior est nota, quia
754 634 1292 670 cum conclusio sit haeretica, non potest con¬
761 665 1294 718 cludi, nisi ex aliquo falso, & erroneo. Minor
759 702 1296 747 probatur per illud principium, quaecunque
758 740 1292 782 vni & eidem sunt eadem inter se sunt eade¬
761 769 1292 812 Nam per virtutem istius principij tenet om-
757 807 1297 844 nis forma svllogistica. si ergo essentia est o-
762 836 1304 879 mnino idem cuilibet proprietati relatiuae, pa
758 869 1287 910 ter, & filius erunt omnino idem in essentia,
758 897 1296 946 & per consequens omnino idem inter se
761 935 1290 983 Si autem ponatur ibi dicta non identitas se¬
759 971 1297 1009 cundum rationes formales, tunc in tali pro¬
763 1004 1297 1040 cessu paralogismus est, quia aliter concludi¬
756 1037 1296 1076 tur vnitas extremorum inter se, quam fuerit
758 1065 1299 1105 sumpta in medio; Nam cum dicitur, quod
761 1100 1303 1144 pater, & filius sunt idem in essentia hoc vtiqu
759 1139 1303 1165 est verum realiter, sed non formaliter, &
756 1163 1297 1206 ideo non potest concludi omnimoda identi¬
759 1204 1292 1238 tas eorum inter se, quapropter si vitare vo¬
759 1228 1295 1279 lumus hoc inconueniens omnino concede¬
761 1268 1303 1306 re debemus non esse identitatem formalem
758 1295 1123 1340 inter essentiam, & relationes.
757 1331 1297 1369 3 Si negamus dictam non identitatem,
756 1365 1291 1410 conuincimur per svllogismum expositorium
755 1396 1288 1440 concedere, quod paternitas sit filiatio, sic at¬
763 1433 1300 1472 guendo, haec essentia est filiatio, haec paterni
754 1469 1303 1509 tas est haec essentia, ergo paternitas est filia¬
761 1496 1304 1543 tio: si autem ponamus dictam distinctionem
760 1528 1294 1571 formalem, statim possumus vitare praefatum
758 1567 1278 1611 svllogismum, vt potest patere per habita
758 1596 1290 1635 Ex quibus omnibus apparet, quod secundum
748 1629 1297 1671 has duas opiniones, omnino est ponenda ali
758 1667 1296 1708 qua distinctio, vel aliqua non identitas in¬
762 1695 1302 1736 ter essentiam, & proprietates relatiuas secu
760 1729 1283 1775 dum proprias earum rationes formales
797 1760 1294 1808 Hae autem duae opiniones aliquo modo
765 1794 1290 1836 differunt inter se, & aliquo modo conueniunt
766 1828 1290 1867 Differunt enim quia tenentes primam opinio
758 1863 1293 1905 nem, ideo ponunt, quod proprietates relati¬
766 1898 1288 1940 uae non sint distinctae res ab essentia; quam
765 1927 1296 1972 uis distinguantur ab ea formaliter, vel moda
760 1960 1304 1999 liter, quia volunt, quod tam in Deo, quam
750 1997 1301 2041 in creaturis relatio non possit dici proprie
741 2022 1300 2079 res, sed modus rei. Tenentes autem secun¬
