1500 2285
171 162 712 212 finitiue, & in primo modo dicendi per se,
175 200 711 245 quod videtur salsum, quia nec vnum eorum
181 235 712 283 est alterius tota definitio; nec pars defini¬
185 271 261 313 tionis,
209 300 711 344 Haec tamen exposito non potest stare pro¬
186 330 714 373 pter tria : Primo, quia distinctio rationis est
177 368 710 408 minor, quam distinctio formalis: sed illa re¬
183 405 716 446 quirit extrema, ergo magis ista. Secundo,
178 436 715 479 quia cum distinctio sit quaedam relatio, po¬
175 466 714 509 nere distinctionem sine extremis, est ponere
179 502 714 541 relationem sine extremis, quod est omnino
179 532 718 572 impossibile. Tertio, quia incidunt in illud,
177 571 718 608 quod volunt vitare. Nam dicere, quod es¬
175 598 706 639 sentia, & relatio non sunt idem definitiue¬
175 634 711 675 idem est, ac si dicerent, quod habent distin¬
183 671 725 706 ctas definitiones : ponere autem distinctas de¬
177 707 715 749 finitiones, est ponere distincta extrema, er-
185 741 271 782 go &c.
213 756 718 805 Quapropter videtur simpliciter esse dicen
178 798 721 840 dum, quod inter essentiam, & proprietates
174 833 714 875 relatiuas nulla sit ponenda talis distinctio,
178 864 716 904 vel non identitas secundum earum proprias
176 897 715 943 rationes formales. Motiua autem istorum sol
180 938 512 980 uentur in fine quaestionis
233 995 672 1043 ARTICVLVS QV.ARTVS.
186 1061 716 1109 An inter essentiam, & proprietates sit aliqua
223 1099 677 1139 diuersitas secundum proprias earum
395 1133 508 1173 vnitates.
263 1233 717 1275 Vic articulo quidam respondent affir
256 1265 713 1308 matiue distinguunt tamen de vnitate,
181 1308 719 1343 & indiuisione dicentes, quod est duplex in¬
182 1327 719 1375 diuisio, vel vnitas. Vna, qua quaelibet res est
184 1366 719 1407 indiuisa in se, & a se, ex eo quod habet ad se
182 1398 715 1441 ipsam identitatem repetitionis, repetendo se
188 1431 718 1481 ipsam sub eodem nomine, & eodem conce¬
184 1463 715 1515 ptu, siue sub diuersis nominibus, & diuersis
185 1500 715 1544 conceptibus, quo modo Sortes, homo, & alal
191 1535 705 1572 dlicuntur habere vnitatem, & identitatem.
188 1564 716 1612 quia vnum eorum repetit rem alterius, sub
178 1597 713 1637 alio conceptu. Alia vero est vnitas, & indi¬
181 1636 711 1674 uisio, qua aliqua res potest esse indiuisa a
179 1666 716 1708 quadam re, non per identitatem repetitionis,
178 1706 712 1741 sed per identitatem indistinctionis, secudum
185 1734 711 1776 quem modum rectitudo dicitur esse indiuisa
180 1766 717 1806 a linea, & quaelibet passio vniuersaliter a
181 1803 711 1840 suo subiecto, non quia habent identitatem re¬
186 1832 719 1880 petitionis, quia tunc vnum eorum nomina¬
187 1863 715 1906 tum, repeteret rem alterius, quod patet esse
177 1899 722 1940 falsum, sed quia habeat identitatem indistin
186 1938 720 1974 ctionis. Nam propria passio sic est indistincta
187 1965 721 2008 a subiecto, quod intellectus non potest eam
179 1997 720 2049 praecise concipere, non includendo ibi subie
184 2033 723 2089 ctum. Primam tamen vnitatem, quae estper re¬
744 156 1290 210 petitionem eiusdem rei, vocant indiuisionem
747 206 1284 243 absolutam, illam vero, quae est per indistin¬
743 234 1288 276 ctionem, vocant indiuisionem relatiuam &
746 267 1284 305 hoc rationabiliter, quia illa, quae sunt vnum
753 302 1281 343 primo modo, respiciunt se mutuo in recto,
746 335 1284 369 tanquam habentia identitatem absolutam.
754 364 1282 403 lla vero, quae sunt vnum secundo modo, re¬
744 402 1290 436 spiciunt se mutuo in obliquo, tanquam ha¬
750 436 1289 475 bentia identitatem relatiuam. Nam eo ipso,
753 473 1285 508 quod talis identitas est respectu alicuius in
748 502 1286 538 obliquo, videtur ad aliud, & non ad se, & per
746 536 1290 576 consequens relatiua, & non absoluta. Ad¬
748 562 1289 612 dunt insuper, quod illa quae sunt idem, per
744 600 1287 643 repetitionem eiusdem rei sub alio conceptu,
742 640 1283 679 necessario alterum eorum est ens rationis, si¬
744 671 1280 709 cut patet in Sorte, & homine, quia homo se¬
747 703 1287 747 cundum quod repetit rem importatam per
747 733 1283 771 Sortem, non dicit rem mere extra animam, imo
740 766 1044 811 dicit rem, vt conceptam.
775 793 1295 839 Hoc ergo ad propositum applicando, di¬
740 830 1287 874 cunt, quod diuina essentia, & proprietates
748 872 1286 911 relatiuae, non habent vnitatem per repetitio¬
744 904 1287 946 nem, eiusdem rei sub alio conceptu, quia tuc
742 936 1279 979 alterum eorum esset ens rationis, & per con
743 966 1293 1006 sequens non esset in Deo, quicquid n in Deo.
750 999 1281 1041 est, realiter ibi existit. Vlterius etiam non po
742 1038 1296 1078 test dici, quod habeant vnitatem per repeti¬
751 1066 1282 1104 tionem eiusdem rei sub eode conceptu, quia
751 1107 1287 1145 tunc esset nugatio in dicendo, essentia est po¬
753 1136 1289 1175 ternitas: Remanet ergo, quod habeant iden
751 1169 1296 1204 titatem indistinctionis, quia tunc res sunt pe
742 1205 1292 1238 nitus indistinctae, quando intellectus non po
751 1234 1293 1276 test concipere vnam earum, non includendo
749 1267 1293 1310 aliam, & ideo fundant penitus eandem vni¬
748 1300 1277 1343 tatem, & indiuisionem relatiuam, Hoc tamen
745 1338 1289 1379 non obstante retinent sibi suas proprias vni¬
743 1364 1286 1411 tates, & indiuisiones absolutas, propter duo.
742 1399 1299 1444 Primo, quia vnitas absoluta nunquam sepa¬
743 1434 1299 1477 ratur a re, quamdiu manet sua realitas. Se¬
743 1466 1279 1502 cundo, quia vnitas relatiua supponit vnita¬
745 1500 1299 1541 tem absolutam. Propter quae omnia conclu¬
749 1531 1288 1569 dunt, quod in qualibet persona diuina sunt
744 1565 1282 1605 tres indiuisiones, & identitates. Vna, qua es¬
741 1602 1273 1644 sentia est indiuisa a se ipsa, & sbi ipsi eadem
742 1633 1271 1683 Alia, qua quelibet proprietas est indiuisa a
739 1664 1279 1706 se, & sibi ipsi eade, & amuae istae sunt absolu¬
741 1700 1275 1740 tae. Tertia est, qua essentia est eade proprie¬
743 1727 1231 1775 tati, & indiuisa ab ea, & ista est relatiua
778 1763 1289 1810 Quod autem primae duae indiuisiones, vel
750 1800 1284 1837 vnitates absolutae sint distinctae, probant du¬
749 1831 1280 1867 pliciter. Primo quidem, quia illae vnitates sunt
746 1866 1299 1900 distinctae, quibus opponuntur distinctae mul
742 1902 1284 1940 titudines, sed vnitati essentiae opponitur mul
745 1933 1284 1974 titudo essentiarum, vnitati autem paternita¬
752 1964 1289 2005 tis, quae est proprietas, opponitur multitudo
754 2004 1299 2042 paternitatum, quae sunt distinctae multitudi¬
753 2029 1299 2085 nos, ergo &c. Secundo, quia si esset eadem
