1500 2282
202 152 745 202 vnitas, vel indiuisio absoluta sequeretur, quod
201 195 739 240 esset idem error ponere in Deo plures essen¬
208 223 749 280 tias, & plures paternitates, quod patet esse
203 262 303 308 falsum.
240 267 741 335 Probant insuper, quod dictae duae indiui¬
206 322 748 371 siones absolutae differant ab illa tertia relati
209 364 740 399 ua, & hoc dupliciter. Primo, quia illa relati¬
206 399 739 434 ua supponit istas duas absolutas. Secundo,
202 436 745 471 quia quaelibet indiuisio absoluta est in se ade
209 465 743 505 quata, & conuertibilis; indiuisio vero relati¬
211 497 753 534 ua essentiae cum quacunque proprietate non
203 531 756 564 est adaequata, nec conuertibilis : remanet er-
206 557 494 607 go quod sint distinctae.
244 568 747 636 Per istas autem indiuisiones volunt vitare
213 623 743 667 omnes difficultates, quae sunt de Trinitate
217 658 740 704 personarum. Nam quia proprietates relati¬
212 699 740 733 uae sunt idem cum essentia identitate relati¬
206 730 739 767 ua; ideo saluatur ibi simplicitas, quia vero
204 764 739 799 non sunt idem identitate absoluta, ideo con¬
205 796 737 834 tradictoria praedicata possunt eis attribui, non
200 833 738 871 tamen propter hoc est ibi contradictio, quia
211 857 737 903 talia praedicata non verificantur de eodem;
206 897 741 930 & per consequens saluabitur distinctio rea¬
199 929 739 976 lis personarum, & haec est eorum opinio ex
204 962 480 1001 dictis eorum collecta.
232 968 737 1040 Quae quidem opinio videtur mihi defice¬
198 1031 440 1072 re propter nouem
236 1033 730 1101 Primo deficit, quia ponit, quod illa, qua
202 1092 739 1131 sunt vnum per identitatem repetitionis, si¬
199 1125 735 1169 cut homo, & alal habent identitatem abso¬
204 1155 737 1205 lutam, quod patet esse falsum, ex dictis eo¬
199 1189 735 1234 rum, dicunt enim identitate absolutam esse
199 1223 738 1267 conuertibilem, & adaequata, & in hoc differt ab
197 1258 740 1298 identitate relatiua: si ergo homo, & aial sunt
198 1298 734 1335 idem per identitatem repetitionis, coguntur
198 1327 726 1367 necessario dicere, quod sunt idem conuerti¬
199 1362 732 1402 biliter, quod omnino est falsum, vel cogun¬
199 1394 733 1439 tur ad contradictoria, quod est penitus in¬
199 1430 354 1471 conueniens
225 1431 732 1497 2 Quia ponit illa, quae sunt idem identi¬
190 1490 729 1532 tate repetitionis, ita se habere, quod sem¬
194 1524 727 1573 per alterum eorum est ens rationis, nec est in
199 1554 728 1603 eo quod denominat, nisi secundum rationem,
198 1597 732 1635 & sic probant, quod paternitas non sit eadem
198 1629 731 1667 essentiae per repetitionem, quia sequeretur,
195 1660 727 1705 quod esset ens rationis, & non esset in Deo
194 1688 727 1735 realiter. Iste tamen modus dicendi manife¬
192 1726 727 1765 ste falsus est, quia videmus quod alial est idem
190 1752 729 1799 homini per repetitionem (secundum eos) &
193 1791 731 1830 tamen constat, quod aial est nomen rei exi¬
197 1823 725 1866 stentis extra animam, alioquin sequeretur,
192 1854 735 1901 quod homo non esset realiter alial; & ideo vi
202 1894 731 1928 dentur decipi per fallaciam figurae dictionis,
199 1923 727 1963 Non enim sequitur alial est distinctum ab ho
198 1958 731 1999 mine secundum rationem, ergo est ens ratio¬
201 1988 723 2031 nis; quia in antecedente non sumitur illud;
195 2024 731 2079 quod est alal, sed ipsa distinctio animalis,
778 155 1323 205 quae pertinet ad praedicamentum relationis;
772 196 1318 243 in consequente vero sumitur illud quod est
775 225 1322 269 animal, & pertinet ad praedicamentum sub¬
778 261 868 304 stantiae.
807 273 1311 336 3 Quia ponit, quod propria passio habeat
775 323 1311 373 identitatem relatiuam cum subiecto, & ex hoc
779 357 1313 404 ipso non potest concipi praecise sine subiecto,
773 401 1319 442 vt dicunt, quod est falsum; nam constat ean¬
771 431 1315 472 dem identitatem, & indistinctionem, quam
777 460 1318 503 habet passio cum subiecto, habere subiectum
775 495 1325 538 cum passione: quapropter si dicta indistin¬
774 525 1331 566 ctio, & identitas est causa cur passio non pos¬
772 558 1322 605 sit concipi praecise non includendo subie¬
779 594 1320 636 ctum, pari ratione erit causa cur non possit
773 625 1323 670 concipi subiectum non includendo passio¬
768 666 1315 704 nem, quod patet esse falsum, & ideo iste mo¬
777 693 1321 737 dus dicendi videtur peccare per non causam,
768 728 904 769 vt causam.
788 738 1311 803 4 Deficit, quia ponit indiuisionem rela¬
773 791 1316 844 tiuam supponere indiuisionem absolutam:
773 826 1310 869 ad quod dictum sequitur necessario, quod
770 861 1320 903 essentia possit concipi praecise non coinclu¬
770 897 1316 934 dendo proprietatem relatiuam, & e conuer¬
772 929 1311 967 so,: cuius oppositum praefata opinio omnino
764 957 1315 995 asserit, & per consequens videtur sibi con¬
765 990 1311 1036 tradicere: Consequentiam probo, quia si sem
770 1034 1310 1068 per prius potest concipi sine posteriori ipsum
774 1058 1315 1102 praecise non includendo, ergo si illa indiuisio
763 1090 1309 1133 absoluta, qua essentia est indiuisa a se ipsa¬
774 1128 1302 1165 est prior illa indiuisione relatiua, qua est in¬
764 1160 1310 1204 diuisa a proprietate, poterit concipi essentia
774 1189 1314 1238 praecise, prout stat sub sua indiuisione abso¬
769 1233 1306 1265 luta, quo modo non includit proprietatem,
771 1258 1307 1304 priusquam concipiatur, prout stat sub indi¬
769 1289 1321 1336 uisione relatiua, secundum quem modum
760 1325 1034 1371 includit proprietatem.
800 1336 1308 1403 3 Quia non possunt saluare, quod indiui
763 1392 1303 1432 sio absoiuta, & relatiua sint distinctae, sicut
758 1427 1299 1466 intendunt, quod patet, Nam vel erunt distin
762 1460 1300 1502 ctae seipsis, quod non potest dici, cum sint
766 1499 1306 1534 purae priuationes, vel ex diuisionibus, quas
766 1532 1300 1568 priuant, quod etiam nequit dici, quia non
762 1565 1294 1606 priuant diuisiones debitas inesse, vel possi¬
756 1590 1298 1632 biles inesse; imo diuisiones impossibiles; &
754 1629 1303 1667 ideo dictae indiuisiones videntur praecedere
767 1657 1303 1703 diuisiones, quas priuant, & per consequens
761 1694 1293 1733 non poterit sumi earum distinctio ab eis: Neo
758 1734 1297 1771 potest dici, quod sint distinctae ex fundamen
757 1760 1296 1799 to, quia ipsi non ponunt in fundamento ali¬
758 1798 1299 1833 quam distinctionem praeuiam eis, remanet er
758 1828 1151 1868 go, quod sint penitus indistinctae
795 1862 1292 1903 o Quia ponit propriam, & distinctam pas
756 1888 1297 1931 sionem sine proprio, & distincto subiecto,
762 1931 1299 1968 quod videtur impossibile, & absurdum, quod
762 1958 1301 2002 autem hoc sequatur, ex dictis ipsorum pro¬
752 1991 1296 2032 bo. Constat namque, quod vnitas, & indiui¬
754 2023 1302 2080 sio absoluta, secundum quam quodlibet ens
