1500 2278
172 176 725 220 actualem, relinquit tamen distinctionem ra¬
176 212 718 252 tionis potentialem: ita quod intellectus su¬
187 244 727 291 perueniens necessitatur ad distinguendum
176 277 726 319 inter illa; Et quod ita sit, apparet ex duobus
218 313 720 349 Primo, quia illa, quae non possunt conci¬
187 345 723 387 pi eodem conceptu definitiuo ex natura rei,
184 386 720 419 necessitat ad distinctos conceptus, genus, &
186 413 726 451 differentia sunt huiusmodi, ergo &c. Maior
183 447 728 490 patet, quia cum conceptus definitiuus sit pro
180 480 730 522 prijssimus, & maxime ex natura rei; impos¬
176 514 722 551 sibile est, quod aliqua concipiantur distinctis
180 546 722 590 conceptibus definitiuis, quin ex natura rei
178 587 722 626 proueniat distinctio dictorum conceptuum,
185 612 731 649 Minor etiam apparet, quia differentia nullo
182 650 732 696 modo cadit in conceptu definitiuo ipsius ge¬
187 679 725 725 neris: & ideo si vtruque eorum difiniretur,
186 714 697 756 necessario haberet distinctas definitiones.
214 751 731 788 2 Illa, quorum vnum potest concipi, &
182 781 723 821 esse cum opposito alterius, necessario conci¬
179 810 726 859 piuntur distinctis conceptibus, genus, & dif-
181 850 728 891 ferentia sunt huiusmodi, ergo &c. Maior est
185 880 722 925 nota, quia impossibile est, quod vnum, & idem
182 921 730 961 concipiatur cum opposito sui ipsius. Minor
184 947 726 992 etiam apparet, quia genus, non solum potest
187 978 726 1022 concipi cum opposito ipsius differentiae, sed
190 1021 734 1060 etiam esse, saltem in diuersis; possumus ergo
185 1047 732 1090 ex omnibus istis concludere, quod duplex est
190 1076 727 1127 distinctio rationis Vna quae prouenit ex na¬
189 1113 729 1157 tura rei necessitantis, sicut est distinctio ge¬
186 1157 728 1188 neris & differentiae; alia quae prouenit ex na
188 1180 726 1219 tura rei non repugnantis, sicut est distinctio
187 1214 733 1263 definitionis, & definiti; & quaelibet istarum
189 1247 730 1287 est fundata super teali identitate, & simpli¬
191 1282 736 1321 citate, quauis sit alius modus identitatis (vt
192 1314 734 1362 visum est) Si tamen quaeratur: quomodo di¬
191 1344 736 1392 cti duo modi identitatis in eadem re simplici
189 1385 739 1426 distingnuntur: Dico, quod distinguuntur per
189 1417 737 1456 hoc, quod possunt fundare diuersas defini¬
191 1449 736 1491 tiones secundum rationem, & ideo eorum di
190 1486 739 1521 stinctio est solum secudum rationem, quam¬
197 1515 701 1554 uis proueniat ex natura rei potentialiter.
190 1550 731 1593 Ad maiorem autem euidentiam eorum,
198 1581 734 1626 quae dicta sunt, sciedum, quod ista distinctio
192 1615 737 1659 rationis quae prouenit ex natura rei necessi¬
203 1649 740 1695 tantis, non debet videri alicui fictitia cum sit
191 1685 735 1720 secundum intentionem Aristot. & Com con
198 1717 735 1756 stat enim secundum intentionem vtriusque,
198 1751 745 1792 quod tempus non addit aliquam realitatem
197 1789 746 1824 supra motum, dicente Com. 4. Phys. c. 10S.
203 1822 738 1861 quod tempus extra mente non est nisi mo¬
205 1857 747 1891 tus, & tamen constat, quod anima necessita¬
196 1884 745 1928 tur ad distinguendum inter tempus, & mo¬
199 1915 744 1956 tum, & ad dandum de eis distinctas defini¬
203 1948 743 1993 tiones; & hinc est, quod quamuis tempus sit
196 1984 745 2025 vera res, quia coincidit in eadem realitatem
205 2014 732 2064 cum motu, non habet tamen suum esse de
200 2052 750 2106 finitiuum complete distinctum ab esse defi
755 176 1302 228 nitiuo motus, nisi per actum animae, & pro¬
757 214 1307 255 pter istam causam non dicitur esse in rerum
757 247 1303 294 natura, nisi secundum potentiam, & ista est
753 281 1305 327 intentio Arist. 4. Phys. vbi quaerit, vtrum tem
762 315 1294 361 us esset, si anima non esset; ad quod respon¬
758 346 1305 396 det, quod esset vtique ens, si anima non es¬
755 379 1307 423 set, quae verba exponens Com. c. 37. dicit, te¬
755 418 1296 456 pus igitur in actu non erit, nisi anima sit in
758 448 1302 494 potentia vero erit, licet anima non sit, & in¬
752 485 1297 519 eodem com. ante verba praefata volens
752 519 1298 557 ostendere, quod eius totale esse non est ab
758 553 1304 597 anima, ait, esse eius in anima non est omni-
751 581 1294 630 bus modis, quoniam si ita esset, esset fictum,
761 621 1307 655 vt chimera, & hircoceruus, sed esse eius ex¬
752 653 1308 698 tra mentem est in potentia, propter sabiectum
755 681 1299 727 proprium, & esse eius in anima est in actu,
751 724 1305 764 scilicet quando anima egit illamactionem in
758 746 1304 791 subiecto appropriato ad recipiendum eam.
760 781 1304 826 Ex quibus omnibus apparet, quod secudum
761 815 1305 855 ntentionem Aristot & Auer distinctio defi-
752 855 1306 896 nitiua inter tempus, & motum, prouenit ex
764 886 1304 930 natura rei necessitantis: quia illud, quod est
752 916 1305 956 fundamentum istius distinctionis, est appro¬
767 955 1303 997 priatum ad recipiendum eam, & ex hoc ap¬
771 988 1301 1025 aret, quod non bene exponunt verba prae¬
758 1022 1305 1058 fata, dicentes, quod intentio Arist. & Com.
761 1051 1305 1099 fuit, quod tempus esset ens rationis, constitu
758 1084 1298 1122 tum per animam, quia tunc etiam motus es¬
761 1116 1294 1161 set eus rationis. Nam sicut patuit superius
771 1157 1301 1192 per Coment, tempus coincidit in ean¬
764 1189 1305 1228 dem realitate cum motu, quia extra animam
762 1215 1296 1257 non est nisi motus; & ideo verba superius
760 1251 1293 1292 adducta non sunt exponenda secundum in¬
767 1288 1295 1324 tellectum istorum, sed eo modo, quo superius
762 1321 1305 1356 dictum est, scilicet, quod tempus quantum
763 1350 1307 1392 ad suam entitatem non dependet ab anima,
771 1382 1303 1425 quia habet eandem entitatem cum motu, de¬
770 1420 1303 1465 pendet tamen ab ea quantum ad suum esse
770 1453 1305 1490 conceptibile, & definibile, secundum quod
765 1485 1311 1528 est distinguibile a motu, quia non habet hoc
768 1517 1306 1556 complete nisi per animam, & ideo possumus
764 1552 1314 1587 communiter concludere, quod est aliqua di¬
766 1582 1306 1623 stinctio rationis fundata super reali identita
772 1622 1306 1657 te, & simplicitate, proueniens tamen ex na¬
774 1653 1315 1702 tura rei necessitantis, & de hoc possent in¬
766 1682 1309 1729 duci plura exempla.
783 1720 1308 1757 Nam videmus, quod ratio visibilis, & co¬
770 1753 1308 1794 loris coincidunt in eandem realitatem, ita quod
770 1784 1317 1819 nulla est ibi distinctio extra intellectum, se¬
766 1816 1319 1864 cundum actum, & tamen intellectus neces¬
774 1853 1315 1891 sitatur ad concipiendum eam diuersis con¬
778 1882 1314 1925 ceptibus definitiuis. Et propter istam causam,
778 1912 1315 1950 iudicat intellectus, quod ratio visibilis quan¬
772 1949 1320 1987 tumcunque non sit distincta a colore reali¬
773 1983 1317 2024 ter, dicitur tamen de eo in secundo modo di
776 2018 1253 2053 cendi per se, sicut patet in 3. de anima.
780 2050 1317 2101 Posset etiam poni exemplum de actione,
