1500 2276
213 164 757 214 & passione, de quibus facile esset probare, quod
210 208 749 250 dicunt vnam rem simplicissimam extra in¬
204 240 752 278 tellectum, & tamen hoc non obstante, intel¬
206 268 752 308 lectus necessitatur ad concipiendum eam di
214 305 753 346 stinctis conceptibus, & ad dandum deeis di¬
206 339 740 384 stinctas definitiones, multa etiam exempla
202 374 608 418 omitto propter breuitatem.
238 402 746 449 Vnde ad propositum redeundo dico, quod
208 439 751 484 duplex est distictio rationis. Vna, quae proue
207 472 751 510 nit ex natura rei non repugnantis, sicut est
209 504 753 547 distinctio definitionis, & definiti, & ista non
210 539 753 576 valet nobis ad propositum. Alia est quae pro¬
215 572 753 611 uenit ex natura rei necessitantis, sicut est di¬
209 608 748 644 stinctio generis, & differentiae, de quibus di-
211 636 754 681 cebatur superius, quod extra intellectum di
206 671 755 710 cunt vnam rem simplicissimam secundum
211 703 749 748 actum, sunt tamen duo distinguibilia secun¬
210 740 747 774 dum potentiam, secundum Com. 7. Meta
211 773 747 819 Com. 3i vbi dicit, quod partes definitionis
207 806 753 845 hominis, quae sunt animalitas, & rationali¬
209 838 744 881 tas, sunt vnum & idem in actu, & duo in po
206 875 752 910 tentia; non potest autem intelligi, quod sint
207 903 754 950 duo in potentia alio modo, nisi quod sunt
206 940 743 981 duo distinguibilia per actum rationis; & per
210 973 745 1014 consequens eorum distinctio prouenit ex na
207 1007 741 1048 tura rei necessitantis potentialiter, & incom
204 1038 746 1085 plete, ex opere autem intellectus distinguen
209 1070 743 1118 tis actualiter, & complete; & talis distinctio
209 1105 744 1150 rationis est inter relationem, & fundamen¬
214 1145 734 1179 tum, & ideo constituunt distincta praedita
206 1175 745 1216 menta (sicut patuit superius in tertio artio.
212 1205 746 1249 praecedentis quaest.1 isto etiam modo inue¬
209 1238 746 1281 nitur distinctio rationis inter essentiam, &
206 1275 749 1316 proprietatem relatiuam in diuinis; quia quam¬
211 1306 743 1348 uis dicant vnam rem simplicissimam extra in¬
206 1338 745 1380 tellectum carentem omni distinctione reali,
203 1372 743 1415 vel formali, siue etiam modali, sunt tamen duo
203 1408 740 1449 conceptibilia distinguibilia secundum poten
199 1438 740 1477 tiam per actum rationis; & hoc prouenit ex
196 1470 735 1513 natura rei necessitantis, quia non sunt com¬
196 1505 746 1551 possibilia in eode conceptu definitiuo, quan
200 1542 739 1579 tumcunque intellectus concipiens clare vi¬
195 1570 739 1615 deat vtrumque; imo quod plus est, si intelle¬
200 1607 743 1647 ctus diuinus posset plurificare suos conce¬
196 1640 738 1686 ptus, conciperet ea distinctis conceptibus,
202 1679 739 1714 quia tamen non patitur pluralitatem conce¬
200 1711 738 1753 ptuum, concipit ea vno conceptu, qui aequi¬
200 1741 736 1784 pollet duobus: & hinc est, quod relatio, &
203 1772 733 1812 essentia in diuinis constituunt distinctos mo
196 1807 740 1846 dos praedicandi, propter quod communiter
194 1843 730 1880 conceditur ab omnibus, quod in diuinis ma
198 1871 519 1916 neant duo praedicamenta
223 1906 741 1942 Distinctio ergo rationis isto modo intelle
196 1934 729 1972 cta videtur saluare diuinam simplicitatem.
201 1975 729 2009 & videtur sufficere ad euitandam contradi¬
195 2008 725 2043 ctionem in diuinis, quod valeat ad saluan¬
198 2039 731 2087 dam diuinam simplicitate apparet. Quia illa,
778 158 1341 208 quae sunt penitus idem extra intellectum, nul
787 203 1333 248 am faciunt compositionem, sed illa, quae ha
776 239 1328 275 bent talem distinctionem rationis, sunt pe¬
783 276 1325 314 nitus idem extra intellectum (vt dictum est)
787 306 1323 354 ergo &c. & confirmatur, quia illa distinctio,
784 344 1322 384 quae nullam facit compositionem in creatu¬
783 375 1329 411 ra, multo minus debet facere compositionem
778 408 1322 444 in Deo: sed talis distinctio rationis nullam
778 441 1329 488 facit compositionem in creatura, ergo multo
774 474 1323 518 minus in Deo. Maior patet, quia quicquid
781 509 1325 545 est in Deo, inuenitur ibi modo actualiori in
785 540 1333 576 infinitum, quam sit in creatura; & per con¬
783 571 1331 615 sequens minus potest facerc compositonem,
781 608 1331 644 cum omnis composito ex potentialitate pro¬
783 644 1331 682 cedat. Minor probatur dupliciter. Primo,
783 676 1331 719 quia videmus, quod relatio in creaturis est
781 708 1329 745 distincta a fundamento isto modo, & tamen
780 742 1320 780 nullam facit cum eo compositonem, alioquin
776 773 1327 811 non posset sibi denuo aduenire, vel ab eo re¬
777 814 1324 855 cedere sine mutatione. Secundo, quia vide¬
776 839 1323 887 mus, quod talis distinctio est inter intellecti¬
786 875 1326 914 aum, & sensitiuum in anima intellectiua, &
778 909 1325 954 tamen nullam faciunt ibi compositonem, alio¬
777 939 1325 981 quin sequeretur, quod anima intellectiua,
785 980 1330 1017 quae habet dictos gradus distinguibiles, ex
783 1006 1323 1047 natura rei per actum rationis, esset compo¬
781 1038 1315 1079 sitior anima uegetatiua, quae eos non habet,
775 1074 1323 1115 quod est absurdum. Quapropter concludo,
782 1104 1317 1149 quod talis distinctio rationis in nullo dero¬
779 1137 1074 1185 gat diuinae simplicitati.
804 1173 1320 1221 Vlterius dico, quod fufficit ad vitandum
779 1212 1312 1246 contradictionem in diuinis, quia cum sit sum¬
779 1240 1315 1284 pta ex natura rei necessitatis, aequipollet di¬
775 1279 1318 1322 stinctioni reali, & qud ita sit probo tripliciter.
801 1307 1317 1347 Primo, llla distinctio rationis, quae habet
779 1340 1318 1388 pro fundamento vnam rem aequipollentem
777 1377 1311 1422 duplici realitati, aequipollet reali distinctio¬
772 1408 1318 1450 ni; distinctio rationis sumpta ex natura rei
774 1440 1314 1485 necessitantis est huiusmodi, ergo &c. Maior
775 1472 1319 1514 videtur nota, quia ita se habet distinctio ra¬
768 1507 1310 1553 tionis ad distinctionem realem, quemadmo¬
774 1541 1319 1580 dum res, quae est fundamentum realis distin
773 1574 1310 1622 ctionis; & ideo si fundamentum distinctionis
773 1608 1315 1650 rationis aequipolleat distinctioni reali; ita di¬
769 1642 1306 1678 stinctio ronis aequipollebit distictioni reali¬
771 1676 1312 1712 Minor etiam apparet, cum nulla alia causa possit
773 1711 1308 1753 assignari, quare aliqua vna res necessitet ad
773 1742 1312 1778 distinctionem rationis, nisi quia aequipollet
764 1776 1306 1819 duplici realitati, quae est fundamentum di¬
767 1808 1294 1852 stinctionis realis.
802 1840 1313 1879 Secundo, sicut se habet vnitas rationis ad
768 1878 1312 1914 vnitatem realem, ita distinctio rationis ad di
767 1911 1306 1955 stinctionem realem, sed vnitas rationis, quae
771 1939 1309 1990 prouenit ex natura rei necessitantis, aequipol
771 1975 1308 2021 set vnitati reali; ergo & distinctio rationis
767 2009 1309 2050 proueniens ex natura rei necessitantis aequi¬
768 2045 1313 2094 pollebit distinctioni reali. Maior patet, quia
