1500 2285
199 144 744 204 obiectum, nullus debet dubitare. Nam di¬
202 180 746 228 cit Comxij. Metaph. cap. 50. quod intelle¬
199 223 740 274 ctus aptus est diuidere ea quae sunt adunata
203 252 438 301 adinuicem in esse¬
242 266 743 336 Ad, secundum dico, quod illa distinctio
199 318 735 366 rationis valet nobis ad vitandum contradi¬
202 348 745 403 ctionem, non tanquam causa, sed tanquam
201 382 738 434 signum necessarium, per quod conuincimus;
203 414 740 469 quod fundamentum talis distinctionis aequi
203 447 741 507 pollet fundamento distinctionis realis; & per
199 493 741 534 consequens, sicut in fundamento distinctio
198 517 744 569 nis realis non habet locum contradictio; ita
197 551 745 602 etiam nec in fundamento distinctionis ra¬
194 581 741 634 tionis isto modo accepte. Nam semper dice
196 624 733 670 tur, quod talia predicata contradictoria nen
203 648 739 708 verificantur secundum idem conceptibili¬
198 691 475 739 ter, vel aequipollenter.
218 699 729 768 Ad tertium autem dicendum quod, tre
193 750 736 801 possunt esse causae quare aliqua distinctio
203 797 735 835 ationis possi arguere aliquo modo compo¬
195 812 731 865 sitionem. Vna causa est, si vnum illorum con
189 855 736 903 ceptibilium sit extraneum, & accidentale al
192 883 729 932 teri, & secundum istum modum possumus
195 928 737 968 dicere, quod relatio in creaturis, quamuis
191 951 734 1002 non faciat compositonem realem cum fun¬
187 997 732 1040 damento, facit tamen compositionem ratio¬
188 1022 722 1068 nis, quia est sibi extranea, & accidentalis.
183 1050 730 1105 Secunda causa est, si, vnum illorum conce¬
189 1084 730 1135 ptibilium est in potentia ad alterum, secun¬
186 1120 725 1169 dum quod est distinguibile ab eo per actum
185 1153 729 1205 rationis, secundum quem modum genus est
187 1186 726 1235 in potentia ad differentiam, & ideo facit ali
189 1217 727 1269 quam compositionem cum ea; Tertia, causa
188 1257 729 1300 est. limitatio, ita, vt vni illorum conceptibi¬
182 1285 717 1333 lium non repugnet, quod alterum se habea
180 1320 728 1368 per additionem ad ipsum, & ista causa con¬
183 1355 728 1403 currit in vtroque exemplo, superius posito (vt
187 1400 724 1437 patet omnes autem istae tres causae deficiur
185 1423 729 1468 in ista distinctione rationis, quae est inter es¬
183 1459 728 1502 sentiam, & proprietatem relatiuam (vt pa¬
185 1485 722 1534 tet) quia non est ibi accidentalitas, cum non
180 1523 727 1565 possit esse ibi aliquod accidentale; nec est et
178 1553 719 1602 ibi potentialitas, cum sit purus actus; nec li
184 1589 719 1647 mitatio, cum sit infinitus, vt ad praesens sup
182 1626 318 1671 ponitur.
202 1631 722 1704 Possumus ergo ex omnibus istis conclude
189 1687 723 1734 te, quod inter essentiam, & proprietates re¬
185 1723 725 1767 latiuas necessario sit ponenda, distinctio ra¬
180 1755 716 1802 tionis, eo modo, quo dictum est; nec est ne¬
178 1786 717 1836 cesse ponere aliquam aliam, quia omnia quo
182 1819 714 1870 alij volunt saluare per distinctionem forma
183 1851 718 1903 lem, vel modalem, possumus nos saluare per
183 1887 715 1935 solam distinctionem rationis, hoc modo in¬
180 1918 715 1969 tellectam. Et haec videtur fuisse intentio Ma
176 1953 714 2005 gistri in sequenti distinct vbi inter persona,
178 1987 715 2033 & essentiam, concedit solum illam distin¬
178 2022 714 2069 ctionem, quae est secundum rationem, & per
767 142 1324 191 consequens eodem modo videtur dicendum
772 183 1320 236 de essentia, & proprietate relatiua, quia per
775 219 1318 277 sona non differt ab essentia, nisi ratione pro
769 249 1001 307 prietatis relatiuae.
802 272 1318 343 His autem visis, Leue est respodere ad ra¬
774 316 1307 369 tiones aliarum opinionum, quae probant
772 349 1316 406 ibi esse aliam distinctionem, quam distinctio
771 384 1309 439 rationis. Ad rationes autem primae opinionis.
807 419 1317 473 Ad primam dico, quod illud, quod secun
774 446 1310 497 dum seipsum totum, & secundum totam re;
774 487 1318 542 litatem suam est respectiuum, est distinctum,
776 518 1315 570 vel distinguibile conceptibiliter ab absoluto,
768 554 1312 607 & potest dici, quod est distinctum ab absolu
774 586 1316 637 to aequipollenter, quia tantum potest, ac si
770 619 1330 672 esset dist inctum; nam illa identitas quam ha¬
774 652 1308 701 pet cum absoluro, non aufert ab eo suam en¬
766 685 1314 739 titatem, & per consequens, sicut stante sua
765 719 1311 767 identitate cum absoluto remanet ibi sua en¬
772 753 1315 807 titas, ita etiam remanebit sibi sua proprie¬
765 786 1317 838 tas, quae consistit in hoc, quod est distingue
766 821 1309 873 re, & refferre; sicut posset poni exemplum
762 855 1311 897 de sensitino in anima humana, quod quidem
767 887 1307 940 habet identitatem cum anima intellectiua,
766 919 1304 968 tamen non obstante illa identitate, reti¬
760 951 1315 1005 net sibi suam propriam identitatem : rema¬
763 985 1309 1040 net etiam ei sua proprietas, quae est esse princi
766 1018 1308 1074 pium actus sentiendi; ita vt vere possit de
757 1050 1310 1105 eo dici, quod ipsum sit distinctum ab intel¬
763 1086 1313 1144 lectiuo aequipollenter, quia aeque potest, ac
759 1120 984 1173 si esset distinctum
764 1140 1298 1201 Ad secundam dicendum eodem modo
760 1182 1300 1238 nam quamuis relatio sit idem quod sola es¬
762 1224 1296 1270 entia realiter, & formaliter: non est tamet
751 1250 1300 1308 idem conceptibiliter, vel aequipolleniter, quia
754 1284 1298 1342 essentia sola, prout, praeseinditur ab ea rela¬
754 1320 1118 1373 tio, non aequipollet relationi.
789 1353 1291 1406 Ad tertiam dicendum, quod personam con
755 1374 1294 1431 stituitur ex duobus secundum rem, referen¬
790 1416 1292 1470 Iyrem, non ad ipsam dualitate, quae non
757 1454 1297 1507 est realis, sed secundum rationem, sed ad ipsa
764 1486 1296 1538 principia constituentia, quae sunt vere rea¬
751 1518 1294 1573 lia, quamuis, sint distincta sola ratione Con¬
755 1552 1299 1606 stituitur, vero ex quobus secundum rationem,
758 1583 1289 1636 referendo Iy rationem ad ipsam dualitatem,
759 1618 1299 1662 quia dualitas & distinctio principioru con¬
749 1651 1293 1704 stituentium est solum secundum rationem:
749 1685 1297 1730 Nunc autem suppolitum non habet, quod
752 1717 1297 1771 it reale a distinctionem reali principioru con
752 1752 1297 1797 stituentium, sed ab eorum realitate, quae ma¬
752 1786 1291 1830 net stante sola distinctione rationis inter ea;
751 1818 1290 1874 & ideo n illa deductione videtur esse mul¬
750 1853 1135 1904 tiplex fallacia si, bene aduertat
750 1877 1290 1940 Ad quartam didedum, quod cum dicimus,
746 1917 1292 1971 pater distinguitur a filio realiter non sola
748 1950 1295 2001 realitate essentiae; ibi accipitur essentia sola
754 1994 1291 2040 cum praecisione relationis, quae quidem prae¬
752 2019 1301 2077 cisio fit per actum rationis, & ideo debet in¬
