1500 2323
218 146 571 202 dentur esse idem, quod ipsae¬
251 194 769 231 2 Si essent idem quod origines, tunc non
218 222 763 263 constituerent personas inquantum proprie¬
218 261 757 294 tates relatiuae, sed magis inquatum origines.
216 292 757 332 euius oppositum patet ex dictis in 20. dist.
222 327 762 364 Consequentiam probo, quia persona prius
219 361 755 401 intelligitur sub origine, & per consequens si
219 398 754 429 eadem res importatur per originem, & pro¬
219 428 755 472 prietatem relatiuam, illa res prius, & magis
215 461 762 512 constituet personam inquantum origo, quam
213 498 611 542 inquantum proprietas relatiua
217 527 757 567 3 Si hoc esset, personae possent intelligi
208 566 751 605 constitutae abstractis proprietatibus relatiuis
205 599 753 640 per intellectum, quod videtur esse falsum, eo
206 629 755 671 quod nulla res potest intelligi constituta sine
208 666 751 702 suo principio constitutiuo : Consequentiam
208 699 748 742 probo: Nam quia origines videntur praece¬
200 730 755 775 dere proprietates relatiuas videntur etiam
206 768 752 815 posse intelligi illis circumscriptis per intel¬
207 798 747 839 iectum : & per consequens etiam quaelibet
201 836 746 877 persona videtur posse intelligi sub origine
197 868 752 907 constituta, antequam habeat proprietatem
195 900 341 944 rela iuam.
236 931 737 985 ARVITVR PRO PARTE
395 968 566 1012 affirmatiua.
193 995 743 1049 ISIIproprietates relatiuae non essent idem
214 1020 748 1076 quod origines, non essent idem quod
207 1069 744 1105 essentia, cuius oppositum patet ex dictis; su¬
201 1106 746 1146 prai Consequentiam probo, quia proprietas
194 1143 741 1175 rel viua, cum sequatur ad originem, non vi¬
196 1169 739 1206 detur fundati in essentia nisi mediante ori¬
197 1203 635 1246 gine.
190 1235 746 1280 TRESPONDEO: In ista quaestione tria
191 1270 500 1313 sunt vidend.
264 1299 739 1357 An propri:ates relatiuae sint idem, quod
190 1334 474 1384 ipsae origines.
227 1366 745 1413 2 An constituant porsonas inquantum ori¬
197 1404 732 1451 gines, vel inquantum proprietates relatiuae.
226 1441 743 1486 3 An eis abstractis por intellectum, rema¬
192 1477 530 1519 neant personae constitutae.
242 1530 677 1590 ARTICVLVS PRIMVS.
208 1609 718 1651 An proprietates relatiuae sint idem quod
375 1640 553 1684 ipsae origines.
270 1700 732 1753 Vic articulo respondent quidam, quod
192 1740 731 1783 non solum in diuinis, sed etiam in crea¬
197 1779 735 1813 turis relationes de secundo modo fundatae
195 1809 733 1848 super actionem, & passionem siue super ori¬
188 1845 737 1888 ginem actiue, & passiue sumptam non sunt aliud
188 1878 736 1921 realiter, quam ipsamet origo actiue, vel pas¬
191 1909 736 1950 siue sumpta, quamuis differant secundum ra
191 1944 731 1985 tionem propter diuersum modum significan
190 1982 733 2016 di, & concipiendi. Nam vna, & eadem res,
185 2018 729 2055 prout significatur verbaliter per modum flu
186 2046 728 2099 xus, & fieri, pertinet ad predicamentum actio¬
797 148 1346 202 nis, vel palsionis (secundum eos) prout vero
795 188 1344 235 significatur nominaliter per modum habitus
791 224 1340 278 quiescentis, potest pertinere ad aliud praedi¬
797 262 1225 305 camentum, quodcunque sit illud.
825 296 1345 338 Addunt tamen, quod ista significatio quam
795 324 1337 364 doque est propria, quandoque impropria;
793 356 1335 407 Nam quando res significata est talis, quod
786 395 1337 434 suum esse consistit in fieri, & in fluxu, tunc
787 429 1341 465 proprie significatur per verbum in modum
793 462 1338 503 habitus fluentis; improprie vero significatur
792 497 1332 541 per nomen, inquantum inducit modum al¬
787 534 1335 575 terius praedicamenti. Cum vero res signifi¬
784 564 1329 612 cata est talis, quod suum esse consistit in quiete,
789 599 1328 643 tunc proprie significatur per nomen in mo¬
787 631 1336 672 dum habitus quiescentis, improprie vero per
785 665 1333 711 verbum, quia non nisi inquantum induit
781 698 1331 743 modum predicamenti actionis, vel passionis,
783 735 1333 779 quorum esse consistit proprie in fieri, & fuxu¬
809 770 1329 807 Ad propositum ergo descendendo dicunt,
786 802 1330 843 quod illa realitas, quae mediat inter produ¬
791 837 1330 879 cens, & productum per modum cuiusdam in¬
782 868 1328 912 terualli, pertinet per se, & directe ad praedi¬
782 901 1332 944 camentum actionis, & passionis, tum quia per
778 938 1332 975 eam producens attingit actiue productum
775 967 1333 1014 ipsum in esse constituendo, & productum at
774 1002 1332 1048 tingitur passiue a producente constitutum
779 1036 1333 1084 in esse per ipsum, tum etiam, quia suum esse
776 1070 1328 1114 consistit in fieri, & fluxu, & ideo proprie ha
777 1100 1329 1158 bet significari per verbum, vel per partici¬
783 1136 1196 1180 pium in modum habitus fiuentis
805 1154 1324 1216 Praeterea, ipsa eadem pertinet indirecte ad
776 1210 1328 1249 praedicamentum relationis, inquantum indu
773 1244 1315 1287 it quendam modum eius, eo quod potess
770 1271 1321 1316 concipi, vt quaedam pura connexio extre¬
772 1310 1320 1342 morum, quia hoc est proprium praedicamen
775 1340 1321 1386 ti relationis. Nam sicut de ratione actionis
773 1374 1321 1412 est, quod sit quoddam interuallum inter duo
773 1409 1322 1451 extrema constituens vnum per alterum, ita
772 1441 1325 1481 de ratione relationis est, quod sit quoddam
767 1472 1315 1520 interuallum inter duo extrema non in con¬
765 1511 1314 1553 stituendo, sed solum in connectendo. Et ideo
765 1543 1319 1596 isto modo realitas actionis significatur per
771 1581 1259 1620 nomen, in modum habitus quiescentis.
800 1611 1312 1651 Mouentur autem ad hoc dicendum, quia
763 1647 1314 1688 (secundum eos) relatio producentis, & pro¬
768 1681 1301 1727 ducti non est aliud, quam illud quod conci¬
773 1710 1315 1757 pitur ab intellectu per modum interualli
771 1745 1309 1786 conectentis vtrunque. Hoc autem non est,
767 1783 1313 1820 nisi origo actiue, & passiue sumpta: quia nil
765 1817 1314 1862 aliud ibi apparet, quod possit concipi vt con¬
760 1852 1307 1890 nectens, ergo (secundum eos) dicendum est,
767 1882 1307 1926 quod eadem res importatur pgenerare, & per
775 1919 1311 1962 paternitatem in creaturis, quamuis aliter, &
763 1955 1309 1994 aliter. Et si hoc est in creaturis, multo magis
764 1981 1305 2031 in diuinis, vbi est omnimoda simplicitas, &
772 2022 1312 2064 per consequens simpliciter dicendum es, quod pro
767 2053 1293 2105 prietates relatiuae sunt idem, quod ipsae origines.
