1500 2279
174 186 732 232 libet ente; intellectus diuinus est huiusmodi;
190 226 723 263 ergo &c. Maior videtur nota, quia ideo co¬
184 260 732 306 gnoscens aliquod genus non cognoscit eius
189 293 726 332 differentias per quas diuiditur, quia habet
183 327 730 373 de ipso cognitionem confusam, & imperfe¬
187 360 731 401 ctam, ergo per oppositum, vbi cognitio ali¬
188 397 727 436 cuius generis habetur actualiter, & perfecto
186 425 727 463 ibi sunt cognitae omnes differentiae, per quas
193 456 732 495 diuiditur: Minor etiam apparet, quia absur¬
188 487 736 531 dum est dicere de ipso Deo, quod habeat con
199 527 733 569 gnitionem confusam, & imperfectam de ipso
192 561 727 607 ente. Quapropter concludo Deum cogno¬
190 589 671 631 scere omnia entia distincte & perfecte.
229 618 735 663 Hic tamen oritur rationabilis difficultas,
192 655 733 699 scilicet, vtrum Deus in cognoscendo omnia
196 693 733 729 distincte, cognoscat ea per vnam rationem,
198 725 732 761 vel per plures. Nam quidam dicunt, quod
195 763 738 800 cognoscit omnia per rationes plures distin¬
200 789 485 833 ctas ex natura rei.
199 821 739 863 Sed hoc stare non potest, quia omnes ra¬
198 855 741 902 tiones, quae sunt superius factae contra opi-
198 894 743 933 nionem de formalitatibus, possunt fieri con
197 925 460 969 tra istam opinionem.
209 956 737 998 Alij vero dicunt, quod per plures ratio¬
200 989 740 1030 nes distinctas per diuersos respectus rationis
198 1027 577 1073 fabricatos a diuino intellectu.
204 1050 739 1102 Sed neque hoc esse potest; Tum quiam se¬
199 1087 745 1130 queretur, quod diuina essentia expectaret
197 1129 741 1170 istos respectus rationis ad distincte repraesen
201 1161 740 1201 tandum: Tum etiam quia sequeretur diui¬
194 1191 741 1229 num intellectum expectare eosdem respe¬
203 1226 739 1267 ctus rationis ad distincte cognoscendum, quo
201 1255 543 1301 rum vtrunque est absurdum.
234 1287 751 1335 Et ideo alij dicunt, quod per vnam ratio¬
197 1324 739 1363 nem tantum, sed nec istud videtur bene di¬
202 1354 744 1393 ctum, quia vna ratio, inquantum vna est, non
199 1391 741 1434 habet habitudinem determinatam, nisi ad v¬
201 1423 741 1461 num, & si contingat quod habeat habitudi¬
200 1454 742 1506 nem ad plura, hoc erit per quandam indif¬
203 1495 735 1537 ferentiam, & indeterminationem. Quapro¬
207 1525 745 1569 pter relinquitur, quod ex vna ratione inquam
203 1563 739 1598 tum vna est, non possit sumi ratio distinctae
208 1591 422 1637 repraesentationis.
236 1622 745 1669 Videtur ergo mihi dicendum, quod diui¬
208 1654 749 1695 nus intellectus cognoscat omnia entia distin
204 1694 749 1733 cte per vnam rationem, non quidem in quan
204 1723 742 1763 tum vna est, sed in quantum aequipollet plu
203 1759 749 1799 ribus. De hoc tamen melius patebit in distin
211 1789 741 1828 ctione sequenti, quando agetur de ldaeis,
207 1824 363 1865 Et haec satis.
252 1885 691 1927 ARTICVLVS TERTIVS
258 1950 688 1997 Vtrum Deus cognoscat singularia.
782 175 1305 247 IVius oppositum tertium probabat ar¬
774 222 1310 269 gumentum. Conclusio autem huius
763 264 1304 308 articuli potest patere ex ijs, quae dicta sunt
757 298 1309 342 in praecedenti. Nam si Deus cognoscit om-
757 327 1305 374 nia entiam distincte, vt probatum est, sequitur
755 357 1303 417 necessario, quod cognoscat ea in singulari; &
765 395 1306 435 per consequens cognoscit singularia. Et ideo
757 430 1312 478 eaedem rationes quae factae sunt pro illa con¬
760 457 1133 511 clusione possent fieri pro ista
795 485 1308 533 Intelligendum tamen, quod quamuis du¬
769 521 1312 569 pium sit, vtrum de intentione Com fuerit
763 560 1311 600 Deum non cognoscere alia a se distincte, cre
760 593 1310 645 didit tamen, quod non cognosceret singula¬
767 629 1308 666 ria, quia in xij. Metaph exponens illud ca¬
771 659 1311 699 bitulum (Snententiam Patrum) concludit in
767 691 1304 741 fine commenti tanquam verum, quod scien
769 729 1309 763 tia Dei non est particularis, nec vniuersalis,
765 762 1310 806 & ibidem statim subiungit, quod particula
767 796 1312 831 ria, cum sint infinita, non possunt terminari
767 826 1299 866 a scientia. Et ideo propter ista videbitur
762 851 1308 901 fortasse alicui quod conclusio huius articu¬
762 892 1313 937 li non possit inferri ex conclusione articuli
772 922 942 965 praecedentis
799 955 1312 1010 Sciendum ergo, quod Deum cognoscere
762 994 1306 1039 omnia distincte potest intelligi dupliciter,
770 1027 1305 1073 vno modo quod cognoscat distincte omnes
767 1056 1307 1102 species specialissimas, quae per se faciunt ad
774 1094 1309 1132 perfectionem vniuersi: & sic forte intelle¬
764 1124 1308 1164 xit Com. quod Deus cognoscendo ens sim¬
778 1160 1310 1199 pliciter secundum quamlibet speciem, non
777 1194 1303 1233 gnorat naturam entis in omnibus entibus;
770 1227 1305 1273 Alio modo, quod cognoscat omnia entia di¬
764 1256 1311 1298 stincte, non solum secundum species specia
767 1292 1309 1331 lissimas, sed etiam singularia, & isto modo vi
774 1325 1309 1364 detur negasse a Deo cognitionem distinctam
768 1361 1305 1405 de entibus. Idcirco si rationes, praecedentis
764 1392 1307 1430 articuli non plus concludefent, nisi quod
779 1425 1303 1462 Deus habeat distictam cognitionem de enti
774 1459 1304 1500 bus, non possemus per eas habere Deum ed
773 1489 1026 1537 gnoscere singularia
799 1516 1299 1561 Nunc autem, si quis bene attendat, ratio
772 1553 1311 1601 nes praefatae non solum concludunt, quod
775 1590 1306 1631 Deus habeat distinctam cognitionem de en¬
770 1622 1302 1665 tibus, sed etiam, quod habeat eam distinctam
773 1655 1307 1695 de singularibus. Et ideo solum remanet du¬
775 1690 1302 1738 bium de modo, quo Deus cognoscat singu¬
775 1727 1299 1762 laria. Nam dicunt quidam, quod aliud ess
769 1759 1305 1798 cognoscere singulare inquantum singulare,
770 1790 1309 1828 & aliud intelligere ipsum inquantum singu
764 1823 1299 1867 lariter significatum, & demonstratum per 4
766 1856 1300 1892 nomen hoc, vel istud, vt cum dico, hoc no¬
772 1888 1310 1937 men animal, uel iste lapis, quia ille, qui in¬
772 1923 1308 1961 telligit singulare sine demonstratione; non
766 1953 1306 1995 intelligit ipsum vt distinctum ab alio singu¬
768 1988 1318 2035 lari; nam plura in singularia eiusdem speciei
764 2022 1313 2063 in istis rebus materialibus possunt esse peni¬
771 2055 1315 2101 tus similia, & per consequens non possunt
