1500 2272
198 193 737 245 habere distinctam similitudinem apud intel
200 227 733 281 lectum, sed si accipiatur singulare, prout po
190 264 734 316 test habere distinctam similitudinem apud
199 296 740 349 intellectum ab alio singulari distictam, signi
197 332 734 388 ficare, & demonstrare oportet ipsum singu¬
200 361 728 409 lare, nam talis significatio fit modo lineali
198 397 733 445 & quantitatiuo, & ideo solus sensus qui ess
197 429 740 479 virtus organica, & extensa habet facere talem
195 459 737 504 significationem. Et hinc est (vt aiunt) quod duo
194 490 741 543 indiuidua corporalia eiusdem speciei quan¬
193 530 733 580 tumcunque similia, possunt habere distinctas
200 563 730 613 similitudines apud sensum, quod non est. pro
194 592 730 645 pter aliud, nisi quia inter sensum, & indiui¬
201 630 741 675 duum sensatum est quaedam situalis opposi¬
196 658 742 710 tio, ita vt reducatur sensibile in sensum, qua
202 695 736 744 si secundum quendam modum linealem, qui
201 724 740 781 procedit de sensibili ad sensum, & e conuer
198 759 734 805 so, quasi de puncto ad punctum Quapropter
205 793 745 848 sicut centrum non potest terminari ad diuer
202 826 740 873 sa, puncta sibi situaliter opposita in circum¬
198 860 739 903 ferentia secundum eahdem lineam: ita etiam
196 893 745 943 suo modo ipse sensus non poterit terminari
200 925 744 970 ad diuersa indiuidua sensata quasi situaliter
206 961 747 1006 sibi opposita secundum eandem similitudi¬
213 990 739 1042 nem, & sensationem. Ex quibus omnibus
208 1023 739 1067 apparet (secundum viam eorum) quod so¬
213 1064 736 1109 lus sensus potest indiuiduum materiale sigi¬
202 1092 735 1138 ficare, & situaliter demonstrare, ac per con¬
208 1118 745 1172 sequens potest ipsum directe ab alio distin¬
212 1161 739 1210 guere; intellectus vero, quia non potest ip¬
210 1189 737 1234 ium significare, & situaliter demonstrare, io
214 1219 740 1274 tirco non cognoscit ipsum nisi mediante sen
210 1251 741 1307 su per conuersionem ad phantasmata, vt pa¬
207 1290 748 1337 tet tertio de Anima; nam situalis demonstra
215 1320 744 1370 tio, quam habet per sensum, est sibi causa
205 1350 744 1403 quare possit habere distictam speciem in in¬
209 1389 649 1433 tellectu ab alio singulari.
249 1427 740 1466 Applicando ergo ad propositum dicunt,
208 1459 740 1506 indiuidua materialia eiusdem speciei omni-
209 1483 747 1529 no singularia non habere ex se, quod distin¬
217 1516 747 1570 cte exemplentur in diuina essentia, sed ha¬
211 1553 740 1600 bere hoc ex situali significatione, & demon
207 1585 749 1628 stratione, sortirique; hoc ex sensu. Et ideo
209 1617 748 1669 intellectus diuinus cognoscit ea disticte hoc
205 1646 746 1699 modo, vtpote, quia cognoscit ea significata,
216 1685 547 1739 & significabilia per sensum
240 1720 744 1770 Haec autem opinio videtur deficere pro¬
222 1762 438 1800 pter quatuor.
279 1756 746 1835 Quia distinguit inter singulare, inquan
213 1817 746 1863 tum singulare determinat sibi esse in effectu
210 1846 749 1896 sub certa differentia temporis, & loci, quia
220 1885 749 1930 per hoc differt ab vniuersali, vt patet primo
219 1912 746 1967 Posteriorum, scilicet per esse hic, quod
215 1948 748 2000 est esse sub certa differentia loci, & per esse
210 1982 750 2030 nunc, quod est esse sub certa differentia tem
210 2014 744 2067 poris, & per consequens ex ratione suae sin
209 2048 748 2110 gularitatis habet significationem suam, &
768 182 1119 239 non ex sensu, vt dicunt.
798 223 1314 274 Et confirmo rationem, quia cum singula¬
763 260 1309 303 re non immutet sensum, nisi vt significat sub
763 291 1301 334 certa differentia temporis, & loci, oportet quod
773 330 1303 368 ua significatio praeueniat sensationem, & pr
766 358 1306 407 consequens demonstrationem factam per
762 392 868 444 sensum.
767 416 1308 466 2 Quia ponit, quod plura singularia ma¬
763 460 1307 494 terialia eiusdem speciei non possunt habere,
766 490 1308 535 quantum est ex se, distinctam similitudinem
771 523 1306 564 apud intellectum, quia sunt penitus similia,
770 552 1325 595 inquantum tamen accipiuntur cum situali,
775 584 1325 622 demonstratione facta per sensum, sic quod¬
769 622 1305 667 libet eorum potest habere suam propriam si
762 659 1308 697 militudinem in intellectu, quo modo habet
770 689 1299 732 uam propriam, & situalem demonstrationem
774 725 1302 766 per sensum, quod dictum videtur immedia¬
766 751 1308 796 te destruere seipsum, nam si ideo plura sin¬
770 788 1305 831 gularia quia sunt similia, non sut distincta, pari
771 822 1303 858 ratione nec vt sunt accepta cum suis: situali
770 852 1308 898 bus demonstrationibus, quia eorum situales
768 889 1298 929 demonstrationes sunt similes, quemadmo¬
771 920 931 967 dum & ipsa
786 953 1305 995 3 Quia ponit, quod intellectus non pos¬
774 989 1302 1027 ut situauter demonstrare aliquod singulare,
777 1020 1299 1063 ud non e verum, quia illa potentia, quae potess
771 1051 1311 1094 apprehendere certam differentiam tempo¬
768 1084 1312 1129 ris, & loci, potest ipsum singulare situaliter
770 1123 1319 1163 demonstrare, intellectus est huiusmodi, vt
778 1154 973 1198 patet, ergo &c.
792 1187 1308 1227 4 Quia ponit, plura indiuidua materialia
774 1219 1308 1258 eiusdem speciei non habere quod distincte
771 1249 1313 1288 represententur in diuina essentia, & quod di
770 1283 1317 1323 stincte cognoscantur ab intellectu, diuino,
778 1318 1317 1360 nisi inquantum sunt significata, & significa¬
776 1347 1316 1391 bilia per ipsum sensum, quod est fasum, Tum
774 1385 1317 1422 quia diuinus intellectus in cognoscendo di¬
770 1417 1315 1457 stinctionem singularium materialium neces¬
775 1448 1310 1489 sario coexigeret nostram cognitionem sensi
774 1487 1308 1523 tiuam: Tum quia distincta singularia non
781 1516 1313 1553 possunt repraesentari distincte in diuina es¬
782 1543 1309 1587 entia, nisi mediante nostra cognitione sensi
779 1581 1312 1625 tiua, quod est absurdum, Tum etiam quia si
777 1615 1304 1657 gnificatio facta per sensum esset intrinseca,
775 1649 1309 1688 & essentialis in diuiduis materialibus, quod
776 1683 1309 1726 est falsum, quia illud, quo primo distingui¬
777 1713 1312 1752 tur vnum indiuiduum ab alio, videtur esse si
775 1749 1314 1785 bi intrinsecum, & essentiale, sed significatio
779 1781 1308 1820 facta per sensum est huiusmodi (secundum
780 1815 1324 1849 istam viam) quia dicunt quod si aliquid a¬
777 1848 1302 1884 liud esset primum distinctiuum, sequeretus
778 1875 1314 1916 quod diuinus intellectus cognosceret illud
779 1913 1309 1957 distinctiuum singularium sine omni signifi¬
776 1942 1308 1986 catione facta, vel possibili fieri per sensum;
774 1984 1188 2019 cuius contrarium ipsimet volunt.
807 2005 1307 2050 Et ideo alij dicunt, quod Deus cognoscit
774 2050 1307 2099 singularia materialia, quia cognoscit mate¬
