1500 2264
201 166 744 224 riam, per quam vnaquaeque res debet esse in¬
207 217 743 262 diuiduum, & singulare, & quod cognoscat.
211 252 743 288 materiam probant per hoc, quia Deus pro¬
214 282 745 316 ducit totam rem, non solum quantum ad for
213 314 741 355 mam, sed etiam quantum ad materiam, in
207 356 747 391 quo maxime differt ab agente naturali pro¬
205 381 715 426 ducente rem solum quantum ad formam.
245 411 743 453 Haec autem opinio non videtur sufficies,
207 439 741 495 tum quia primo supponit vnum, quod est val¬
206 476 736 517 de dubium, scilicet quod materia sit causa in¬
205 512 745 548 diuiduationis, cuius contrarium patebit cum
212 546 737 597 Dei auxilio in secundo libro, tum quia vide¬
203 580 735 624 mus, quod attifex creatus, quamuis non pro¬
204 611 746 648 ducat materiam artificiati, vere tamen cogno
203 646 743 684 scit materiam istius attificiati cum sui produm
205 677 741 717 ctione. Et tamen hoc non obstante non eo¬
212 711 746 753 gnoscit dictum artificiatum in suo esse singu
215 746 741 785 ari, & signato ante sui productionem: tum
207 778 735 823 etiam, quia non sufficit ad cognitionem ali¬
208 808 740 849 cuius rei cognoscere sua princ pia, nisi cogno
205 843 744 880 scatur qualiter dicta principia concutrant ad
204 883 740 918 sui costitutionem, quapropter nonsufficit dice
209 910 744 954 re, quod Deus cognoscat materiam, quae est pri¬
204 942 744 986 cipium istius indiuidui, nisi ostendatur quo¬
204 976 746 1014 modo cognoscat eam indiuidualiter concur¬
207 1007 586 1053 tere ad constitutionem ipsius.
242 1044 742 1085 Et ideo est alius modus dicendi, qui vi¬
207 1068 744 1113 detur rationabilior; ponunt enim quidam
204 1109 738 1154 Doctores, quod cognoscere singulare nihil
202 1143 742 1185 aliud est, quam cognoscere ipsum secundum
210 1175 736 1219 esse actuale, quod sibi determinat in effectu;
206 1206 747 1251 per quod distinguitur ab vniuersali. Et ideo
206 1242 741 1283 fingulare quantum est ex se, non habet, quod
211 1276 740 1309 possit cognosci, nisi quando actu est in rerum
204 1306 743 1348 natura, & hoc est quod videtur augere dif¬
203 1340 748 1377 ficultatem istius articuli, quia secundum istam
210 1378 738 1410 viam conmunem debemus dicere, quod Deus
209 1403 749 1442 non cognoscat singularia, vel quod non co¬
209 1440 742 1482 gnoscat ea, antequam sint, sed postqua actu
206 1470 749 1511 funt, & per consequens videbitur variari sua
213 1506 329 1550 cognitio.
258 1530 749 1579 Quapropter si tollatur hoc dubium, po¬
217 1567 746 1609 terit sufficienter declarari, quomodo Deus
208 1609 742 1647 cognoscat singularia. Tollunt ergo praefa¬
209 1636 740 1678 tam dubitationem dicendo, quod intellectus
211 1669 744 1711 diuinus, cum sit purus actus nihil habens de
219 1704 744 1743 potentialitate, idcirco ad coonitionem rerum
214 1728 742 1780 non expectat earum progressus in esse, & per
217 1772 752 1810 consequens poterit cognoscere singularia an
212 1801 734 1844 tequam existant, sicut quando iam existunt
218 1834 744 1870 sine omni sua variatione.
259 1862 753 1903 ste autem modus dicendi videtur ratio¬
217 1896 746 1939 nabilis propter duo, primo quia tangit illud
218 1932 750 1976 quod est potissimum, in quo videtur defice¬
218 1966 750 2003 re cognitio particularium a cognitione vni¬
214 2000 743 2035 uersalis, secundum quod vniuersale appre¬
211 2031 749 2083 henditur per abstractionem ab actuali exi¬
774 178 1313 218 stentia & signata, particulare vero e con
779 221 1319 257 tratio. Et ideo maxime ex parte ista vi¬
776 252 1319 294 detur oriri dubium, quomodo Deus cogno¬
771 282 1311 325 scat particulare, antequam sit, cum talis co¬
772 315 1312 361 gnitio videatur eis omnino repuguare.
792 348 1314 388 Hoc autem dubium sufficienter tollitur
772 380 1311 424 per istam viam, quia quamuis talis cognitio
766 411 1309 458 repugnet singulari, quando intellectus cogno
770 449 1308 487 scens aliquid expectat ab ipso, vbi tamemin¬
773 482 1313 518 tellectus cognoscens nihil expectat ab ipso,
770 515 1307 550 talis cognitio sibi non repugnat.
798 545 1305 587 Secundo apparet hoc idem; quia ista: vi¬
764 577 1308 623 detur potissima causa, loquendo naturaliter;
765 610 1311 656 quare non debeat negati a Deo cognitio par
767 650 1305 686 ticularium, quia videntur limitare cognitio¬
771 679 1311 716 nem diuinam.
802 705 1303 749 Et ideo illa opinio videtur rationabilior,
770 748 1302 795 quae ad probandum propositum fundat se
771 777 1309 819 super summa actualitate diuini intellectus?
777 818 1307 853 & per consequens super sua infinitate, & il¬
778 842 1309 878 imitatione, sicut facit ista, vt visum est. Pa¬
775 879 1309 922 tet ergo quid sit dicendum quantum ad istum
770 910 1172 950 articulum, & istam quaestionem.
809 939 1302 985 AD RATIONES PRINCIPALES
851 976 1309 1019 D primam dico, quod ex hoc, quod
775 987 1308 1049 scientia Dei se extendit ad alia entia
770 1039 1309 1084 extra se, non se extendit vltra suum obiectum
766 1073 1305 1115 adaequatum: quia omnia entia continentur
776 1107 1310 1159 in sua essentia, quae est suum obiectum adae¬
776 1146 884 1186 quatum.
780 1165 1305 1218 Ad secundam vero rationem patet quid
769 1203 1315 1244 sit dicendum per illud, quod dictum fuit in
766 1240 1271 1281 secundo articulo. niIn A
803 1271 1311 1310 Ad tertiam vero patet solutio, per illud,
772 1297 1269 1353 quod dictum fuit in tertio atticulo.
793 1358 1279 1421 DISTINCTIONIS NNxVL.
835 1435 1236 1477 QV.AESTIO VNICA
885 1498 1201 1543 Vtrum in Deo sint ideae
799 1694 1303 1748 ARGVITVR AD PARTEM
782 1732 1111 1777 negantem.
774 1760 1312 1808 1I Deae aut sunt rationes absolutae, autem
816 1802 1309 1837 respectiuae, non absolutae, quia tunc non
774 1835 1307 1872 importarent respectum ad ideata, quod est
770 1867 1312 1908 falsum, imo sequeretur, quod non differrent
774 1895 1313 1936 a rationibus attributalibus, nec respectiuae,
782 1936 1311 1976 quia sunt exemplaria ideatorum, ratio autem
779 1971 1311 2004 respectiua non potest habere rationem exem
782 1997 868 2042 plaris.
782 2028 1311 2086 2 In Deo non possunt poni plures ideae
