1500 2275
199 176 743 218 sine aliqua distinctione, sed non est ibi poss
192 213 738 252 sibilis aliqua distinctio, ergo &c. Maior pa¬
201 246 735 282 tet: & Minor probatur, quin non est possibi¬
195 278 731 322 lis aliqua distinctio realis praeter distinctio¬
200 310 734 357 nem personarum, nec etiam potest ibi esse
199 342 739 380 aliqua distinctio rationis, quia ideae secun¬
199 377 737 417 dum illud totum quod sunt, praecedunt ipsa
196 412 736 457 ideata, si autem esset inter ea solum distinctio
199 442 742 483 rationis, oriretur exidistinctione reali idea¬
203 477 745 521 torum, ac per consequens ideae non praecede
204 512 743 556 rent ideata, immo magis e conuerso.
228 543 740 583 3 Si ideae sunt in Deo, vel deseruiunt es
197 580 734 617 ad cognitionem, vel ad operationem, non ad
203 611 741 653 cognitionem, quia sicut est ibi vna tantum
203 639 735 679 cognitio, ita vnum tantum principium illius
198 676 737 717 cognitionis, scilicet sua essentia, nec etiam ad
199 711 735 749 operationem, quia operatio supponit cogni¬
201 742 733 790 tionem, ac per consequens videntur ibi fru¬
205 774 464 818 stra poni.
203 810 736 849 AD OPPOSITVM ARGVITVR
202 841 734 892 1QEcundum Patrem Augustinum in libro
206 873 740 919 Aoctuaginta trium quaest. quaest. 20 tanta
200 907 736 946 vis est in ideis, vt sine eis sapiens nemo esse
203 940 736 981 possit, cum ergo Deus sit summe sapiens, se¬
202 972 609 1019 quitur quod habeat in se ideas
203 981 736 1051 2 Et confirmo rationem: quia videmus,
202 1037 739 1082 quod artifex creatus, ad hoc vt ordinate agat
205 1080 737 1117 ponitur praehabere ideas eorum, quae pro¬
199 1102 735 1148 ducit, multo ergo magis artifex increatus,
194 1137 471 1190 qui ordinatissime agit.
202 1151 732 1212 RESPONDEO. In ista quaestione tria
203 1202 738 1243 sunt videnda propter argumenta proposita
238 1235 689 1278 1 An ideae sint in Deo, & quid sint
214 1271 667 1311 t2 An inter eas sit aliqua distinctio.
235 1300 737 1352 3 An idea sit principium cognoscendi, vel
211 1336 329 1380 operandi.
248 1400 641 1454 ARTICVLVS PRIMV
237 1442 700 1510 Vtrum ideae sint in Deo, & quid sint.
305 1499 624 1544 Vide Doctores supra citatos.
200 1533 732 1576 SVantum ad hoc est intelligendum, quod
248 1568 726 1614 nomine ideae importatur aliqua for¬
194 1608 733 1649 ma exemplaris, ad cuius imitationem agens
200 1642 735 1681 per intellectum potest aliquid producere, &
199 1664 731 1710 ideo de ratione ideae videntur esse duo, pri¬
198 1696 731 1743 mum est vt sit forma exemplaris, secundum est,
202 1736 732 1778 vt sit forma intellectualis. Et hinc est, quod
190 1764 725 1804 ideae diuinae dicuntur exemplaria existen¬
197 1798 723 1843 tium, sicut patet per D. Dionysium quinto
198 1833 728 1868 de Diuinis nominibus, quod quidem com¬
201 1864 733 1901 petit eis ex eo quod idea est forma exempla¬
197 1903 730 1939 ris; vlterius dicuntur etiam rationes rerum
190 1934 724 1977 fiendarum in diuina arte contentae, sicut pa¬
194 1970 725 2007 tet ex Augustino 85. qud quaest de ldaeis, quod
196 2000 720 2039 quidem competit eis, ex eo quod idea est for
191 2031 726 2082 ma intellectualis. Ex quibus apparet, quod
765 156 1306 218 in Deo sunt ponendae ideae, tum quia idea
762 210 1304 251 est forma exemplaris, & ipse est prima forma
768 248 1304 284 exemplaris continens exemplaria omnium
770 276 1302 316 entium, tum etiam quia idea est forma intel¬
762 309 1306 356 lectualis, per quam artifex rationabiliter, &
761 339 1299 388 ordinate agit, & ipse est entium artifex ra¬
770 372 1304 417 tionabiliter, & ordinate agens, propter quod
772 409 1303 452 dicitur de Deo Sap. 11. quod omnia consti¬
770 447 1304 486 tuit in numero, pondere, & mensura; Et ideo
770 483 1301 521 possumus conuenienter concludere in Deo
769 509 1300 552 esse ideas quod etiam apparet ex intentione
770 544 1185 589 D. Aug. superius allegati.
778 551 1304 620 Et ideo supposito, quod in Deo sint ideae;
773 604 1309 647 est vlterius inquirendum quid sint ipsae ideae
795 644 1309 682 Dicunt ergo quidam, quod ideae in Deo
766 647 792 684 ni
764 681 1306 718 non sunt aliud, quam quidditates retum creata¬
764 710 1303 753 rum, prout sunt cognitae ab eo, taquam quae
771 737 1306 783 dam obiecta secudaria relucentia in sua essetia.
792 781 1305 819 Probatur autem ista opinio; quia modus
777 804 1301 848 ponendi ideas habitus ab Augustino non dis
764 847 1299 887 fert a modo ponendi Platonis, nisi quia Pla¬
774 873 1303 912 to ponebat eas per se subsistentes extra diui¬
766 906 1304 952 num intellectum; P. Augustinus vero ponit
769 937 1306 982 eas in diuino intellectu, sicut ergo apud Pla¬
768 973 1296 1015 tonem ideae sunt ipsae quidditates subsisten¬
771 1007 1301 1046 tes extra diuinum intellectum; ita secundum
770 1035 1302 1087 intentionem Patris Augustini videntur esse
774 1069 1301 1114 pedem quidditates, prout sunt in prospectu
773 1104 1307 1154 diuini intellectus, tanquam secundaria obie¬
771 1139 1132 1183 cta in sua essentia relucentia.
788 1148 1301 1218 lsta tamen opinio non videtur posse stare
764 1207 986 1249 propter quatuor.
777 1212 1298 1282 Primo, quia sequeretur, quod quidditates
760 1268 1295 1314 rerum creatarum constituerent Deum in esse
765 1302 1300 1347 sapientis; quod est absurdum, consequentia
763 1340 1291 1377 apparet, quia sicut dicebatur supra per Au¬
762 1369 1297 1419 gustinum, tanta est vis in ideis, vt sine eis nul
764 1403 1005 1450 lus sit sapiens
792 1411 1301 1480 Secundo sequeretur, quod quidditates.
762 1469 1296 1514 rerum creatarum beatificarent animam ra¬
760 1504 1295 1546 tionalem, quod est absurdum, consequentia
765 1537 1297 1577 patet per P. Augustinum vbi supra dicentem,
764 1567 1295 1620 quod visione idearum anima rationalis fit
762 1603 903 1648 beatissima.
798 1619 1297 1681 Tertio sequeretur, quod idem esset idea,
760 1672 1296 1712 & ideatum, quod nullus diceret, consequen
764 1704 1289 1748 tia apparet, quia quicquid potest produci
759 1736 1297 1783 extra Deum, est ideatum, sed dictae quiddita¬
756 1771 1211 1817 tes cognitae possunt produci, ergo &c.
797 1788 1284 1841 Quarto sequeretur, quod ideatum esses
766 1829 1287 1879 potioris entitatis, quam ipsa idea, quod est
767 1875 1285 1910 talde absurdum, consequentia patet, quia
766 1898 1280 1944 quidditates, prout habent solum esse cogni
752 1931 1290 1973 tum, habent esse diminutum, quatenus vero
757 1968 1282 2006 habent esse in effectu, secundum quem mo
758 1998 1283 2051 dum dicuntur ideata, habent esse reale per¬
753 2031 871 2074 fectum.
