1500 2251
220 146 720 207 VIdetur primo quod non, quia volunta
261 189 722 230 tes, quae non sunt oppositae, non pos¬
186 221 721 259 sunt esse de oppositis, & per consequens nec
191 255 717 293 illud, quod est contrarium vni, potest esse
189 287 717 329 secundum aliam, sed voluntas antecede s,
186 322 720 363 & consequens non sunt oppositae, ergo &c.
208 351 720 389 2 Si hoc esset verum, sequeretur, quod ali
193 385 715 430 quid posset cadere sub praecepto Dei secun
189 420 715 459 dum unam voluntatem, quod tamen esset con
187 458 722 496 tra preceptum eius secundum aliam, & per
185 486 716 531 consequens posset Deus isto modo praecipe
183 517 720 560 re contraria, quod non videtur rationabili¬
189 552 360 588 ter dicendum
222 572 724 625 IN OPPOSITVM est illud quod dicit
186 614 712 653 Magister in litera auctoritate D. Sregorij
186 646 719 689 dicentis, quod multi voluntatem Dei faciunt,
187 677 712 719 cum eam immutare contendunt, & consilio
181 718 719 752 suo resistentes, suae voluntati obsequuntur,
186 742 710 789 quapropter videtur, quod illud, quod fit vno
185 775 720 817 modo contra voluntatem Dei, alio mo¬
187 811 552 849 do, obsequatur eius voluntati.
222 843 712 882 RESPONDEO: In ista quaestione duo
178 873 355 924 sunt videnda
195 901 719 953 1 An illud, quod est contra volentatem
187 931 715 978 Dei antecedentem, obsequatur eiu. Volun¬
185 971 401 1018 tati consequenti.
209 1004 715 1040 2 An illud, quod est contra voluntatem
183 1038 711 1088 Dei quocunque modo, possit cadere sub eius
183 1075 321 1121 praecepto.
206 1110 685 1178 ARTICVLVS PRIMVS.
193 1195 706 1236 Vtrum illud, quod est contra voluntatem
224 1230 667 1276 Dei antecedentem, obsequatur eius
317 1264 580 1310 voluntati consequenti
272 1329 707 1368 Vantum ad primum est sciendum,
222 1337 710 1408 aliquos simpliciter concedere, quod
194 1377 717 1441 illud, quod est contra voluntatem
186 1427 719 1465 Dei antecedentem, obsequatur voluntati
189 1461 410 1510 eius consequenti.
218 1488 709 1530 Hoc tamen non videtur bene dictum, quia
177 1523 713 1564 illud, quod fit a nobis contra voluntatem
177 1556 710 1604 Dei antecedentem, non est nisi malum, sed
180 1590 712 1636 malum non obsequitur voluntati Dei simpli
187 1624 708 1665 citer, & absolute, ergo non videtur simplici¬
177 1655 711 1695 ter concedendum, quod illud, quod fit con¬
184 1687 712 1730 tra. vo antatem Dei antecedentem, obsequa
183 1723 715 1756 tur voluntati consequenti. Maior est nota
190 1750 705 1799 Minorem probo, quia si malum obsequere
183 1785 715 1831 tur voluntati Dei simpliciter, & absolute, se¬
190 1815 711 1862 queretur, quod esset a Deo volitum, quod
182 1851 405 1904 nephas est dicere
229 1876 711 1928 Quapropter videtur mihi quod possimus
184 1914 713 1964 hic vti duplici distinctione, & secundum vtram
181 1943 709 1993 que soluere quaestionem. Prima est ista, quod
183 1982 719 2037 aliquid obsequi Dei voluntati potest intelli¬
756 145 1291 200 gi dupliciter; vno modo, vt obsequatur ei tam
752 199 1288 228 quam aliquid quod est sibi placitum, & a
751 222 1284 270 Deo volitum, alio modo vt obsequatur ei tam
750 255 1296 300 quam illud, ex quo elicitur aliquid, quod
747 291 1203 324 est Deo placitum, & a Deo volitum.
782 321 1282 363 Ad propositum igitur dico, quod si quae¬
747 352 1296 396 ratur an illud, quod est contra oluntatem.
753 381 1282 424 Dei antecedentem, obsequatur vnluntati pri
751 423 1279 453 mo modo, sic dico quod non: nam tunc ma
753 453 1277 497 sa essent Deo placita, & ab eo volita, quod
776 487 1278 522 primum est dicere. Si vero quaeratur an
745 519 1277 559 obsequatur Dei voluntati secundo modo, di
747 550 1278 591 co quod sic, nam quamuis mala culpae non
753 577 1282 618 placeant Dei voluntati consequenti, elicitur
743 614 1273 654 tamen ex eis aliquod bonum, quod placet
745 641 1181 685 suae voluntati, puta bonum iustitiae.
775 677 1281 719 Sec nda distinctio qua possumus vti est
750 710 1274 753 ista, quid aliquid obsequi Dei voluntati con
744 741 1283 788 sequenti potest adhuc dupliciter intelligi,
752 780 1284 821 vno modo quod obsequatur ei directe cum
750 809 1284 853 ea concordando, alio modo quod obsequa¬
746 845 1278 877 tur ei non concordando cum ea, sed cum vo
744 870 1284 912 lito ab ea; Primo modo dico, quod mala cul
754 909 1280 940 pae, quae fiunt contra voluntatem Dei ante¬
745 943 1282 979 cedentem, non obsequuntur Dei voluntati
744 971 1277 1011 consequenti cum ea concordando, immo si¬
742 1005 1277 1039 cut discordant a voluntate Dei anteceden¬
742 1038 1281 1072 te, ita etiam discordant a voluntate Dei con
742 1071 1279 1107 sequente, obsequuntur tamen ei concordan¬
744 1101 1284 1144 do cum volito ab ea; nam voluntas conse¬
743 1135 1285 1171 quens non solum vult bonum misericordiae,
741 1167 1285 1201 sed etiam bonum iustitiae, cum bono volite
744 1202 1284 1239 concordent mala culpae: nam si non essent
744 1238 1271 1275 mala culpae, bonum iustitiae non lucesceret,
746 1264 1042 1311 & haec de praesenti artic¬
770 1336 1244 1377 ARTICVLVS SECVNDVS
749 1397 1269 1443 Vtrum illud, quod est contra voluntatem
794 1427 1233 1465 Dei quocunque modo, possit cadere
829 1466 1100 1507 sub praecepto.
827 1592 1301 1636 D hoc respondet D. Aegidius, quod C
742 1600 1300 1663 potest esse aliquid, quod nec est voli¬ e
748 1656 1285 1694 tum voluntate antecedente, nec voluntate
751 1688 1280 1723 consequente, quo tamen non obstante Deus.
752 1724 1280 1761 praecipit quandoque ipsum fieri, sicut patet de
742 1755 1276 1796 immolatione lsaac, quae non erat a Deo vo¬
747 1787 1277 1828 lita nec voluntate antecedente, nec conse¬
746 1820 1270 1862 quente, & tamen Deus praecepit ipsum im¬
742 1855 1279 1894 molari. Quod autem immolatio lsaac non
744 1886 1275 1924 fuerit a Deo volita voluntate consequen¬
750 1917 1275 1961 te probat, quia quicquid Deus vult secun¬
744 1949 1275 1991 dum talem voluntatem, necessario impletur,
739 1982 1276 2026 quod etiam non fuerit volita voluntate an¬
