1500 2322
204 174 744 236 ti cum subiecto, & definitionis cum definito
238 222 749 265 Et ista videtur intentio Arist., & Auer. 3.
209 256 748 294 de anima, vbi determinat de intellectu sim¬
202 288 753 334 plicium, & complexorum, ibi namque vult A¬
204 320 754 366 rist, & Auer, quod quemadmodum dicebat.
202 355 755 396 Empedocles, quod multa corpora erant sepa
199 388 753 430 rata, & postea amicitia congregauit, & con¬
206 424 753 468 iunxit simile simili, ita existant entia apud
207 459 747 491 intellectum, primo diuisa, distinctis concepti
204 490 755 534 bus intellecta, postea vero coniungantur per
210 521 755 566 vnicum conceptum intellectus, sicut ergo apud
207 557 755 599 Empedoclem composito realis sequebatur
214 594 753 632 ex actione amicitiae, ita composito rationis
210 628 751 667 apud Arist, erit aliquid consequens ex actu
203 659 753 699 intellectus: & sic patet quomodo veritas ter
208 693 746 734 tio modo accepta est ens rationis, quod ex
211 724 747 770 nostro modo intelligendi relinquitur, & re-
206 759 430 805 bus ipsis tribuitur
232 793 749 835 Si autem quaeratur, in quo consistit ratio
208 824 756 872 huius veritatis, breuiter dico, quod consistit
211 861 749 899 fundamentaliter in conformitate nostri mo¬
209 892 753 936 di intelligendi ad res intellectus, seu in appli
206 932 751 973 catione secundarum intentionum primis, for¬
207 964 744 1003 maliter autem consistit in significatione istius
206 998 746 1038 conformitatis, & commensurationis, nam en¬
211 1029 753 1071 tia rationis videntur esse quaedam signa com¬
210 1059 751 1114 formitatem nostri modi intelligendi signifi¬
206 1097 301 1137 cantia.
237 1134 755 1173 His ergo uisis, facile est respodere huic ar
214 1165 745 1204 ticulo, nam cum quaeritur an omnes scientiae in
205 1201 746 1240 tendant vnam veritatem, respondetur quod
211 1230 746 1279 non, nam de veritate tertio modo dicta sola
205 1267 754 1309 logica pertractat, quae considerat quomodo
207 1295 753 1343 noster modus intelligendi conformetur reb.
205 1332 755 1372 intellectis, & sic conuenienter dicta est mo¬
201 1363 755 1403 dus sciendi. Vlterius considerat qualiter hu¬
207 1400 755 1439 iusmodi conformitas significetur per entia
205 1436 751 1477 rationis, propter quod dicitur scientia rationalis
230 1466 749 1509 De veritate autem secundo modo accepta,
214 1498 757 1542 quae est veritas diuinae artis, considerat sola
211 1537 743 1575 Metaph, quia ipsa tantum se extendit ad ea
210 1574 752 1617 quae sunt abstracta secundum esse, vt patet
207 1603 752 1645 sexto Metaph: Veritas autem diuinae artis maxi
207 1630 752 1676 me est abstracta, ergo &c. Praeterea veritas
206 1668 757 1713 primo modo sumpta a diuersis scientijs spe
206 1708 747 1742 culatiuis consideratur, hoc autem prouenit.
214 1732 746 1781 quia talis Veritas consistit in abstractione a
210 1766 752 1810 ensibilibus, ideo secundum diuersos gradus
204 1809 751 1849 abstractionis, sunt etiam diuersae veritates, et
208 1832 570 1880 diuersae scientiae speculatiuae,
245 1869 751 1911 Ad illud, quod ex Anselmo obijciebatur
201 1906 747 1948 in principio dico, quod non est eius intentio,
202 1937 750 1978 vnam veritatem solum ponere, accipiendo ve
206 1967 753 2005 ritatem conmuniter, sed vult dicere, quod so¬
202 1998 747 2042 la veritas prima, est veritas simpliciter dicta,
204 2038 747 2077 quia nulla alia habet esse firmum, nisi prout
206 2069 747 2125 continetur in ipsa, & dicit in libro prosol. c¬
782 179 1322 235 14. Quam ampla est prima veritas, in qua est
780 224 1323 263 omne, quod vnum est, & extra quam, nisi quod
778 255 1328 295 nihil est reperitur, vult ergo dicere, quod cae
782 292 1328 328 terae veritates non habent esse certum, nisi pro
780 322 1331 361 ut continentur in illa, non tamen intendit ne
780 355 1324 397 gare, quod extra ipsam non possint habere
787 389 1329 428 esse firmum secundum quandam similitudi¬
778 424 1323 467 nem diminutam in esse obiectiuo, ssecundum
781 458 1321 499 quem modum supleat vice primae veritatis,
774 497 1322 538 mensurando nostram cognitionem veridicam
780 515 1078 573 vt superius dictum est.
782 560 877 604 etissi niu¬
784 587 1278 637 ARTICVLVS SECVNDVS.
780 624 807 665 te
808 635 1326 694 An veritas considerata a Theologo contineatur
782 694 1215 741 sub veritate considerata a Metaphysito.
823 748 1325 801 Ro euidentia huius articuli oportet vi¬
822 796 1331 836 dere quot sint gradus cosiderationis Me
823 833 1322 866 taphysici, & quomodo per illos differat
781 862 1322 899 Metaph ab alijs scientijs realibus, postea ve¬
786 892 1173 939 ro respondebitur ad quaesitum.
778 928 1331 966 Sciendum ergo, quod tres videntur esse
777 965 1295 1002 gradus, per quos Metaphysica procedit.
813 994 1321 1034 Primus est circa substantias abstractas se¬
786 1030 1318 1068 cundum esse, & quod iste sit primus gradus
780 1064 1327 1105 patet, hoc enim remoto tota consideratio Me
785 1092 1327 1144 taphysica remouetur, dicete Arist. c. Metaph¬
779 1139 1327 1178 tex. 4. quod si non esset aliqua substantia, pre
783 1168 1327 1211 ter naturam sensibilem consistens, physica
787 1194 1092 1240 esset prima philosophia
810 1227 1326 1269 Secundus gradus est circa substantias sen
778 1235 1323 1307 sibiles, non in quantum sensibiles sunt, sed
784 1299 1326 1336 in quantum substantiae, cuius ratio est, quia
786 1327 1328 1373 alia sunt principia substantiae sensibilis, vt sen
781 1367 1315 1407 sibilis, & per quae differt a substantijs abstrac
783 1403 1323 1446 tis, & alia principia eiusdem, vt substantia;
777 1430 1332 1482 secundum quae conuenit cum substantijs ab¬
782 1464 1120 1505 stractis, vt substantiae sunt
813 1501 1329 1542 Nam principia ipsius, vt sensibilis, est, ad
784 1538 1324 1574 quae stat vltima resolutio eius, sunt materia
786 1570 1328 1611 prima, & primus motor, principia vero, ad
787 1605 1327 1641 quae stat vltima eius reductio, vt substantia
782 1640 1325 1678 est sunt prima forma, & vltimus finis. Vtru¬
785 1669 1336 1716 que declaratur, & primo quod materia pri¬
778 1706 1319 1745 ma, & primus motor sint principia substantiae
782 1731 1322 1778 sensibilis, vt talis: llla reductio cum sit scienti¬
778 1768 1331 1813 fica debet esse ad aliquod principium, & ad
772 1807 1323 1848 aliquod genus causae, in quo sit status, hoc
783 1839 1332 1886 autem non potest esse forma, nec finis; ergo
786 1873 1323 1911 per sufficientem enumerationem causarum
784 1909 1318 1950 erit materia, & motor, scilicet, efficiens
819 1938 1321 1978 Minor probatur quo ad vtramque partem,
786 1972 1324 2012 & primo de forma: Quod est principium, si¬
779 2004 1323 2046 ue primum in genere causae formalis abstra¬
776 2037 1322 2079 hit ab omni mutatione, & per consequens ab
785 2075 1325 2126 omni esse sensibili, aliter non se extenderet
