1500 2307
182 171 736 225 cit quia sicut illa operatio non est praxis msi
176 225 736 262 secundum potentiam; ita nec ille habitus erit
180 253 734 300 practicus secundum actum, sed solum, secundum
180 282 688 337 potentiam, cuius contrarium ipsi dicunt
215 313 724 359 3 Sequeretur, quod non possent saluare
181 351 730 396 distinctionem horum respectuum inter se
179 395 720 429 Consequentia probatur. Non enim distin¬
178 422 730 466 guuntur ratione fundamenti, cum funden¬
184 461 726 497 tur in eodem, nec respectu termini, quia sunt
178 485 723 536 respectu eiusdem, nec se ipsis (quod fortas¬
177 522 731 567 se diceret propter relationes disparatas, quas
174 554 733 601 ponunt distingui se ipsis) nam quaero ab eis,
174 583 730 629 vnde habitus practieus habeat rationem prin
177 621 721 662 cipij directiui; non possunt dicere nisi a prio
179 653 725 694 ritate, quia ideo negant, intellectum habe¬
178 689 732 731 re vim dirigendi actus potentiae vegetatiuae,
175 726 728 767 quia non est illa prior, debent ergo concede
179 753 730 798 re, quod idem sit in habitu practico respe¬
179 790 732 829 ctus prioritatis, & directionis, sed idem est
187 824 722 870 in regula dirigere regulatum, & ipsum con¬
186 854 732 896 formare sibi, ergo de primo ad vltimum; idem
186 888 727 931 erit in habitu practico respectus prioritatis,
182 922 734 977 & conformitatis, & sic non erunt distincti.
210 961 734 1004 4 Si essent duo distincti respectus, seque
182 992 728 1034 retur quod practicum non haberet vnam sim¬
183 1026 730 1066 plicem quidditatem, & rationem, quod est
176 1056 729 1102 falsum; quia quidditas cuiuslibet accidentis
176 1093 722 1134 est simplex. Consequentia patet, quia duo
180 1125 716 1165 distincti respectus sunt duae quidditates
210 1155 726 1205 TERTIO deficit, ponens rationem
174 1189 723 1238 speculatiui consistere in priuatione horum
174 1229 724 1271 respectuum, quod est absurdum. Tum quia
177 1259 720 1304 diuisio habitus in speculatiuum, & practicu
189 1294 731 1338 erit diuisio subiecti per habitum, & priuatio
183 1323 730 1371 nem, & quia priuatio, & habitus sunt apta
184 1356 719 1400 nata fieri circa idem, quilibet habitus se ha¬
190 1390 722 1433 pebit per indifferentiam ad rationem practi
183 1426 724 1469 ci & speculatiui, & sic quandoque erit practi
179 1458 726 1509 cus, quandoque speculatiuus. Tum quia ra¬
177 1492 724 1537 tio speculatiui erit indignior ratione practi¬
179 1528 722 1574 ci, eo quod habitus semper est nobilior pri¬
176 1555 724 1607 uatione. Tum quia priuatio esset principium
174 1595 725 1646 actus positui, quia habitus speculatiuus, qui
179 1628 724 1676 consistit in priuatione respectuum, est prin¬
178 1664 724 1703 cipium ipsius speculationis, quae est actus po
182 1696 733 1741 sitiuus, hoc autem est inconueniens, quia
181 1726 633 1774 tunc effectus esset potior sua causa
218 1755 726 1804 QVARTO deficit, ponendo totalem,
183 1790 726 1837 & principalem causam distinctionis habitus
189 1826 721 1872 practici a speculatiuo sumendam esse ex obit
183 1859 726 1902 cto, ita quod circumscripto fine adhuc ibi es
176 1894 731 1945 set praefata distinctio Cuius contrarium in¬
185 1931 553 1979 ferius probabitur.
218 1960 724 2006 Qu INTO male dicit, quod practicum,
189 1992 720 2036 & speculatiuum non sunt essentiales diffe
185 2026 733 2075 rentiae scientiae, sed accidentales, quod non
187 2068 591 2116 videtur verum propter quatuor.
790 162 1309 218 1 Primo quia ita se habet practicum, &
756 214 1305 263 speculatiuum ad scientiam, sicut agibile, &
763 248 1303 290 non agibile ad obiectum: sed istae sunt diffe
760 285 1309 323 rentiae essentiales obiecti, ergo & illae erunt
761 320 1306 358 essentiales differentiae scientiae. Maior patet
758 348 1304 387 ex dictis eorum, ponunt enim obiectum to¬
761 379 1312 417 tale esse causam distinctionis horum habituum,
758 414 1311 453 idcirco illa distinctio est his habitibus essen¬
752 447 1307 490 tialis, quae causatur a distinctione essentiali
753 481 1309 522 in praefatum obiectum. Minor probatur,
755 511 1313 555 quia quod obiectum practici habitus sit agi¬
752 549 1308 598 bile, hoc non habet accidentaliter per aliqud
752 583 1309 630 superadditum suae naturae, sed immediate
751 620 1314 662 per suam naturam, de cuius intrinseca ratio
758 650 1317 692 ne est, quod possit subiici nostrae voluntati,
761 680 1311 721 & actioni, & ita suo modo quod obiectum
754 719 1300 756 sit pure speculabile, hoc habet immediate ex
752 751 1307 787 intrinseca ratione sui, ergo distinctio inter
754 782 1309 833 haec obiecta est essentialis, & per intrinsecas
753 819 1307 865 eorum rationes.
765 852 1310 894 2 Ita se habet practicum, & speculatiuum
760 886 1314 926 ad scientiami, sicut praxis. ad operationem
759 916 1308 964 practicam, & specufatio ad actum specula¬
761 958 1311 993 tionis: sed praxis, & speculatio sunt differe¬
762 985 1305 1027 tiae essentiales suarum operationum, ergo
760 1018 1306 1063 ptacticum, & speculatiuum erunt differentiae
758 1055 1304 1091 essentiales dictorum habituum. Maiorem. pro
758 1089 1308 1132 bo, quia isti habitus sunt principia dictarum
754 1116 1303 1156 operationum immediate per suam essentiam,
756 1149 1301 1193 idcirco oportet, quod distinctio essentialis
753 1183 1303 1228 in dictis operationibus sit causata a distin¬
759 1219 1300 1265 ctione essentiali, quae est in istis habitibus,
762 1251 1304 1300 gitur si praxis, & speculatio sunt differen¬
762 1282 1311 1338 tiae effentiales operationum, necessario pra¬
758 1326 1315 1365 cticum, & speculatiuum erunt differentiae
756 1357 1312 1394 essentiales habituum. Minor patet, nam nul¬
757 1388 1307 1426 lus diceret, quod operatio, quam principiat
756 1423 1313 1460 habitus practicus, non sit essentialiter quae¬
762 1453 1309 1492 dam praxis; & actus, quem principiat ha¬
759 1486 1310 1528 bitus speculatiuus, non sit essentialiter spe¬
760 1520 1311 1561 culatio, alioquin praxis, & speculatio es¬
758 1555 1301 1601 sent quaedam proprietates superadditae ope-
758 1589 1308 1634 rationibus, & non praedicarentur directe
759 1623 881 1667 de illis
760 1658 1308 1695 3 Si practicum, & speculatiuum non es¬
760 1687 1299 1726 ent essentiales, differentiae scientiae, seque¬
752 1722 1307 1759 retur, quod non caderent in intellectu quid
763 1758 1297 1799 ditatiuo ipsius, quod est falsum, ergo &c.
759 1786 1300 1827 Consequentia patet, quia praxis non cadit
761 1823 1299 1865 in intellectu quidditatiuo subiecti, ergo neo
756 1854 1300 1891 etiam scientiae, Falsitatem probo, nam si hu¬
759 1891 1306 1926 iusmodi scientiae quidditatiue possent intel¬
758 1923 1301 1963 ligi sine ratione practici, & speculatiui, pos¬
763 1955 1300 1996 sent etiam intelligi distincte sine obiectis,
760 1994 1307 2031 nam eadem ratione, qua circumscribentur a
758 2020 1299 2060 ratione practici, & speculatiuil, circumscri¬
765 2055 1299 2104 bentur et ab omni ordine, quem habent ad
