1500 2362
154 170 715 234 net ex parte habitus, non sit sumenda a fine,
155 223 708 267 sicut sumitur, pro ut se tenet ex parte intel¬
158 258 719 305 lectus. Secundum, quia videtur velle, quod
152 292 716 332 distinctio essentialis in potentijs, & habiti¬
160 324 713 368 bus causetur solum ab obiecto, & non a fine,
156 360 720 401 cum tamen finis sit causa causarum. Tertium
158 395 718 443 est, quia ponunt, quod practicum, & specu
161 428 708 476 latiuum sint accidentales differentiae respe¬
156 463 716 510 ctu intellectus, & essentiales respectu habi¬
159 495 714 543 tuum, quod valde dubium est, nam cum pre
157 532 711 572 fatae differentiae prius competant intellectui,
158 567 717 610 quam habitui, si respectu intellectus sunt
158 602 711 639 accidentales, multo magis videtur, quod sint
160 636 714 673 accidentales respectu habitus, nisi aliud di¬
161 667 722 708 catur: Accedit, quod maxime respectu si¬
155 704 695 736 nis sumi solet differentia essentialis.
154 732 715 786 Idcirco est alia opinio affirmans, quod di¬
163 765 709 820 stinctio practici a speculatiuo habitu, sumen
160 807 712 844 da est a fine, & non ab obiecto; quod pro¬
160 838 706 879 bant, quia de eodem obiecto non extenso ad
166 874 711 917 opus est scientia speculatiua, de quo si exten
163 909 716 947 datur ad opus, est scientia practica: sicut pa
163 941 711 984 tet de medicina, quae diuiditur in practicam,
164 978 717 1014 & speculatiuam, licet sit de eodem obiecto:
166 1011 712 1051 hoc autem prouenit, quia prout extenditur
157 1046 717 1086 ad opus, est practica, & e contra speculatiua.
187 1079 714 1121 Praeterea actus practicus: dicitur bonus,
162 1113 709 1151 & malus bonitate, & malitia moris, quam
164 1148 709 1192 bonitatem vel malitiam habet ex debitis cir¬
160 1184 717 1222 cunstantijs, intet quas praecipue est circum
161 1216 716 1256 stantia finis, ergo ratio practici sumitur a fi
163 1249 573 1293 ne, & similiter ratio speculatiui.
165 1280 710 1330 Haec opinio quamuis forte sit vera in con
170 1318 709 1359 clusione, non innititur tamen firmis rationi
162 1352 710 1390 bus, nam cum primo dicunt, quod de eoden
160 1388 714 1427 obiecto non extenso ad opus est scientia spe
159 1430 715 1464 culatiua, de extenso vero practica, videntur
165 1455 713 1499 sibi contradicere, quia eo ipso quod tale obie
171 1491 713 1534 ctum potest extendi ad opus, non est pure
166 1524 710 1567 speculatiuum & sic scientia de ipso non eris
173 1558 713 1601 pure speculatiua, sed practica, sicut vide¬
167 1594 712 1638 mus de obiecto scientiae moralis libri Ethico
165 1633 706 1671 rum, quod quamuis non extendatur ad opus
166 1664 714 1703 quia tamen potest extendi, scientia de eo est
170 1695 714 1742 practica: dicere ergo, quod scientia sit spe¬
166 1730 720 1773 culatiua, & quod obiectum eius possit exten
162 1768 711 1807 di ad opus, est dicere, quod sit pure specu¬
169 1802 711 1840 latiua, & non pure speculatiua Nec valet,
174 1837 710 1878 quod dicitur de medicina, quia ibi non acci¬
174 1872 715 1909 bitur speculatiua proprie, sed valde large,
166 1903 710 1944 secundum quem modum etiam scientia libri
167 1940 716 1976 Ethicorum potest dici speculatiua, pro quan
166 1971 712 2011 to non applicatur ad opus, nisi mediante ha
167 2004 715 2045 bitu prudentiae, ita & medicina, quia non
166 2040 720 2079 applicatur ad opus, nisi mediante alio habi
162 2073 714 2114 tu practicae, & experientiae potest denomina
163 2106 354 2155 ri speculatiua
780 178 1295 239 Secunda etiam ratio parum valet, quia non
744 227 1295 267 loquimur hic de practico, prout se extendit
744 265 1294 302 ad omnem actum, sed solum secundum actum
744 297 1301 337 intellectus. Dato etiam quod hoc non obsta
744 334 1304 379 ret, falsum tamen assumitur, quia saepe inue¬
744 367 1301 413 nitur actus intellectus practicus, vbi nonest
746 402 1300 438 bonitas, nec malitia in genere moris, sicut in
754 435 1294 473 productione artificialium. Item concesso ar¬
746 469 1300 512 gumento, adhuc non habent intentum, quia
746 503 1297 542 secundum hoc sequeretur, quod distinctio
752 536 1300 574 practici a speculatiuo sumeretur ex omnibus
750 569 1302 626 circunstantijs, cum tamen de solo fine in¬
745 603 918 644 tendat.
782 638 1299 679 Quapropter videtur mihi aliter esse pro¬
747 670 1296 716 cedendum in hoc articulo, pro cuius euidem
744 710 1187 746 tia pono quatuor conclusiones.
742 740 1294 791 PRIMA est, quod practicum, & spe¬
743 778 1291 818 culatiuum dicuntur aequiuoce de intellectu,
748 813 1196 849 & habitu, quam probo tripliciter.
744 844 1297 887 1 Quando aliqua competunt pluribus &
746 877 1301 923 vni mediante altero secundum quendam or¬
749 911 1305 951 dinem essentialem, & causalitatis, non po¬
751 946 1301 987 test eis vniuoce, sed aequiuoce conuenire:
752 984 1304 1028 practicum & speculatiuum competunt pri¬
744 1015 1299 1052 mo intellectui, quo mediante competunt ha
750 1053 1308 1092 bitui secundum ordinem essentialem, & cau
751 1085 1309 1125 salitaris: ergo &c. Maior est nota, quia ordo
748 1121 1305 1156 essentialis, & maxime cum causalitate tollit
750 1152 1315 1198 veram vniuocationem: sicut patet de gene¬
745 1185 1309 1230 re, inter cuius species est ordo essentialis si¬
747 1220 1303 1257 ne causalitate, & tollitur ab eis Vera vniuo¬
742 1254 1301 1296 catio, ita vt lateant aequiuocationes in gene¬
740 1283 1306 1330 ribus, multo magis ergo vbi erit ordo essen¬
747 1325 1307 1362 tialis cum causalitate. Minor est etiam no¬
744 1359 1293 1397 ta, quia nullus negaret, quod practicum,
743 1392 1303 1427 & speculatiuum prius competant intelle¬
743 1422 1302 1468 ctui deinde habitui & sic est ibi ordo; &
747 1460 1305 1505 etiam essentialis, quia intellectus; & hiabi¬
748 1489 1302 1532 tus non sunt eiusdem rationis, & cum cau¬
749 1529 1301 1567 salitate est, quia aliter posset inueniri pra¬
744 1563 1300 1602 cticum, & speculatiuum in habitibus, remo
748 1594 1301 1641 to speculatiuo, & practico ab intellectu, quod
751 1629 1299 1668 est falsum, quia habitus haeo habet ab intel¬
745 1666 1299 1707 lectu, cuius signum est, quia habitus existens
742 1694 1294 1746 in appetitu non potest esse speculatiuus ta¬
745 1727 1305 1773 tione sui subiecti, ergo si remoueretur ab
740 1764 1300 1805 intellectu, non posset esse practicus, nec
746 1799 916 1853 speculatiuus.
778 1835 1298 1876 2 Quae competunt aliquibus non secun¬
745 1866 1306 1914 dum eandem rationem, dicuntur de eis aequi
746 1909 1305 1946 uoce: practicum, & speculatiuum competunt
746 1936 1306 1977 intellectui, & habitui non secundum eandem
744 1975 1296 2012 rationem, ergo &c. Maior est nota. Minor
750 2005 1302 2053 probatur, nam speculari competit intellectui
748 2037 1294 2082 nil dicendo de fugiendo, vel prosequendo, vt
758 2074 1301 2119 atet in tertio de anima: haec autem ratio nul
744 2107 1309 2153 lo modo competit ipsi speculari, vt se tenetex
