1500 2287
198 180 747 227 parte habitus, quia non speculatur, sed solum
207 214 745 259 est ratio speculandi: & eodem modo est dice
207 250 740 285 dum de ratione practici, ergo dictae rationes
201 279 741 320 non competunt intellectui, & habitui ea¬
203 317 364 359 dem ratione.
227 351 736 392 3 Si practicum, & speculatiuum conue¬
199 381 734 422 nirent intellectui, & habitui secundum ean
203 413 737 454 dem rationem sequeretur, quod possent cau
192 446 744 483 sari ab eodem principio, consequens est fal¬
199 482 742 517 sum ergo. Consequentia patet, quia quae sunt
203 514 732 550 eiusdem rationis, vel habent idem principium
196 550 739 592 vel saltem eis non repugnat. Falsitatem pro¬
196 580 737 616 bo, quia practicum, & speculatiuum, vt com
194 615 738 658 petunt habitui, sunt causata ab obiecto, (vt
194 648 736 686 plures concedunt,) vt autem competunt in¬
201 684 745 717 tellectui, non causantur ab obiecto, quia prae
176 714 745 748 ueniunt omne actionem obiecti, praesertim
176 743 745 786 ratio speculatiui; quicquid sit de ratione
194 780 309 829 practici.
215 810 740 862 Secunda conclusio est, practicum ita se ha
186 841 739 883 bet ad intellectum, quod est eius differentia
192 882 737 920 accidentalis, speculatiuum vero est differen¬
197 911 747 952 tia essentialis ipsius intellectus, quam probo
192 944 736 987 de speculatiuo dupliciter.
226 979 735 1015 1 Illud, per quod primo distinguitur in¬
190 1005 738 1050 tellectus ab omnibus alijs potentijs, est eius
191 1044 736 1080 differentia essentialis, sed per speculatiuum
198 1076 730 1119 distinguitur primo ab alijs potentijs intelle¬
193 1111 735 1147 ctus, ergo &c. Maior patet, quia in his, quae
191 1142 729 1181 non sunt eiusdemirationis, prima differentia
191 1179 732 1217 semper est essentialis. Minor probatur, quia
193 1213 729 1255 per solum speculatiuum intellectus, distin¬
186 1243 730 1292 guitur ab omnibus alijs potentijs, est enim si
188 1274 656 1314 bi proprium, & nulli alteri competit.
223 1310 736 1350 2 Quod est de primo intellectu alicuius
192 1336 730 1378 non potest esse eius differentia accidentalis,
188 1374 736 1419 sed ratio speculatiui est de primo intellectu
188 1407 735 1444 ipsius intellectus ergo non est eius acciden¬
186 1439 734 1479 talis, sed essentialis differentia. Maior est no¬
190 1474 730 1516 ta. Minor probatur, quia ita se habet specula
192 1504 732 1548 tiuum ad intellectum, sicut sensitiuum ad sen¬
194 1540 735 1577 sum, & appetitiuum ad appetitum, constat
192 1573 730 1618 autem, quod ratio sensitiui est de primo in¬
188 1610 494 1651 tellectu sensus, ergo &c
221 1631 739 1690 Probo aliam partem scilicet de practico,
189 1671 455 1717 dupliciter.
216 1705 732 1743 1 Illud, quod competit alicui, & tamen
191 1737 736 1777 est extra rationem eius, est differentia eius ac
190 1772 730 1808 cidentalis; ratio practici est huiusmodi respe
186 1807 732 1843 ctu intellectus, ergo &c. Maior patet, quia
197 1842 727 1882 Quod est extra rationem alicuius, accidit il¬
189 1873 732 1912 li, in quo fundatur. Minor probatur, quia si
189 1911 727 1949 practicum esset essentiale intellectui, vel prae¬
189 1939 726 1982 cederet speculationem tanquam differentia su
190 1969 729 2017 perior, vel sequeretur ipsam tanquam diffe¬
186 2003 726 2050 rentia constitutiua vltimo adueniens: Primum
185 2036 732 2090 non potest dici, quia tunc speculatiuum esset
776 168 1315 222 quedam differentia inferior adpracticum, &
770 219 1320 253 diuisiua ipsius, quemadmodum rationale est
774 250 1321 292 inferius ad sensibile, & diuisiuum ipsius, quod
771 283 1320 320 nullus diceret: nec etiam potest dici secundum
770 314 1310 357 quia tuc practicum esset inferius ad specit¬
766 343 1312 385 latiuum, & diuideret ipsum, quod non est di
778 388 1315 424 cendum. Sequeretur etiam vlterius, quod in¬
770 413 1310 457 tellectus non distingueretur ab alijs poten¬
774 447 1321 483 tijs per rationem speculatiui, cuius oppositum
771 481 1309 522 superius est ostensum. Nec valet, si dicatur,
777 516 1309 551 quod practicum, & speculatiuum sunt duae
770 547 1311 586 differentiae aequales, non enim est possibile du
772 581 1310 619 re duas differentias essentiales eiusdem reia
775 614 1315 647 oportet enim necessario, quod, vna earum
769 647 1302 685 sit superior, altera vero inferior.
799 680 1309 714 2 Illa differentia, quae competit alicui po
773 714 1325 756 tentiae non ex se, nec ex ordine essentiali, que
771 744 1315 784 habet ad suum obiectum, sed ex aliquo sur
780 780 1312 813 perueniente, quod accidit suo obiecto est ac¬
771 811 1315 847 cidentalis suae potentiae, practicum est huius¬
768 841 1306 882 modi respectu intellectus, ergo &c. Maios
777 878 1301 917 est nota, quia differentia est essentialis alicu
777 915 1311 951 potentiae, quando competit illi altero dicto¬
768 945 1306 983 rum modorum. Minor, probatur, nam ratio
772 980 1303 1020 practiei non competit intellectui ex se, tund
771 1012 1307 1049 enim intellectus respectu cuiuscunque obie¬
765 1045 1303 1084 cti esset practicus, nec comperit illi ex ordi¬
763 1080 1309 1118 ne essentiali, quem habet ad suum obiectum,
771 1112 1303 1155 quia tunc circumscripto actu voluntatis es
769 1144 1300 1188 set practicus, & defugiendo, vel prosequende
770 1179 1309 1219 aliquid diceret, quid est falsum, quia non iudi
761 1211 1309 1249 cat aliquid fugrendum, vel prosequendum nisi pp
762 1242 1307 1277 aliquem finem volitum; intellectus autem ha¬
767 1274 1303 1317 bet ordinem essentialem completum ad suum
770 1308 1303 1348 obiectum ante omnem actum voluntatis.
769 1344 1301 1381 Ratio ergo voliti, per quam intellectus fit pra
769 1377 1309 1413 eticus, & iudicat de fugiendo, vel prosequen¬
769 1410 1303 1453 do non est intrinseca suo obiecto, sed acci¬
769 1440 1297 1481 dentalis, & superueniens hinc est, quod in¬
767 1469 1299 1515 tellectus, dum efficitur practicus, dicitur ex
763 1510 1297 1547 tendi, quia quasi exit extra se, eo quod ha¬
763 1540 1301 1586 beat totum ordinem essentialem completum,
765 1577 1299 1613 antequam se extendat ad actum voluntatis,
764 1608 1301 1651 & ad rationem voliti superuenientem suo
758 1646 1300 1688 obiecto ex actu voluntatis, & sic ratio practi
760 1676 1299 1715 ci est illi accidentalis, ex quo vlterius dedu¬
762 1706 1301 1746 citur, quod speculatiuum & practicum non
765 1739 1301 1782 sunt differentiae oppositae, prout respiciunt
766 1775 1299 1822 intellectum, ideo non est mirum si idem in¬
761 1810 1287 1847 tellectus potest habere vtrumque.
790 1840 1299 1881 Tertia conclusio Practicum, & speculati¬
763 1872 1293 1915 uum comparata ad habitum sunt eius diffe¬
755 1908 1297 1943 rentiae essentiales, quae probata fuit superius,
755 1943 1299 1981 improbando primam opinionems probo ta¬
766 1973 1297 2011 men eam iterum, quia aliter sequerentur duo
767 2007 1301 2047 nconuenientia. Primum est, quod scientiam
764 2034 1299 2089 speculatiua non excederet practicam in no¬
