1500 2295
243 168 757 223 Ad secundam dicitur eodem modo, quia
207 210 749 261 potest concedi, quod Theologia consideret
211 251 754 291 de vtrisque non tamen propter finem, qui est
207 280 757 321 speculatio, vel est praxis, sed propter alium
207 316 756 356 finem magis principalem, qui est dilectio, vt
202 345 562 403 patebit in sequenti articulo.
257 404 696 468 ARTICVLVS QVINTVS.
200 469 755 532 An Dilectio, vel charitas sit principaliter, &
294 515 656 561 simpliciter finis Theologiae.
200 706 752 752 IIVic quaesito respodet Doctor AEgidius
202 747 754 791 4. affirmatiue ex cuius dictis tres eliciun
198 783 366 822 tur rationes.
239 809 748 858 1 Ille actus principaliter, & simpliciter
200 845 752 885 intenditur in Theologia, per quem solum &
197 880 748 920 immediate homo ordinatur ad beatitudinem
206 914 751 955 consequendam, iste est charitas, & dilectio:
202 944 744 984 ergo &c. Maior est P. Augustini 4. de Tri-
202 975 748 1019 nit. cap. primo vbi vult, quod huic scientiae
205 1014 753 1058 non sint attribuenda quaecumque possunt sci
200 1046 752 1087 ri ab homine, sed tantum illa, quae valent ad
200 1078 750 1124 gignendum, nutriendum, vel defendendum
199 1113 742 1153 fidem saluberrimam, quae ad veram beatitu¬
197 1149 744 1190 dinem ducit; Vbi patet, quod eius intentio
193 1180 749 1228 est, ad beatitudinem ducere ipsum hominem
203 1221 746 1252 Minor probatur, quia nec speculatio, nec
199 1251 742 1288 operatio sed sola charitas, & dilectio valeni
190 1286 746 1319 ad beatitudinem consequendam secundum
198 1316 745 1359 D. Paulum prima ad Corint 13. vbi de spe
196 1343 745 1390 culatione ait, si habuero prophetiam, & no¬
193 1379 743 1423 uerim misteria omnia &c. & de operatione.
196 1414 751 1452 Si tradidero corpus meum, ita vt ardeam, cha
192 1450 741 1501 ritatem autem non habuero, nil mihi pro¬
198 1479 744 1527 dest: sequitur ergo, quod per solam charita
197 1517 738 1554 tem, & dilectionem ad beatitudinem conse¬
196 1546 544 1602 quendam ordinetur homo¬
230 1577 744 1631 Confirmatur, quia, sicut in scientia mo¬
197 1616 738 1657 rali; vbi intentio est ducere hominem ad vit
199 1650 740 1684 tutes, illud, per quod homo ordinatur im¬
199 1681 739 1719 mediate ad acquirendas virtutes, est finis
196 1718 721 1763 scientiae moralis; ita ex parte Theologiae
199 1737 737 1793 cuius intentio est ducere hominem ad beati¬
195 1784 741 1819 tudinem, illud, per quod immediate ordi¬
197 1818 742 1852 natur ad beatitudinem consequendam, erit
196 1849 741 1890 finis huius scientiae, sed haec est dilectio, si¬
200 1884 736 1919 cuti in morali scientia est operatio, in qua
188 1915 735 1953 ipsum scire parum aut nihil confert ad virtu
201 1944 734 1989 tes, operari vero multum per Aristot. secun¬
198 1981 737 2023 do Ethicorum, ita in Theologia scire, & etiam
199 2017 738 2050 operari parum, aut nihil conferunt ad bea¬
196 2048 740 2103 titudinem, diligere vero, & charitatem ha¬
780 168 1330 222 bere multum, in dilectione enim tota lex
783 215 1069 260 pendet, & prophetae.
823 239 1329 288 2 Ille finis in Theologia principaliter in
784 277 1331 318 tenditur, qui cum beatitudine maiorem ha¬
783 313 1328 360 bet conuenientiam, iste est charitas, & dile¬
783 347 1332 385 ctio, ergo &c. Maior patet ex dictis, quia
785 382 1335 420 Theologia principaliter intendit ducere ho
782 416 1319 455 minem ad beatitudinem. Minor probatur.
784 448 1328 489 quia si ponatur, quod beatitudo consistat in
778 482 1323 521 dilectione, tunc Minor est de se nota; si ve¬
779 515 1329 558 ro ponatur, quod consistat in visione, adhuc
785 548 1322 586 habetur propositum, nam licet speculatio,
786 581 1331 617 maiorem habeat similitudinem cum visio¬
788 613 1325 655 ne, quam dilectio; dilectio tamen habet ad
784 654 1330 687 eam maiorem propinquitatem in ratione me
782 684 1327 724 riti, quia illam meremur non per speculatio
783 715 1115 761 nem, sed per dilectionem.
801 749 1332 787 3 Ille videtur finis Theologiae principali
783 777 1322 831 ter, & simpliciter, qui principaliter, & vni¬
780 816 1322 855 uersaliter intenditur in ea: sed sola dilectio
788 849 1328 891 vniuersaliter intenditur in Theologia, ergo
783 880 1329 926 &c. Maior est nota, quia scientia non debet
780 915 1323 951 frustrari suo fine, a quo habet denominatio¬
778 948 1327 995 nem in aliqua parte sui. Minor probatur,
780 983 1324 1030 quia quamuis in Theologia videatur inten¬
779 1016 1322 1049 di speculatio, & operatio in alia, & alia par¬
776 1047 1322 1086 te, vbi considerantur pure speculabilia, & ve
774 1083 1318 1122 re operabilia, nullus tamen dictorum finiu
775 1118 1322 1160 intenditur in ea vniuersaliter; vbi enim spe
789 1150 1321 1191 culatio, ibi non intenditur operatio, & e con
783 1184 1319 1224 uerso: dilectio autem vbiqe intenditur, se¬
779 1217 1321 1264 cundum P. August. in tractatu de laudibus
786 1250 1321 1289 charitatis dicentem, si non vacat omnes sa¬
775 1284 1325 1322 cras paginas perscrutari, & omnia volumi¬
774 1316 1327 1356 na euoluere, tene charitatem, & ita habebis
779 1352 1323 1389 quicquid ibi didicisti, & etiam quod non di
778 1385 1322 1428 dicisti. Et subdit, quod in scripturis perci¬
780 1420 1316 1459 pis charitas est, quod non percipis charitas
772 1448 1312 1489 latet. Et D. Qregorius super Exech. Hom
777 1485 1321 1521 xxi. dicit, quod nullus est locus in Sacra Scri¬
778 1517 1317 1568 ptura, qui ita appareat frigidus secundum
774 1556 1317 1595 sensum literalem, qui tamen si pulsetur per
771 1582 1311 1631 sensum spiritualem, non appareat ignitus per
779 1618 1315 1665 charitatem, propter quod comparat eam la¬
776 1650 1306 1698 pidi silicis, qui manu frigidus tenetur, & fei
772 1684 1141 1728 ro percussus scintillas emittit
812 1717 1312 1759 Contra Doctoris nostri sententiam insur
771 1752 1310 1794 git primo Henricus dicens, quod finis, a quo
770 1790 1315 1824 scientia recipit denominationem, non debet
770 1820 1311 1859 esse extrinsecus ab ea, supple in alia potentia,
772 1852 1306 1889 dilectio autem est extrinseca ad habitu Theo¬
769 1887 1307 1926 logiae, cum sit in voluntate, Theologia Vero
774 1918 1306 1954 in intellectu, ergo non erit finis eam de¬
771 1950 907 1992 nominans
806 1983 1314 2026 2 Arguit Sotfredus dices, quod ista duo
764 2012 1310 2055 non stant simul, puta quod in Theologia
770 2055 1312 2108 intendatur principaliter dilectio Dei, & ta¬
