1500 2335
195 178 610 238 trinseco statim exit genus praxis.
227 218 747 262 Ad confirmationem dico, quod non est
193 254 747 297 simile illud, quod additur pro simili, quia
202 293 743 328 actus dilectionis ex charitate habet quan¬
196 323 743 361 dam rectitudinem supernaturalem formali¬
202 356 741 402 ter, ratione cuius forte non est in eodem ge
202 396 738 439 nere cum actu dilectionis naturalis. Dato
194 426 742 468 tamen, quod essent eiusdem generis, non ta
765 174 1328 237 men propter hoc haberetur intentum, quia
777 221 1322 262 identitas, vel diuersitas generes non est cau
771 260 1315 301 sa, quare huiusmodi actus non sit vere pra
772 292 1327 328 xis, sed est alia causa, vt patet per iam di¬
777 323 1331 365 cta superius, puta, quia non est operabile
768 357 1324 395 ab homine, sicut de alijs actibus, qui non
770 387 1324 431 ex speciali Dei influxu operantur. Et haec
774 427 1127 472 de Prologo dicta sufficiant.
