1500 2374
201 148 748 213 nomen ex modo significandi importet actu,
201 204 752 246 & sit deriuatum a fructu, debet significare
194 238 756 283 illum actum quem habemus circa fructum,
197 276 756 325 prout est vltimum de arbore expectatum;
192 308 758 353 sed iste actus non est aliud quam inhaerere
191 345 759 395 fructui propter ipsum, & non propter ali¬
202 380 765 428 quid alterum de arbore expectandum, ergo
194 413 755 465 grammaticaliter loquendo, frui idem est quod
197 447 756 506 inhaerere alicui rei propter seipsam sicut de¬
196 483 463 537 finit P. Augustinus.
226 520 752 568 Secundo probo hoc idem ex comparatio¬
188 551 748 596 ne fruitionis & vsus: lsta enim duo conue¬
194 583 753 631 niunt quantum ad actum, & differunt quan
194 621 757 664 tum ad obiectum, testante P. August. 1j. de
197 661 749 709 Ciuit. Dei cap. 28. vbi sic ait, nec ignoro quod
201 687 753 741 proprie fructus fruentis, vsus vtentis sit, ec¬
190 723 744 780 ce ergo conuenientia ex parte actus, & sta¬
193 757 748 803 tim addit differentiam ex parte obiecti, dices
191 792 752 838 atque hoc interesse videbitur, quia ea re frui
187 832 744 873 dicimur, quae nos, non ad aliud referendo.
186 862 747 914 per seipsam delectat, at vero ea re, quam pro
195 896 753 939 pter aliud quaerimus vtimur. Ecce ergo dif¬
185 933 753 976 ferentia ex parte obiecti, puta quia vtile quae
193 971 755 1023 rimus propter aliud: sed fruibile quaerimus
186 1006 747 1053 propter se. Quibus suppositis sic arguatur.
191 1036 757 1079 sicut se habet vsus ad vtibile, ita fruitio ad
192 1072 750 1111 fruibile, sed vti idem est quod inherere vtibi
194 1108 749 1151 li, referendo ipsum in aliud; ergo frui idem
191 1138 755 1193 est, quod inhaerere fruibili propter se, non re
185 1178 742 1221 ferendo in aliud alterum. Quod autem vt
188 1214 746 1258 sit inhaerere vtibili, inferius declarabitur, cum
182 1255 753 1297 agetur de vti. Sic ergo patet quod hoc no¬
187 1280 747 1334 men frui importat actum inhaerendi alicui
182 1318 371 1363 rei propter se
220 1332 746 1399 Ex quo immediate elicio, quod frui non sit
184 1381 743 1431 actus omnium potentiarum: sed solum po¬
193 1418 709 1468 tenriae appetitiuae, quod patet ex tribus.
220 1459 731 1501 Primo quia solus appetitus per se inhae
190 1483 747 1530 ret suo obiecto, nam aliae potentiae quamuis
182 1528 741 1565 aliquo modo obiectis inhaereant, hoc tamen
189 1561 745 1607 non est per se, sed solum prout impulsae ab
181 1590 584 1647 appetitu, exeunt in suos actus.
220 1622 749 1677 Secundo hoc idem patet ex eo, quod iste
178 1654 737 1715 actus, qui est inhaerere, terminatur non ad
180 1692 735 1748 quodcunque obiectum, sed ad finem sub ra¬
185 1732 743 1784 tione finis, siue ad bonum sub ratione boni,
184 1764 744 1810 hoc autem est obiectum appetitus: & ideo
177 1798 747 1857 aliae potentiae suis obiectis proprie non in¬
176 1835 283 1893 herent.
186 1853 740 1918 Tertio hoc idem patet ex eo quod tende¬
184 1900 745 1946 re in aliquam rem, & inhaerere illi rei, vel
178 1939 739 1989 sunt idem actus, vel saltem sunt actus vnius
176 1968 740 2020 potentiae: Nam illa eadem potentia quae ten
178 2004 735 2046 dit in aliquam rem, inheret illi rei; nunc aut
180 2043 737 2083 actus tendendi, est ipsius appetitus, sequitur
179 2078 736 2124 ergo, quod cum frui sit inhaerere alicui pro¬
181 2107 734 2171 pter se, non est actus omnium potentiarum,
780 146 1198 220 sed solum potentiae appetitiuae.
816 194 1345 249 Remanet tamen adhuc vnum dubium, an
783 234 1340 279 scilicet frui sit actus cuiuslibet appetitus
784 273 1342 319 Est enim triplex appetitus, Naturalis, qui con
782 307 1350 353 sequitur formam naturalem, sensitiuus, qui
787 340 1351 394 consequitur formam sensitiuam, & intelle¬
779 381 899 435 ctiuus.
818 416 1345 454 Frui non potest esse actus appetitus na¬
786 445 1338 498 turalis, quia quamuis talis appetitus inhae
782 480 1353 528 reat suo obiecto, non inhaeret tamen per ali
782 524 1354 565 quem actum elicitum, vt de se patet, fruitio
778 551 1320 593 autem de se importat actum elicitum.
810 586 1343 628 Iterum eadem ratione non pot esse actus
783 618 1342 668 appetitus, qui consequitur animam vegerati
791 653 1340 699 uam, quia eodem modo inhaeret suo obiecto,
784 699 1343 732 vel suae fruitioni, sicut appetitus naturalis,
780 724 1349 772 puta non per actum elicitum, sed per ipsam¬
780 765 1349 800 met formam quam sequitur, potest tamen
783 795 1343 836 esse aliquo modo actus appetitus qui sequi¬
784 832 1351 868 tur animam sensitiuam: nam talis appetitus
782 866 1346 913 per actum elicitum inhaeret, & inhaerere ali
780 899 1349 946 cui rei potest propter se, & non propter alte
784 933 1352 973 rum: & hinc est quod Deatus Aug. in lib¬
779 968 1345 1016 S3: quaest. 30. concedit quod aliquo modo
783 1005 1347 1043 bruta fruuntur, sic inquiens, quod frui qui
778 1041 1337 1075 dem cibo, & qualibet corporali voluptate,
781 1069 1339 1109 non adeo absurde existimantur etiam bestia
781 1109 1341 1146 &c. dixi aliquo modo, quia illa fruitio, quae
779 1143 1338 1193 est in appetitu sensitiuo, non dicitur proprio
781 1172 1325 1215 fruitio, sed valde large propter tria.
814 1207 1343 1254 Primo quidem quia appetitus sensitiuus
779 1248 1345 1283 non inhaeret suo fini libere, sed magis natu¬
776 1279 1343 1328 raliter, & quasi impulsus a dante naturam,
774 1316 1333 1352 & ideo non inhaeret proprie, & per conse¬
779 1350 1135 1399 quens, nec proprie fruitur.
806 1387 1336 1427 Secundo quia quamuis talis appetitus in¬
773 1421 1339 1470 haereat alicui rei propter se, non referendo
779 1454 1335 1490 eam inalterum, hoc tamen non est ex boni¬
775 1490 1333 1534 tate rei, cui inhaeret, sed ex limitatione pro¬
779 1524 1334 1568 priae naturae. Nam talis res bene est referi¬
778 1559 1335 1601 bilis in alterum, cum non sit summum bo¬
768 1593 1337 1629 num, propter quod respectu ipsius non po¬
773 1625 1332 1665 test esse fruitio simpliciter, & proprie; si ergo
774 1663 1339 1705 non refert eam in aliquid alterum, hoc est
772 1698 1336 1739 ex arctatione propriae naturae, puta quia sua
768 1732 1315 1771 natura non est capax maioris boni.
813 1763 1331 1808 Tertio quia dato per possibile vel impossi
766 1803 1327 1842 bile quod talis appetitus esset capax maioris
772 1838 1330 1884 boni, quam sit illud cui inhaeret, non tamen
772 1870 1323 1910 haberet facultatem referendi minus bonum
766 1908 1328 1945 in maius bonum: nam sicut inhaeret ei quod
770 1941 1324 1983 bonum est, hoc tamen non fit propter ratio¬
764 1975 1323 2019 nem talis, vel talis bonitatis, quod ideo est,
776 2009 1329 2056 quia cognitio sensitiua quae est necessario
774 2053 1331 2093 praeuia alicui tali appetitui, ita fertur in il¬
770 2076 1326 2126 lud quod bonum est ipsi appetenti, quod
766 2116 1321 2171 non fertur in ipsam rationem bonitatis, nec
