1500 2330
198 183 759 226 potentiae, pertinet simpliciter ad solam vo¬
206 219 755 270 untatem: frui est huiusmodi, ergo &c. Ma¬
206 258 753 295 or de se patet, probo Minorem per defini¬
203 288 757 332 tionem superius datam ab Augustino primo
206 326 751 360 de Doct. Christ. vbi ait quod frui est amore
202 360 758 401 inhaerere alicui rei propter se, in qua defini¬
199 400 755 436 tione non apparet actus potentiae praeter¬
195 434 763 469 quam actus voluntatis; Nec valet si dicatur
203 467 761 502 quod in alijs deffnitionibus datis ab eodem
203 500 755 539 Augu. apparet actus intellectus, quia dato
197 530 755 569 quod ita sit, nunquam tamen actus intelle¬
190 563 692 611 ctus ibi ponitur, nisi in obliquo.
196 596 758 635 Quarto fruitio simpliciter est actus illius
189 633 757 675 potentiae, cuius est actus fruitio iffordinata;
190 668 751 705 sed fruitio inordinata est actus voluntatis, &
190 700 757 743 non intellectus; ergo & fruitio simpliciter.
184 735 753 776 Maior est nota. Probo minorem nam to¬
190 772 750 809 ta peruersitas ipsius peccatoris, consistit in
182 803 749 846 fruitione inordinata, dicente P. Aug in li. 85
193 846 755 879 quaest. quaest. 30, quod tota peruersitas quae
196 873 755 913 vitium nominatur, est vti fruendis, & frui
196 914 760 948 vtendis; certum est autem, quod omnis per¬
190 939 756 984 uersitas est actus voluntatis, Concludo ergo,
185 971 759 1011 quod si loquamur de fruitione secundum se
189 1008 748 1048 fruitio est actus solius voluntatis
212 1042 756 1089 Nec obstat si dicatur, quod appetitus sen¬
188 1074 748 1118 sitiuus est qui inordinate fruitur, quia appe¬
184 1113 757 1154 titus sensitiuus, fruitur valde improprie pro
189 1144 750 1190 pter tres rationes superius adductas, Volun¬
190 1181 750 1223 tas autem fruitur fruitione proprie dicta pro
191 1209 752 1257 pter tres alias rationes opposito modo acce¬
193 1248 754 1295 ptas, dicebatur nim superius quod appetitus
191 1278 750 1320 sensitiuus non proprie fruitur quia non in¬
185 1316 750 1358 haerebat libere suo obiecto, sed quasi impul¬
186 1346 750 1390 sus ad tendendum; de voluntate autem dici¬
185 1383 747 1425 tur e contra quod libere inhaereat obiecto
189 1415 514 1466 suo; ergo proprie fruitur.
218 1451 748 1497 Iterum dicebatur secundo, quod appeti¬
187 1487 752 1527 tus sensitiuus non proprie fruitur, quia ha¬
181 1522 751 1562 bet naturam arctatam, ratione cuius non po
187 1550 750 1594 test ferri in summum bonum, respectu cu¬
183 1588 742 1630 ius tantum est propria fruitio, cum ex natu
187 1625 742 1661 ra rei; non sit referibile in aliquid alterum.
181 1654 747 1701 Hoc autem de voluntate dicit per oppositum;
176 1694 743 1735 puta quod habet naturam abstractam, cuius
184 1722 743 1768 ratione potest ferri in quodcunque bonum,
178 1758 741 1797 & inhaerere summo bono, & per consequens
184 1791 547 1837 frui fruitione proprie dicta.
223 1825 742 1864 Iterum dicebatur tertio quod appetitus
176 1859 743 1899 sensitiuus non proprie fruebatur, quia non
184 1898 751 1939 inhaerebat alicui propter se positiue; puta
180 1931 748 1974 propter rationem suae bonitatis, quia illa non
186 1964 743 2008 poterat esse praecognita per sensum: hic au¬
188 2005 739 2042 tem dicitur e conuerso, quod voluntas inhae
187 2031 743 2080 ret rei propter se positue, puta fini pro¬
184 2062 748 2111 pter rationem finis, quia ista ratio potest esse
184 2101 740 2149 praecognita per ipsum intellectum, patet er-
782 174 1357 233 go quod in genere appetituum sola volun¬
790 220 1226 268 tas proprie fruitur.
819 255 1365 295 Ostensum etiam fuit superius quod frui¬
791 289 1356 333 tio essentialiter accepta non est actus intel¬
788 322 1354 363 lectus, & voluntatis simul, sed voluntatis
792 358 1353 402 tantum, quod adhuc confirmo per August.
798 392 1362 431 10. de Trin. cap. 10 vbi fruitionem, & vsum
794 421 1355 468 soli voluntati attribuit, inquiens, voluntas
790 459 1353 501 autem adest, per quam fruamur, vel vtamur.
793 497 1351 541 Secundo dico quod disposito, quae est ne
793 532 1349 573 cessario praeuia fruitioni, est actus intelle¬
790 562 1351 609 ctus, quia praeuia cognitio, quom est actus intelle
794 598 1349 634 ctus, nerio requiritur in fruitione, quod ap¬
792 632 1346 676 paret ex duobus. Primo quidem ex eo quoc
788 669 1350 709 istae potentiae sunt essentialiter ordinatae, ita
787 698 1338 740 tamen vt intellectus praecedat voluntatem
794 731 1349 782 obiectum ergo fruitionis non poterit moue¬
790 769 1347 809 re vnluntatem ad amandum, & inhaerendum,
790 802 1347 855 nisi moueat prius intellectum ad cogno¬
784 833 913 879 scendum
816 855 1345 909 Secundo quod voluntas non posset inha
788 904 1353 942 tere fini propter se positiue; nisi ratio finis
783 941 1346 980 esset praecognita per intellectum, & hinc est
783 970 1354 1013 quod Aug. 10. de Trin. cap. 10 ad fruitionem.
788 1008 1353 1050 ponit concurrere ipsam cognitionem, sic in¬
784 1043 1355 1085 quiens, fruimur cognitis, in quibus voluntas
787 1072 1349 1119 delectata conquiescit, sic ergo patet secun¬
787 1107 1343 1158 dum, quod erat principaliter explicandum
851 1177 1334 1227 ARTICVLVSTERTIVS
787 1228 1351 1284 An fruitio aggreget amorem & delectatio¬
833 1284 1340 1330 nem, ita quod ambo isti actus con¬
876 1310 1334 1358 currant essentialiter ad frui¬
847 1349 1294 1395 tionem.
872 1547 1344 1594 D hoc dicunt aliqui, quod quaedam
786 1561 1340 1628 auctoritates. D. Augustini videntur so
786 1619 1340 1656 nare quod vter que actus concurrat ad frui¬
788 1652 1342 1692 tionem, & ideo innuunt isti, quod non esset
779 1688 1343 1725 inconueniens dicere, hoc nomen fruitio si¬
785 1722 1344 1766 gnificare totum aggregatum ex amore, &
776 1752 1346 1804 delectatione; sicut nomen lllias significat to
785 1791 1340 1831 tum bellum Troianum, vt patet 7. Metaph¬
776 1827 1331 1878 quod tamen non est vnum ens nisi aggre¬
785 1858 899 1906 gatione.
778 1886 1339 1942 Contra tamen istum modum dicendi ar¬
782 1926 972 1972 guo dupliciter.
806 1959 1339 1999 Primo sic, si ambo isti actus essentialiter
778 1996 1337 2041 concurrerent, ad fruitionem, sequeretur quod
783 2029 1332 2068 vnus eorum non poneretur in eius definitio
777 2064 1335 2106 ne sine altero, consequens est falsum; ergo &
779 2097 1331 2154 antecedens : Consequentia est nota: probo
