1500 2354
134 190 703 235 mediante Deus attingitur; Maior patet, quia
133 228 703 278 ita se habet desiderium, & delectatio ad obie
130 266 701 309 ctum, sicut motus, & quies ad terminum;
131 304 704 336 nunc autem videmus, quod idem est termi¬
136 334 708 376 nus, ad quem motus est, & in quo habito est
134 366 699 418 quies; ita idem erit obiectum, pro quo haben
133 400 705 443 do est desiderium, & quo habito est delecta¬
132 432 698 482 tio; Minor probatur ab eis; non enim (dicunt)
135 467 698 520 desideramus Deum secundum se, quia obie¬
128 507 697 553 ctum desiderij est aliquod futurum, quod de
131 537 702 586 Deo non dicitur, & per eandem rationem
135 576 698 619 non desideramus aliquid Deo secundum se;
130 613 697 657 quia nihil futurum potest Deo aduenire, sed
128 635 699 686 bene desideramus nobis aliquid futurum de
128 677 704 724 Deo, scilicet actum, per quem nobis coniun¬
131 710 693 761 gatur, ergo immediatum obiectum desiderij
139 748 704 787 & delectationis, quae est fruitio, erit aliquis
128 786 701 832 actus quo mediante Deus attingitur; pu¬
136 813 244 853 ta visio
139 850 703 896 3 Vlterius obiectum fruitionis, est ali¬
130 886 697 932 quid complexum, sed Deus secundum se ac¬
133 925 696 976 ceptus est quid incomplexum; ergo &c. Ma¬
135 956 701 1005 ior probatur, quia (secundum eos, amor con¬
132 992 696 1034 cupiscentiae, qui est fruitio, vt probatum est,
128 1029 697 1071 sequitur actum intellectus componentis, &
130 1063 700 1109 diuidentis, qui dicit de fugiendo, & prose¬
129 1096 694 1138 quendo; intellectus autem per simplicem
130 1125 697 1179 actum nihil dicit de his; Minorem reputant
136 1171 691 1209 per se notam : Concludunt ergo, quod ali¬
138 1203 696 1243 quis actus sit immediatum obiectum fruitio
132 1235 701 1293 nis, quo mediante attingitur DEVS pu¬
130 1267 251 1309 ta visio.
169 1288 691 1347 Hec opinio saluo meliori iudicio, duo pre
133 1340 693 1376 cipue ponit falsa, primum que Deus sit obiectu
135 1373 689 1409 remotum fruitionis, ex eo quod fruitio non
127 1411 697 1444 terminatur ad ipsum, nisi vt includitur in
133 1443 690 1477 actu visionis, quo mediante attingitur. Se¬
134 1474 693 1524 cundum quod ipsa visio Dei sit immediatum
131 1510 691 1550 obiectum fruitionis, haec enim duo videntur
133 1544 691 1584 falsa. Nam si Deus non esset obiectum frui¬
136 1581 692 1624 tionis, nisi quatenus visus, sequeretur quod
138 1618 690 1653 voluntas non inhaereret illi propter se; nec
130 1653 690 1687 delectaretur in eo propter se; Consequens est
132 1682 689 1730 falsum; ergo & Antecedens, Consequentia
126 1721 687 1763 sper eos) patet, quia sicut obiectum immedia
132 1749 679 1797 tum delectationis secundum gustum, est ip
134 1787 687 1832 se actus gustandi; ita obiectum fruitionis (cu
130 1824 688 1869 sit quaedam delectatio de Deo viso) est ipse
130 1859 693 1895 actus videndi: ideo sicut appetitus sensitiuus
130 1892 683 1930 non appetit gustabile propter se, vt delecte¬
130 1926 693 1973 tur in eo propter se, sed propter actum gustam
130 1957 690 2004 di; ita voluntas videntis Deum non inheret
130 1995 687 2032 Deo, nec delectatur in eo propter se; sed pro
124 2033 689 2074 pter actum videndi: Falsitas consequentis
126 2059 692 2108 probatur, quia inhaerere Deo hoc modo, ma¬
122 2094 692 2143 gis est ipso vti, quam frui, quod enim quaeri¬
119 2136 692 2192 tur propter aliud, cadit proprie sub vsu, dicen
734 198 1296 254 te patre Augustino ij de Ciuit. Dei cap. 20.
733 237 1292 282 quod ea re vtimur, quam propter aliud quae
735 280 1298 329 rimus, ea autem refruimur, quae nos per se
732 306 1226 353 ipsam delectat, non referendo in aliud
760 342 1293 386 Praeterea arguo, quod visio non sit imme
729 376 1295 426 diatum obiectum fruitionis, sicut gustatio de
736 411 1288 451 lectabilis est immediatum obiectum illius
728 445 1289 497 delectationis; nam hoc posito, sequitur quod
732 481 1292 526 videns Deum magis fruatur visione, quam
733 513 1296 562 Deo, Consequentia patet per dicta eorum nam
733 550 1296 589 gustans vinum magis delectatur in ipsa gu¬
733 589 1297 630 statione, quam in vino; a pari, videns Deum,
735 615 1290 667 magis delectabitur in visione, quam in Deo.
764 655 1291 698 Vlterius duo videtur supponere omnino
730 684 1291 731 irrationabilia, puta quod omnis delectatio sit
726 725 1295 766 amor concupiscentiae, & quod immediatum
726 756 1289 810 obiectum amoris concupiscentiae sit quid crea
730 796 1292 843 tum, non distinctum subiecto ab ipso concu¬
730 828 1292 868 piscente, primum est falsum: quia sequere¬
728 857 1290 912 tur, quod amicitia vera non posset habere
732 898 1295 941 aliquam delectationem, quod est contra Ari
734 929 1295 975 stotelem 8. Ethicorum, cap. 3. & 4 vbi ponit,
727 967 1298 1006 quod amicitia perfecta habet delectationem
727 1004 1296 1045 veram, ex quo elicitur, quod omnes aliae ami
727 1036 1286 1077 citiae imperfectae sint, quae habent delectatio
727 1070 1278 1116 nem concupiscentiae; Consequentia patet
729 1109 1288 1148 quia si omnis delectatio est quidam amor con
726 1143 1288 1182 cupiscentiae (vt dicunt) in amicitia nulla erit
726 1177 1288 1213 delectatio. Item sequeretur quod nulla res
730 1207 1294 1253 delectaret propter se ipsam, nam secundum
719 1245 1289 1289 amorem concupiscentiae, non delectamur in
721 1284 1283 1320 aliqua re propter se, sed prout eam referimus
726 1312 1283 1357 in nos ipsos, fruibile autem delectat propter
727 1346 1286 1394 se secundum patrem Augustinum superius
722 1378 869 1421 allegatum.
758 1410 1281 1460 Secundum suppositum etiam est falsum;
721 1448 1278 1489 ideo probo quod obiectum immediatum amc
725 1483 1285 1528 ris concupiscentiae, non sit quid intrinsecum
728 1521 1284 1564 & indistinctum subiecto a concupiscente; &
718 1547 850 1597 primo sic¬
755 1577 1278 1630 1 Illud quod non apprehenditur esse com
720 1614 1278 1664 forme ipsi concupiscenti, nisi mediante ali¬
726 1658 1278 1699 quo alio, non est immediatum obiectum amo
723 1697 1279 1735 ris concupiscentiae sed actus gustandi vinum
722 1721 1285 1771 est huiusmodi; ergo &c Maior est nota; nam
720 1755 1285 1803 sicut aliquid concupiscitur, sic appraehendi¬
717 1796 1285 1837 tur esse conforme, probo Minorem, quia com¬
716 1828 1283 1872 formitas vini ad ipsum concupiscentem prae¬
718 1866 1280 1909 cedit, & est causa conformitatis, ac bonitatis,
725 1894 1278 1946 quae est in actu gustandi respectu concupi¬
719 1934 1289 1979 scentis; & ideo non potest appraehendi ille
723 1967 1279 2017 actus esse conformis, & bonus, nisi primo ap
726 1997 1278 2049 praehendatur ipsum vinum esse conforme, &
723 2030 1057 2080 bonum ipsi concupiscenti.
754 2074 1284 2108 2 Sicut se habent motus, & quies in cor¬
724 2104 1286 2150 porib ad terminum; ita se hnt desiderium, & dele
721 2144 1278 2195 ctatio in animalibs respectu obiecti, sed mots
