1500 2331
203 164 755 218 & quies ita se habent, quod vbi apparent di
206 205 758 252 stincti termini, vnus intrinsecus, & alter ex¬
203 239 756 281 trinsecus, extrinsecus praecedit intrinsecum
206 277 759 326 in ratione terminandi; ergo in desiderio, &
209 308 753 354 delectatione si est dare distincta obiecta, ex.
202 348 749 384 trinsecum debet praecedere intrinsecum;
200 382 762 418 Maior est concessa ab eis superius; Minorem
200 414 767 453 declaro, videmus enim in motu locali, & in
205 449 765 495 quiete duos terminos, vnum extrinsecum,
198 482 756 525 scilicet locum, & alterum intrinsecum scili¬
196 520 752 560 cet vbi; constat autem quod primus termi¬
200 554 756 596 nus, & immediatus est ipse locus, nam cor¬
198 588 763 632 pus non acquirit vbi per motum, nisi mediam
207 620 757 667 te loco, siquidem vbi derelinquitur in cor¬
198 657 745 701 pore locato ex adiacentia loci. Dato ergo
196 697 761 730 quod duo sint obiecta, puta vinum confor¬
200 726 752 770 me ipsi concupiscenti, & actus gustandi ip¬
202 761 758 795 sum, & vnum esset obiectum eiusdem desi¬
203 794 759 832 derij, & delectationis mediante alio, quod
193 830 755 866 etiam est dubium, magis tamen esset dicen¬
200 864 761 902 dum, quod actus gustandi esset obiectum me
196 900 678 945 diante vino conforme, quam e contra
227 933 751 976 3 Sicut se habet obiectum desiderij ad ij
200 963 756 1010 sum desiderium; ita obiectum delectationis ac
191 1005 765 1045 delectationem, sed obiectum desiderij, quis sit ex
200 1034 754 1081 trinsecu, & subiecto distinctu ab ipso concup
198 1070 753 1108 scente causat nihilominus in eo actum desideri
203 1098 759 1149 immediate sine aliquo intrinseco in ratione ob
208 1141 759 1185 ecti; ergo & obiectum delectationis causa¬
202 1175 761 1217 bit eodem modo delectationem, quamuis sit
200 1211 757 1254 extrinsecum, puta propter solam conformi-
203 1248 762 1293 tatem appetitus; Maior est nota: quia pro¬
196 1277 756 1322 pter eandem rationem, per quam aliquid cau
196 1316 760 1351 sat desiderium, quando est absens, causat et
196 1344 759 1382 delectationem postea, quando est praesens;
197 1380 757 1426 Minor patet ad sensum; videmus enim quod
194 1420 755 1457 cibus, vel potus, quando est absens immedia
195 1455 754 1491 te causat desiderium per solam conformita¬
199 1491 759 1529 tem, quam habet ad appetentem, & non me
197 1517 443 1561 diante aliquo alio.
212 1540 763 1592 Ad rationes vero dicitur, quod non va¬
202 1589 765 1629 lent, & ad primam, nego quod obiectum amo
198 1619 763 1666 ris concupiscentiae sit aliquid intrinsecum,
198 1658 766 1699 vt patet per iam dicta, concessa tamen Maio
194 1696 754 1736 ri: Minor est simpliciter falsa, videlicet quod
195 1725 761 1768 fruitio sit amor concupiscentiae, & cum pro
201 1758 762 1797 batur, quia est delectatio, dico quod dele¬
197 1794 759 1838 ctatio siue dilectio, quae est secundum veram
201 1832 765 1873 amicitiam, non est amor concupiscentiae, cum
201 1864 761 1912 ibi res amata delectet propter se; talis auten
200 1897 531 1943 delectatio est ipsa fruitio.
241 1929 761 1978 Ad secundam: concessa Maiori; licet sit
209 1962 760 2013 dubia, nego Minorem quod Deus non pos¬
211 2001 759 2037 sit esse obiectum immediatum desiderij, quia
206 2036 765 2074 omne quod desideratur, in quantum bonum
207 2067 765 2111 desideratur, & quia summum bonum, est bo
207 2098 759 2149 num per se ipsum, non mediante aliquo alio;
784 151 1362 210 ideo &c. Cum vero dicunt, quod Deus non
785 206 1363 249 est futurus dico, quod quamuis per se ipsum
787 239 1352 282 non sit futurus, est tamen ibi aliquid anne¬
785 274 1348 316 xum necessario requisitum ad causandum
791 310 1351 353 vtrumque actum, puta cognitio, vel visio, quae
784 342 1353 386 nec est obiectum immediatum desiderij, vel
792 375 1335 417 delectationis, nec clauditur ratione obiecti
790 413 1354 452 sed ratione ordinis actuum, vel ratione mo¬
788 444 1353 492 di recipiendi ipsius potentiae, & respectu hu
787 481 1361 529 ius conditionis potest dici ibi aliquid futu¬
782 512 1355 558 rum: quia obiectum manet absens ab ipso
792 545 1358 591 desiderante; sicut exempli gratia, immedia¬
789 589 1360 629 tum obiectum actus gustandi est ipsum gu¬
788 616 1363 660 stabile, & actus gustandi videtur mediare
784 652 1359 698 applicationem inter gustabilis ad gustantem;
784 689 1361 731 non diceret tamen aliquis quoed illa applicatio es¬
791 722 1350 770 set obiectum immediatum actus gustandi, non
790 765 1355 806 enim mediat in ratione obiecti, sed in ratio¬
783 792 1179 841 ne annexi necessario requisiti.
827 826 1344 866 Ad tertiam, nego Maiorem, nam quando
793 858 1347 907 aliquid amatur amore amicitiae propter se,
786 896 1343 938 sine relatione ad aliud alterum, tunc obie
791 931 1355 968 ctum non est complexum, quod veritatem
786 965 1357 1006 habet maxime in fruitione patriae: & dato
786 1003 1357 1045 quod haec proposito esset vera, Minor ta¬
791 1041 1359 1078 men est falsa, nam cum dicunt, quod Deus
787 1068 1355 1116 secundum se non est quid complexum, dico
787 1107 1360 1145 quod quamuis non sit quid complexum ra¬
789 1139 1355 1178 tione alicuius intrinseci inclusi in obiecto, po
790 1174 1358 1219 test tamen dici quid complexum ratione ali
783 1208 1355 1261 cuius extrinseci necessario requisiti, & an¬
786 1246 847 1282 nexi
823 1277 1345 1319 Videtur ergo aliter dicendum ad istum al
788 1309 1350 1350 ticulum, nam cum quaeritur an voluntas frua
788 1348 1351 1390 tur Deo immediate, vel mediante aliquo, di
792 1385 1355 1429 co quod hoc tripliciter potest intelligi; primo
790 1418 1348 1451 vtrum fruatur mediante aliquo formali tan¬
792 1450 1356 1495 quam actu, & hoc concedo, fruitur, n. Deo
785 1486 1353 1525 mediante proprio actu formaliter, qui est frui
789 1520 1355 1555 tio. Secundo vtrum fruatur Deo mediante
793 1553 1352 1595 aliquo alio tanquam dispositone necessario
787 1591 1356 1631 praeuia, & annexa ipsi fruenti, & hoc etiam
787 1627 1351 1661 concedo, quia fruitur Deo per amorem me¬
788 1655 1352 1698 diante visione, quae praeuia est, & media tan¬
795 1692 1351 1737 quam disposito necessario requisita: simili¬
791 1727 1357 1766 ter fruitur Deo per delectationem median¬
793 1760 1357 1802 te amore. Tertio potest intelligi an volun¬
787 1796 1355 1835 tas fruatur Deo mediante aliquo alio tan¬
792 1832 1351 1877 quam obiecto inter voluntatem fruentem,
792 1862 1355 1906 & Deum fruibilem, puta mediante visione,
792 1899 1349 1937 vt dicebat opinio superius improbata, & sic
789 1934 1355 1974 nego, quia (vt ostensum est) nullum ens crea
786 1969 1353 2013 tum, sed solus Deus, potest esse obiectum
794 2001 1346 2039 prdinatae fruitionis; immo dato quod visio
793 2033 1351 2084 Dei posset esse obiectum fruitionis ordinatae
792 2069 1353 2108 magis tamen esset verum dicere, quod vo¬
790 2104 1359 2158 luntas frueretur visione mediante Deo viso,
