1500 2348
198 173 754 222 ad eontratium actum, quia fruitio vnius per
200 217 758 258 sonae non stat cum odio alterius, dicente Do
199 255 750 295 mino, qui odit me, & patrem meum odit, &
203 285 503 335 haec de fruitione viae.
227 320 754 361 Si autem loquamur de fruitione Deatorum
200 351 753 402 in patria, dicunt quod quamuis de facto bea
211 384 748 422 tus fruatur simui essentia & personis vnica
208 421 749 465 fruitione, posset tamen Deus de potentia
206 455 755 494 absoluta facete, quod beatus frueretur esse¬
201 489 753 534 tia sine personis, & vna persona sine alia,
201 524 601 574 quod probant dupliciter.
235 552 749 607 Quandocunque aliquis actus respicit duo
200 597 747 636 obiecta vnum tanquam primarium a quo
195 626 744 669 specisicatur, & in quod essentialiter tendit, &
193 666 744 712 aliud tanquam secundarium, in quod non tom
191 691 751 735 dit, nisi virtute primi obiecti, potest Deus
187 729 743 773 facere sine contradictione, quod ille actus
199 769 755 802 terminetur ad obiectum primarium, & non
195 800 747 839 ad secundarium, sed actus fruitionis respicit
194 830 749 875 diuinam essentiam tanquam obiectum pri¬
190 868 743 907 marium a quo specificatur, & in quod essen
191 897 746 942 tialiter tendit, personas vero tanquam obie¬
192 935 752 971 ctum secundarium, in quod tendit virtute
196 967 746 1019 primi obiecti, quod est essentia: similiter re
190 1001 747 1044 spicit primam personam vt obiectum prima¬
189 1044 753 1075 rium, secundam vero vt obiectum secunda¬
198 1074 752 1113 rium, ergo poterit Deus facete quod actus
199 1102 752 1144 fruitionis terminetur ad essentiam, & non ad
195 1141 751 1186 personas, & quod terminetur ad primam,
195 1171 753 1217 absque eo quod terminetur ad secundam, & sic
198 1206 752 1245 Deatus poterit frui vno obiecto sine altero.
229 1242 749 1281 Maiorem declarant exemplo de actu vi¬
198 1269 753 1317 sionis Deati; constat enim quod illa visio ter
206 1310 752 1350 minatur ad essentiam, vt ad obiectum pri¬
203 1348 747 1384 marium, ad res vero quae apparent in essen¬
190 1375 749 1415 tia terminatur tanquam ad obiectum secun¬
199 1413 749 1458 darium, quia in eas non tendit nisi virtute
194 1446 749 1485 essentiae, posset Deus ergo facere quod Dea¬
191 1480 749 1514 tus eodem actu visionis videret essentiam,
191 1510 747 1554 & non videret res alias in essentia, & quod
189 1548 745 1584 videret eodem actu res quas prius non vide
191 1580 750 1617 bat, nam quando sunt duo obiecta sic distin
190 1613 743 1652 cta potest Deus absque contradictione facere
188 1652 743 1696 quod idem actus terminetur ad vnum, &
189 1682 442 1728 non ad alterum.
226 1707 740 1759 Minorem probant, quia secudum eos Tr
183 1756 744 1792 nitas personarum non est de ratione diuinae
194 1786 745 1827 essentiae in quantum est obiectum fruitionis,
196 1819 743 1860 nam pater est prior origine filio, & Spiritu
188 1852 741 1892 Sancto, in illo autem priori signo originis
188 1892 749 1933 pater est beatus, & fruitur sua essentia, cum
189 1928 746 1966 tamen in illo priori non dum sit communi¬
191 1954 736 2002 cata, ergo sequitur quod Trinitas persona¬
196 1980 733 2030 rum non sit de ratione essentiae, vt est obie
194 2021 738 2064 ctum fruitionis; Trinitas ergo personarum
193 2058 744 2096 si concurrat ad fruitionem hoc erit tanquam
183 2090 597 2146 obiectum secundarium.
806 165 1345 225 Praeterea si essentia non obijceretur pri¬
776 208 1332 258 mae personae in ratione obiecti fruibilis, nisi
787 243 1333 288 vt existens in tribus personis, sequeretur quod
787 281 1333 328 pater non haberet actum fruitionis, nisi post
781 308 1340 359 productionem aliarum personarum, quod
786 357 1334 395 est falsum; nam sicut per actum productio
782 381 1333 427 nis non accipit essentiam ab alia persona, sed
780 416 1330 465 communicat eam alijs, ita per eundem actu
782 448 1341 496 communicat alijs personis fruitionem, &
782 483 1181 533 omnes essentiales perfectiones.
817 494 1328 568 Insuper sequeretur quod aliqua perfectio
776 559 1335 600 essentialis, puta fruitio, esset postetior pro¬
786 590 1335 635 prietatibus relatiuis, cum praesuponant per¬
774 619 1338 671 sonas esse constitutas per proprietates rela¬
776 654 1338 703 tiuas, hoc autem videtur falsum, quia pari
775 687 1336 738 ratione, qua essentia praecedit illas proprieta
781 721 1329 771 tes, ita & quaelibet essentialis perfectio de¬
774 758 1038 806 bet illas praecedere.
805 768 1344 837 Haec opinio quinque dicit quae mihi viden¬
777 828 1345 873 tur falsa, ideo contra eam arguo & primo
777 867 1338 908 contra hoc quod viator possit frui essentia
775 898 1295 944 non fruendo personis, arguo tripliciter.
806 927 1332 975 1 Sicut se habet vtibile ad vtentem, ita
775 956 1331 1003 fruibile ad fruentem, sed vtens non potest
782 999 1327 1034 vti re aliqua abstrahendo eam a suo suppo¬
778 1026 1332 1076 sito, ergo nec fruens poterit frui essentia di
777 1064 1332 1104 uina abstrahendo eam a personis diuinis:
781 1095 1332 1144 Maior patet, quia vtrobique est eadem pro¬
782 1131 1332 1184 portio: Minor probatur, nam quando essen
783 1165 1337 1209 tia rei abstrahitur a suo supposito, abstrahi¬
783 1199 1333 1238 tur etiam ab omni loco, & tempore: circa
782 1235 1332 1285 rem autem sic abstractam non possumus ha
778 1269 1332 1316 bere aliquem vsum, vel finem, vel actum, ni
776 1312 1329 1345 si mere speculatiuum, quia sicut patet in pr
776 1341 1340 1387 logo Metaph actus & omnes operationes
785 1372 1165 1416 unt circa singularia, ergo &c
807 1381 1331 1453 2 Sicut se habet fruitio inordinata ad es¬
779 1438 1327 1483 sentiam creaturae, ita fruitio ordinata ad es¬
775 1471 1333 1523 sentiam Creatoris; sed prima non potest ha¬
782 1512 1330 1559 beri de essentia abstrahendo eam a supposi¬
774 1543 1332 1587 to, ergo nec secunda: Maior est nota: Mi¬
772 1576 1331 1622 nor autem probari potest sicut in praeceden¬
775 1614 919 1661 ti articulo.
808 1623 1328 1694 3 Fruitio viae si sit ordinata debet respon
778 1676 1329 1722 dere fruitioni patriae, sed illa patriae non erit
774 1713 1328 1758 de essentia abstrahendo eam a persona; ergo
780 1746 1328 1790 nec ista vie: Maior est nota, quia fruitio viae
786 1781 1323 1833 praecedit illam in ratione meriti minor ab
778 1820 980 1858 eis conceditur.
800 1855 1327 1897 Secundo arguo hanc opinionem, quia po
774 1890 1324 1932 nit, quod viator possit frui vna persona fine
778 1922 1325 1964 altera; hoc enim videtur falsum; nam, vel
779 1960 1329 2004 hoc esset ratione essentiae, vel ratione rela¬
772 1990 1325 2032 tionis, non ratione essentiae; quia cum sit
774 2023 1321 2063 vna, & eadem numero in omnibus personis.
774 2064 1331 2101 non poterit viator vna frui persona sine alte
770 2093 1331 2134 ra, non ratione relationis; nam cum relatiua
