1360 2100
567 70 297 67 CAP.
715 70 223 67 VIII

451 122 187 72 Vtrum
576 122 229 72 vtendum
743 122 125 72 an
805 122 250 72 fruendum
972 122 104 72 sit

655 177 235 60 virtutibus.

403 223 126 64 HIC
475 223 307 64 considerandum
728 223 145 64 est,
819 223 163 64 vtrum
927 223 253 64 virtutibus
1108 223 90 64 sit

358 268 219 63 vtendum,
522 268 109 63 an
576 268 237 63 fruendum.
759 268 255 63 Quibusdam:
959 268 200 63 videtur
1087 268 109 63 quod

351 320 117 61 eis
418 320 117 61 sit
485 320 201 61 vtendum,
636 320 84 61 &
670 320 117 61 non
737 320 218 61 fruendum:
905 320 84 61 &
938 320 117 61 hoc
989 320 201 61 confirmant

362 370 242 58 authoritate
556 370 129 58 Aug.
636 370 129 58 qui,
717 370 97 58 vt
765 370 242 58 praetaxatum
959 370 129 58 est,
1040 370 145 58 dicit
1120 370 81 58 non

363 418 125 65 esse
441 418 187 65 fruendum
582 418 125 65 nisi
659 418 218 65 Trinitate,
831 418 93 65 id
877 418 125 65 est,
955 418 140 65 summo
1049 418 78 65 &
1064 418 125 65 incom.

357 465 199 55 mutabili
506 465 166 55 bono.I
622 465 132 55 Item
705 465 166 55 dicunt
821 465 132 55 ideo
904 465 116 55 non
970 465 132 55 esse
1036 465 166 55 fruendum

367 523 122 51 cis,
443 523 122 51 quia
520 523 168 51 propter
642 523 92 51 se
688 523 168 51 amandae
810 523 107 51 non
871 523 138 51 sunt,
963 523 107 51 sed
1024 523 168 51 propter
1131 523 61 51 a-

360 559 181 56 ternam
487 559 308 56 beatitudinem.
740 559 163 56 Illud
848 559 163 56 autem
957 559 127 56 quo
1011 559 181 56 fruendum

358 614 128 64 est,
438 614 176 64 propter
566 614 96 64 se
614 614 176 64 amandum
742 614 128 64 est.
821 614 112 64 Sed
885 614 128 64 quod
965 614 192 64 virtutes
1093 614 96 64 pro-

359 653 119 74 pter
434 653 89 74 se
478 653 164 74 amandae
598 653 104 74 non
657 653 134 74 sint,
747 653 104 74 imo
806 653 164 74 propter
926 653 224 74 beatitudine
1090 653 104 74 solam

351 702 174 78 probant
478 702 238 78 authoritate
668 702 127 78 Aug.
747 702 111 78 qui
811 702 95 78 in
858 702 127 78 lib.
937 702 143 78 xiii.
1033 702 95 78 de
1064 702 127 78 Trinit

359 751 149 61 contra
463 751 163 61 quosdam
582 751 119 61 ait,
656 751 149 61 Fortet
760 751 193 61 virtutes,
909 751 119 61 quas
983 751 163 61 propter
1102 751 134 61 solam

349 807 247 54 beatitudine
546 807 181 54 amamus,
677 807 115 54 sic
743 807 148 54 nobis
842 807 230 54 persuadere
1023 807 181 54 audent,
1138 807 49 54 v

349 847 145 80 ipsam
445 847 241 80 beatitudine
639 847 113 80 non
703 847 177 80 amemus:
832 847 129 80 quod
912 847 97 80 si
961 847 193 80 faciunt,
1089 847 113 80 etiam

357 904 143 69 ipsas
452 904 159 69 vtique
564 904 143 69 amare
659 904 238 69 desistimus,
850 904 159 69 quando
961 904 159 69 illam,
1056 904 143 69 propter

362 944 126 71 quam
441 944 142 71 solam
536 944 142 71 istas
630 944 205 71 amauimus,
788 944 110 71 non
851 944 173 71 amamus.
977 944 126 71 Ecce
1055 944 110 71 his
1103 944 95 71 ver-

357 994 109 67 bis
420 994 171 67 videtur
544 994 125 67 Aug.
622 994 218 67 ostendere,
794 994 125 67 quod
872 994 187 67 virtutes
1012 994 109 67 non
1059 994 140 67 propter

366 1039 112 66 se,
430 1039 112 66 sed
494 1039 176 66 propter
621 1039 144 66 solam
717 1039 239 66 beatitudine
909 1039 176 66 amandae
1036 1039 144 66 sint.
1116 1039 96 66 Quod

371 1096 90 55 si
416 1096 105 55 ita
476 1096 120 55 est:
551 1096 120 55 ergo
626 1096 105 55 eis
686 1096 180 55 fruendum
821 1096 105 55 non
881 1096 120 55 est.
956 1096 135 55 Aliis
1046 1096 135 55 buero
1121 1096 75 55 con

365 1142 110 66 tra
428 1142 173 66 videtur
554 1142 188 66 scilicet
695 1142 126 66 quod
773 1142 188 66 fruendum
915 1142 110 66 eis
978 1142 126 66 sit,
1056 1142 126 66 quia
1119 1142 94 66 pro-

372 1184 133 70 pter
455 1184 99 70 se
505 1184 199 70 petendae
654 1184 83 70 &
687 1184 182 70 amandae
820 1184 149 70 sunt.
920 1184 99 70 Et
969 1184 116 70 hoc
1019 1184 199 70 confirmant

373 1232 242 64 authoritate
567 1232 129 64 Amb.
648 1232 113 64 qui
712 1232 113 64 ait
777 1232 145 64 super
874 1232 145 64 illum
971 1232 145 64 locum
1051 1232 162 64 epistola

373 1287 94 62 ad
420 1287 125 62 Gal.
499 1287 172 62 Fructus
624 1287 125 62 aute
703 1287 188 62 Spiritus
844 1287 125 62 est,
922 1287 204 62 charitat,
1063 1287 157 62 gaudium.

381 1332 135 59 tax,
465 1332 236 59 patientia,
651 1332 118 59 &c.
718 1332 101 59 At
769 1332 118 59 hic
836 1332 118 59 non
904 1332 185 59 nominat
1039 1332 169 59 opera,
1140 1332 84 59 sed

376 1381 172 62 fructus
502 1381 125 62 quia
580 1381 172 62 propter
706 1381 94 62 se
753 1381 172 62 petenda
878 1381 141 62 sunt:
972 1381 94 62 si
1019 1381 125 62 vero
1082 1381 141 62 propter

378 1421 99 67 se
427 1421 181 67 petenda
558 1421 148 67 sunt,
657 1421 131 67 ergo
739 1421 197 67 &propter
887 1421 99 67 se
936 1421 181 67 amanda.
1067 1421 131 67 Nost
1133 1421 82 67 au-

374 1471 113 74 tem
438 1471 161 74 harum,
551 1471 129 74 quae
631 1471 193 74 videtur,
776 1471 257 74 authoritatum
985 1471 241 74 repugnantia
1162 1471 64 74 de

350 1527 184 66 amedio
479 1527 203 66 eximere
626 1527 258 66 cupientes,
829 1527 203 66 dicimus
976 1527 147 66 quod
1050 1527 184 66 virtutes

352 1577 81 57 A
384 1577 178 57 propter
514 1577 97 57 se
562 1577 194 57 petendae
708 1577 81 57 &
740 1577 178 57 amandae
869 1577 146 57 sunt:
966 1577 81 57 &
999 1577 146 57 tamen
1079 1577 146 57 propter

353 1621 81 76 e
385 1621 146 76 solam
483 1621 276 76 beatitudinem.
710 1621 179 76 Propter
840 1621 97 76 se
889 1621 162 76 quidem
1003 1621 179 76 amandae
1116 1621 114 76 sunt.

355 1670 92 91 t:
401 1670 123 91 quia
477 1670 199 91 delectant
631 1670 107 91 sui
692 1670 230 91 possessores
876 1670 169 91 sincera
999 1670 77 91 &
1030 1670 153 91 sancta
1122 1670 107 91 dele
