1274 2034
227 115 126 70 DE
290 115 209 70 natura
436 115 209 70 Filij.
583 115 147 70 Hoc
667 115 209 70 primum
792 115 168 70 vulnus

116 185 125 48 est
187 185 142 48 quod
276 185 125 48 vel
348 185 142 48 ipse
437 185 249 48 Lombardus,
633 185 125 48 dum
704 185 142 48 suae
793 185 196 48 oratio¬

108 216 122 74 nis
177 216 156 74 filum
281 216 122 74 non
351 216 261 74 considerat,
559 216 139 74 sibi
646 216 209 74 infixit:
803 216 122 74 yel
855 216 104 74 illi

109 268 263 63 attulerunt
316 268 226 63 librarij
486 268 169 63 magna
598 268 301 63 discipulorum
824 268 132 63 incu-

113 318 149 64 ria.
207 318 224 64 Legendum
375 318 131 64 est
449 318 187 64 procul
580 318 168 64 dubio
692 318 112 64 de
748 318 187 64 natura
860 318 93 64 pa-

116 375 161 52 tris,
224 375 90 52 &
260 375 215 52 Soiritus
421 375 197 52 sancti,
564 375 269 52 deturbandum
780 375 161 52 autem
869 375 90 52 est

111 414 176 63 istud
229 414 235 63 insolens
405 414 98 63 &
444 414 235 63 absurdum
620 414 117 63 de
679 414 196 63 natura
796 414 157 63 Filij-

122 467 119 51 Hoc
190 467 187 51 suadent
326 467 136 51 tres
412 467 222 51 rationes.
582 467 102 51 I.
633 467 170 51 Status
735 467 222 51 quaestionis

115 512 96 73 &
153 512 249 73 conclusio
345 512 153 73 ipsa
440 512 249 73 Lombardi,
632 512 134 73 qui
708 512 115 73 ex
766 512 134 73 his
823 512 134 73 locis

116 566 223 47 colligit
284 566 149 47 esse
376 566 279 47 concedendum
599 566 149 47 quod
692 566 186 47 Filius
822 566 111 47 de
859 566 93 47 na-

121 612 132 46 tura
203 612 164 46 Patris
318 612 181 46 genitus
449 612 197 46 dicatur,
597 612 148 46 atque
696 612 99 46 vt
745 612 197 46 essentia
877 612 82 46 es-

116 652 174 58 sentia
238 652 105 58 in
290 652 192 58 diuinis
430 652 209 58 generet.
587 652 140 58 Ergo
674 652 262 58 subsistitue
866 652 87 58 dum

116 702 120 56 est
184 702 154 56 nomen
287 702 188 56 Patris.
424 702 103 56 2.
475 702 154 56 Ratio
578 702 205 56 ἀτοτολῆς
732 702 188 56 πεξεως.
851 702 103 56 Quis

118 750 140 63 enim
205 750 174 63 vuquam
327 750 122 63 vel
397 750 157 63 fando
501 750 209 63 audiuit,
658 750 122 63 vel
728 750 105 63 in
781 750 140 63 vllo
850 750 105 63 scri

116 805 159 56 ptore
222 805 229 56 orthodoxo
399 805 159 56 legit
505 805 141 56 haec
593 805 177 56 verba,
717 805 177 56 Filius
840 805 106 56 ex
875 805 71 56 na

114 847 151 61 turaF
215 847 134 61 ilij
299 847 184 61 genitus
433 847 134 61 est:
516 847 134 61 Ergo
600 847 201 61 legendum
751 847 134 61 est,
818 847 134 61 Filius

118 895 99 62 de
167 895 165 62 natura
282 895 181 62 Patris,
414 895 115 62 &c.
480 895 99 62 2.
529 895 148 62 Ratio
628 895 214 62 particula
792 895 115 62 Imo
842 895 115 62 quaem

119 944 222 58 sequitur.
290 944 137 58 Illa
375 944 137 58 enim
460 944 154 58 docet
563 944 154 58 vocem
665 944 154 58 Filij
767 944 171 58 fuisse
870 944 85 58 an-

120 992 124 54 tea
191 992 319 54 praetermissam.
457 992 124 54 Qui
527 992 159 54 mecum
633 992 124 54 non
704 992 195 54 sentit,
828 992 124 54 alias

121 1038 139 56 suae
208 1038 244 56 sententiae
399 1038 261 56 potioresque
608 1038 174 56 causas
730 1038 209 56 afferat,
869 1038 87 56 quo

111 1091 111 61 me
166 1091 332 61 adstipulatorem
443 1091 203 61 habeat.
591 1091 240 61 Sρoλλμμλῳ
775 1091 148 61 enim
849 1091 111 61 isto

120 1137 300 50 crepitaculo
360 1137 140 50 non
440 1137 280 50 commoueor,
661 1137 200 50 Aliter
781 1137 180 50 Sorbona

119 1187 164 53 legit:
233 1187 147 53 aliud
332 1187 197 53 Magistri
479 1187 164 53 nostri
594 1187 98 53 in
643 1187 131 53 suis
725 1187 213 53 codicibus
872 1187 82 53 ha-

112 1232 177 58 bent,
230 1232 197 58 quorum
368 1232 256 58 plaerique
565 1232 275 58 lippientes
781 1232 118 58 ne
820 1232 138 58 vllum

112 1277 192 67 quidem
246 1277 115 67 in
304 1277 154 67 isto
400 1277 192 67 capite
534 1277 192 67 vulnus
669 1277 192 67 vnquam
784 1277 173 67 animad-

115 1328 252 74 uerterunt,
313 1328 144 74 quae
403 1328 180 74 tamen,
529 1328 126 74 vti
602 1328 126 74 iam
674 1328 252 74 apparebit,
854 1328 108 74 sunt

104 1374 196 72 plurima.

148 1408 100 73 2
188 1408 120 73 EX
248 1408 240 73 Deonatus
428 1408 160 73 est.
528 1408 240 73 Discedit
707 1408 140 73 hic
787 1408 180 73 locus
887 1408 80 73 ab

115 1470 256 67 Augustini
312 1470 98 67 &
352 1470 177 67 sensu
470 1470 98 67 &
509 1470 217 67 verbis.
667 1470 138 67 Sic
745 1470 197 67 igitur
864 1470 98 67 Au-

112 1523 213 57 gustinus
272 1523 160 57 libro
379 1523 107 57 s:
432 1523 178 57 contra
556 1523 178 57 Maxim.
681 1523 178 57 capite
805 1523 107 57 a,
841 1523 124 57 infra

101 1573 225 50 morincip.
274 1573 121 50 Non
343 1573 138 50 enim
429 1573 121 50 iam
498 1573 138 50 erat
585 1573 190 50 hominis
723 1573 190 50 Filius,
861 1573 86 50 &
879 1573 86 50 Deo

111 1612 191 60 donante
249 1612 174 60 factus
371 1612 121 60 est
440 1612 121 60 Dei
510 1612 191 60 Filius:
649 1612 104 60 ex
701 1612 121 60 Deo
770 1612 174 60 quidem
874 1612 87 60 na-

117 1661 141 60 tus,
205 1661 123 60 sed
276 1661 176 60 gratia
399 1661 123 60 non
469 1661 193 60 natura.
610 1661 281 60 Praetermisit
838 1661 141 60 iste
908 1661 53 60 τ

120 1715 216 65 quidem:
277 1715 118 65 In
336 1715 137 65 quo
415 1715 137 65 non
493 1715 196 65 tantum
630 1715 196 65 istius
748 1715 216 65 orationis
