1275 2039
250 117 268 75 AD
384 117 313 75 CAP
518 117 179 75 XI

221 165 122 85 Non
290 165 122 85 est
360 165 157 85 natus
464 165 104 85 ex
516 165 191 85 nihilo.
656 165 139 85 Quod
743 165 122 85 est
795 165 174 85 ταpiρVoν

111 226 87 69 &
145 226 261 69 corollarium
354 226 139 69 apud
441 226 226 69 Hilarium,
615 226 139 69 iste
702 226 157 69 facit
806 226 157 69 ipaον
911 226 87 69 &

113 281 165 52 caput
223 281 330 52 disputationis:
498 281 165 52 ippor
608 281 165 52 autem
718 281 165 52 ipsum
809 281 147 52 omnino

112 325 306 71 praetermittit.
367 325 136 71 Tria
452 325 204 71 colligit
606 325 136 71 illo
691 325 136 71 loco
776 325 221 71 Hilarius,

113 377 156 53 quae
211 377 215 53 veterem
368 377 254 53 Arianorum
563 377 235 53 haeresin
739 377 215 53 prorsus
876 377 78 53 e-

115 423 214 50 uertunt.
275 423 142 50 Illa
364 423 160 50 vero,
471 423 142 50 quia
560 423 125 50 non
632 423 142 50 sunt
721 423 107 50 ab
774 423 125 50 hoc
827 423 125 50 argu-

107 471 159 60 mento
213 471 194 60 aliena,
354 471 212 60 breuiter
513 471 247 60 explicabo.
707 471 106 60 I.
760 471 176 60 Filium
866 471 88 60 Dei

105 515 144 57 esse
195 515 108 57 ab
249 515 198 57 aeterno
392 515 90 57 &
428 515 233 57 aeternum.
608 515 108 57 2.
662 515 180 57 Filium
787 515 126 57 Dei
841 515 108 57 esse

111 571 161 62 natum
218 571 107 62 de
272 571 143 62 ipso
362 571 161 62 Patre
469 571 125 62 qui
541 571 143 62 fuit
630 571 197 62 semper,
755 571 197 62 idcitcoqu

113 610 126 62 non
185 610 143 62 esse
274 610 179 62 Filium
400 610 108 62 ex
454 610 197 62 nihilo.
597 610 108 62 X.
651 610 179 62 Filium
777 610 126 62 Dei
830 610 126 62 Patri

107 659 256 65 coaeternum
308 659 165 65 esse,
418 659 146 65 ergo
510 659 183 65 Patrem
638 659 128 65 non
711 659 165 65 prius
803 659 146 65 fuisse

99 707 170 62 Deum
205 707 170 62 quam
312 707 234 62 Patrem.
482 707 170 62 Haec
588 707 234 62 opponit
737 707 213 62 Hilarius

106 757 196 48 duplici
249 757 142 48 illi
338 757 249 48 notissimae
534 757 231 48 Arianorum
694 757 249 48 blaspherpiae

106 798 95 54 ἐκ
154 798 95 54 μο
201 798 142 54 ῶντῶν
296 798 206 54 extitisse
454 798 174 54 Filium,
581 798 174 54 itemque
708 798 95 54 λυ
755 798 127 54 orαν
834 798 95 54 ἐκ
866 798 79 54 bo.

112 845 134 76 Erat
196 845 184 76 tempus,
330 845 168 76 quando
447 845 168 76 Filius
565 845 168 76 nondum
682 845 151 76 erat.
782 845 134 76 Quod
849 845 84 76 au-

105 898 115 58 tem
170 898 148 58 illic
269 898 197 58 dicitur,
416 898 131 58 Ergo
498 898 164 58 Filium
613 898 115 58 non
679 898 131 58 esse
761 898 98 58 ex
793 898 148 58 nibilo,

113 946 121 60 est
182 946 259 60 coroslarium
389 946 173 60 tatum.
510 946 155 60 Verba
613 946 190 60 Hilarij
751 946 138 60 sunt
820 946 121 60 ista,

109 1006 134 54 Quod
193 1006 167 54 igitur
310 1006 84 54 &
343 1006 117 54 per
410 1006 150 54 Mosem
510 1006 100 54 de
561 1006 117 54 Deo
627 1006 267 54 significatum
845 1006 134 54 est,

107 1052 84 44 &
141 1052 118 44 per
208 1052 203 44 communem
361 1052 169 44 sensum
479 1052 152 44 nibil
580 1052 152 44 aliud
682 1052 152 44 nobis
766 1052 169 44 intelli-

97 1097 154 63 gendum
205 1097 247 63 permittitur,
405 1097 93 63 id
452 1097 139 63 ipsum
544 1097 201 63 vnigenito
699 1097 139 63 Filio
792 1097 124 63 esse
853 1097 93 63 pro-

98 1151 156 53 prium
201 1151 259 53 Euangelista
409 1151 225 53 festatur,
582 1151 138 53 quum
668 1151 104 53 in
720 1151 225 53 principio
876 1151 69 53 e-

91 1194 145 44 rat
174 1194 227 44 verbum,
339 1194 103 44 &
380 1194 165 44 quum
484 1194 165 44 apud
587 1194 165 44 Deum
690 1194 145 44 hoc
773 1194 186 44 erat,
876 1194 62 44 &

104 1230 159 65 quum
204 1230 179 65 lumen
323 1230 199 65 verum,
463 1230 100 65 &
503 1230 159 65 quum
602 1230 279 65 vnigenitus
821 1230 159 65 Deus

100 1278 105 56 in
152 1278 140 56 sinu
239 1278 175 56 Patris
362 1278 140 56 est,
449 1278 87 56 &
484 1278 140 56 quum
572 1278 157 56 Iesus
677 1278 210 56 Christus
817 1278 122 56 super

96 1328 151 49 omnia
197 1328 134 49 Deus
281 1328 134 49 est.
365 1328 134 49 Erat
449 1328 168 49 igitur
566 1328 151 49 atque
667 1328 134 49 est,
751 1328 134 49 quia
835 1328 101 49 ab
869 1328 67 49 eo

105 1373 117 70 est,
178 1373 102 70 qui
237 1373 117 70 quod
310 1373 102 70 est
368 1373 146 70 semper
471 1373 117 70 est.
544 1373 88 70 Ab
587 1373 88 70 eo
631 1373 131 70 autem
719 1373 131 70 esse,
807 1373 88 70 id
850 1373 117 70 est,

100 1423 93 64 ex
146 1423 139 64 Patre
238 1423 123 64 esse
316 1423 201 64 natiuitas
470 1423 123 64 est.
547 1423 123 64 Esse
624 1423 139 64 autem
717 1423 154 64 semper
825 1423 93 64 ab
856 1423 77 64 eo-

101 1469 113 61 qui
165 1469 113 61 est
230 1469 178 61 semper,
359 1469 226 61 aeternitas
537 1469 129 61 est.
618 1469 226 61 AEternitas
796 1469 129 61 vero
860 1469 81 61 non

92 1526 99 53 ex
141 1526 115 53 se,
207 1526 115 53 sed
273 1526 99 53 ex
322 1526 198 53 aeterno.
470 1526 99 53 Ex
520 1526 181 53 aeterno
652 1526 148 53 autem
750 1526 148 53 nihil
833 1526 115 53 aliud

99 1567 136 61 quam
184 1567 222 61 aeternum.
355 1567 136 61 Quod
440 1567 102 61 si
491 1567 119 61 non
559 1567 222 61 aeternum,
730 1567 119 61 iam
798 1567 119 61 nec
849 1567 85 61 pa-

99 1624 111 58 ter
162 1624 111 58 qui
226 1624 253 58 generationis
432 1624 111 58 est
495 1624 158 58 autor,
606 1624 206 58 aeternus.
764 1624 127 58 Haec
827 1624 111 58 prima

100 1671 121 48 est
169 1671 191 48 Hilarij
308 1671 243 48 collectio:
498 1671 208 48 sequitur
655 1671 208 48 secunda.
793 1671 139 48 Nemini

92 1714 146 76 autem
189 1714 162 76 dubium
303 1714 130 76 est,
384 1714 130 76 quin
465 1714 211 76 generatio
627 1714 227 76 significet
789 1714 146 76 natiui
