1301 2040
116 111 220 53 ctationes
285 111 85 53 &
319 111 102 53 in
370 111 119 53 eis
438 111 186 53 pariunt
573 111 186 53 gaudium
709 111 254 53 spiritualet
895 111 85 53 Ve-

117 169 191 66 runtamen
260 169 111 66 non
324 169 111 66 est
388 169 111 66 hic
451 169 271 66 consistendum,
674 169 111 66 sed
738 169 143 66 ultra
818 169 159 66 gradien

114 210 134 64 dum.
198 210 117 64 Non
265 210 117 64 hic
331 210 184 64 haereat
465 210 251 64 dilectionis
666 210 200 64 gressus:
816 210 150 64 neque
899 210 84 64 hic

115 264 115 58 sit
180 264 246 58 dilectionis
377 264 213 58 terminus:
541 264 115 58 sed
606 264 213 58 referatur
770 264 115 58 hoc
836 264 98 58 ad
868 264 115 58 illud

107 304 169 68 summum
225 304 169 68 bonum.
343 304 118 68 cui
411 304 135 68 soli
495 304 169 68 omnino
613 304 253 68 inhaerendum
815 304 135 68 est:
883 304 101 68 quia

114 361 154 52 illud
216 361 188 52 propter
353 361 102 52 se
404 361 171 52 tantum
523 361 188 52 amandum
660 361 136 52 est,
745 361 85 52 &
779 361 154 52 vltra
865 361 119 52 illud

113 409 147 47 nihil
211 409 229 47 quaerendum
391 409 131 47 est:
472 409 147 47 illud
570 409 114 47 est
636 409 131 47 enim
717 409 196 47 supremus
848 409 131 47 finis.

110 447 139 70 Ideo
197 447 139 70 Aug.
283 447 156 70 dicit
388 447 139 70 quod
475 447 122 70 eas
544 447 226 70 diligimus
718 447 191 70 propter
857 447 156 70 solam

121 502 278 54 beatitudinem,
350 502 115 54 non
415 502 131 54 quin
497 502 115 54 eas
563 502 180 54 propter
693 502 98 54 se
743 502 229 54 diligamus:
906 502 82 54 sed

120 556 133 56 quia
203 556 100 56 id
253 556 166 56 ipsum,
369 556 133 56 quod
452 556 116 56 eas
519 556 232 56 diligimus,
701 556 216 56 referimus
867 556 100 56 ad
900 556 83 56 il-

113 610 122 49 lum
182 610 174 49 summum
304 610 174 49 bonum,
426 610 122 49 cui
496 610 139 49 soli
583 610 261 49 inhaerendum
792 610 139 49 est,
879 610 105 49 in
914 610 70 49 eo

122 651 261 57 permanendum,
334 651 196 57 finisque
481 651 212 57 laetitiae
644 651 212 57 ponendus:
807 651 147 57 quare
888 651 82 57 vir

119 701 176 56 tutibus
247 701 112 56 non
311 701 112 56 est
375 701 208 56 fruendum.
535 701 112 56 Sed
598 701 144 56 dicit
694 701 192 56 aliquis,
838 701 128 56 Frui
902 701 80 56 est

126 749 140 61 amore
220 749 202 61 inhaerere
375 749 155 61 alicui
484 749 109 61 rei
546 749 171 61 propter
671 749 187 61 seipsam,
811 749 93 61 vt
842 749 124 61 praedi

123 797 126 57 ctum
202 797 126 57 est.
280 797 94 57 Si
328 797 126 57 ergo
406 797 173 57 propter
532 797 94 57 se
579 797 189 57 virtutes
721 797 173 57 amandae
846 797 141 57 sunt,
925 797 47 57 &

121 841 119 50 eis
189 841 205 50 fruendum
343 841 136 50 est.
428 841 102 50 Ad
479 841 136 50 quod
565 841 205 50 dicimus,
718 841 102 50 in
769 841 136 50 illa
838 841 136 50 descri

117 893 170 56 ptione,
240 893 108 56 ubi
302 893 186 56 dicitur,
441 893 170 56 propter
565 893 186 56 seipsam:
704 893 263 56 intellioendum
906 893 77 56 est

123 945 242 42 tantummodo,
316 945 113 42 vt,
381 945 193 42 scilicet
526 945 161 42 ametur
639 945 177 42 propter
768 945 177 42 seipsam
880 945 97 42 tan-

129 979 121 72 tum,
205 979 91 72 vt
250 979 106 72 non
311 979 197 72 referatur
462 979 91 72 ad
507 979 151 72 aliud,
614 979 106 72 sed
674 979 106 72 ibi
735 979 167 72 ponatur
856 979 151 72 finis,

126 1034 101 59 ut
177 1034 152 59 supra
278 1034 202 59 ostendit
430 1034 135 59 Aug.
514 1034 185 59 dicens:
649 1034 101 59 Si
699 1034 236 59 inhaeseris
868 1034 101 59 atqu

135 1084 233 56 permanseris
322 1084 140 56 finem
415 1084 140 56 pones
509 1084 218 56 laetitiae,
680 1084 124 56 tunc
757 1084 124 56 uere
835 1084 78 56 &
851 1084 124 56 propri

131 1136 123 51 frui
208 1136 185 51 dicendus
346 1136 108 51 es:
408 1136 123 51 quod
485 1136 108 51 non
547 1136 108 51 est
608 1136 216 51 faciendum,
778 1136 123 51 nisi
855 1136 92 51 in
886 1136 92 51 illa

133 1183 237 44 Trinitate,
319 1183 101 44 id
370 1183 135 44 est,
454 1183 152 44 summo
556 1183 84 44 &
589 1183 287 44 incommutabili
826 1183 152 44 bono.
910 1183 51 44 V

129 1228 162 65 tendum
242 1228 113 65 est
307 1228 130 65 ergo
388 1228 243 65 virtutibus,
583 1228 81 65 &
615 1228 113 65 per
680 1228 113 65 eas
745 1228 195 65 fruendum
875 1228 113 65 summo

136 1277 155 68 bono:
239 1277 121 68 ita
308 1277 86 68 &
343 1277 103 68 de
394 1277 224 68 voluntate
567 1277 138 68 bona
653 1277 207 68 dicimus.
808 1277 138 68 unde
877 1277 103 68 Aug.

123 1325 92 52 in
169 1325 123 52 lib.
245 1325 107 52 Io.
307 1325 92 52 de
353 1325 199 52 Trin.ait,
506 1325 184 52 Voluntas
644 1325 107 52 est
706 1325 107 52 per
767 1325 123 52 quam
829 1325 153 52 fruimur:

126 1374 113 57 ita
190 1374 81 57 &
223 1374 113 57 per
287 1374 194 57 virtutes
432 1374 194 57 fruimur,
578 1374 97 57 no
626 1374 129 57 eis,
707 1374 129 57 nisi
787 1374 145 57 forte
868 1374 129 57 aliqua

124 1423 168 51 virtus,
246 1423 107 51 sit
307 1423 137 51 Deus,
398 1423 92 51 ut
444 1423 198 51 Charitas:
597 1423 92 51 de
643 1423 107 51 qua
704 1423 122 51 post
765 1423 198 51 tractabitus

334 1476 343 103 CAP.
506 1476 171 103 IX

391 1554 277 74 Epilogus
576 1554 92 74 I.

173 1609 201 76 OMNIVM
314 1609 201 76 igitur
455 1609 161 76 quae
555 1609 181 76 dicta
676 1609 181 76 sant,
797 1609 121 76 ex
857 1609 141 76 quo
918 1609 81 76 de

116 1669 136 65 reb)
201 1669 254 65 specialiter
404 1669 237 65 tractauim,
591 1669 136 65 haec
676 1669 153 65 summa
778 1669 136 65 est,
862 1669 136 65 Quod
930 1669 68 65 a-

121 1726 96 67 tia
176 1726 123 67 sunt,
258 1726 123 67 quib:
340 1726 164 67 fruendum
464 1726 110 67 est:
532 1726 137 67 aliae,
628 1726 110 67 quib
696 1726 151 67 vtendum
806 1726 110 67 est:
860 1726 110 67 aliae,
