1244 2068
295 99 127 67 est.
374 99 111 67 Hoc
438 99 142 67 autem
533 99 158 67 facile
643 99 111 67 est
707 99 222 67 refellere:
881 99 111 67 nam
944 99 79 67 &
960 99 190 67 praescien-

299 156 109 58 tia
361 156 109 58 Dei
423 156 124 58 siue
500 156 248 58 scientia(qua
702 156 124 58 scit
779 156 109 58 vel
841 156 186 58 praescit
981 156 124 58 bona
1058 156 78 58 &
1074 156 78 58 ma-

301 212 111 58 la)
364 212 158 58 diuina
475 212 158 58 natura
585 212 126 58 siue
664 212 190 58 essentia
807 212 126 58 est:
886 212 79 58 &
901 212 253 58 praedestinatio

295 253 128 71 siue
375 253 191 71 voluntas
518 253 128 71 eius
598 253 143 71 eadem
694 253 159 71 diuina
805 253 191 71 essentia
949 253 128 71 est,
1028 253 112 71 nec
1076 253 80 71 est

297 310 156 47 aliud
401 310 122 47 Deo
470 310 156 47 scire
575 310 87 47 &
609 310 243 47 vellesquam
800 310 156 47 esse,
904 310 87 47 &
939 310 122 47 cum
1009 310 122 47 sit
1061 310 104 47 unum

300 352 84 62 &
334 352 135 62 idem
418 352 202 62 scientia
570 352 118 62 Dei
637 352 118 62 vel
704 352 219 62 voluntas,
873 352 118 62 non
940 352 168 62 tamten
1041 352 118 62 dici-

301 385 117 73 tur
368 385 101 73 de
419 385 218 73 voluntate
586 385 201 73 quicquid
737 385 185 73 dicitur
872 385 101 73 de
922 385 218 73 scientia,
1090 385 84 73 &
1107 385 50 73 e

295 455 224 56 conuerso.
467 455 121 56 Nec
536 455 155 56 omnia
639 455 138 56 illa
725 455 121 56 sua
794 455 224 56 voluntate
967 455 138 56 Deus
1035 455 121 56 vult,

301 490 126 72 quae
380 490 110 72 sua
443 490 188 72 scientia
584 490 141 72 scit,
678 490 126 72 quum
757 490 110 72 sua
820 490 188 72 scientia
961 490 173 72 nouerit
1086 490 110 72 tam

297 546 136 57 bona
382 546 136 57 quam
466 546 152 57 mala:
568 546 220 57 voluntate
738 546 152 57 autem
839 546 119 57 non
907 546 152 57 velit
1009 546 136 57 nisi
1076 546 85 57 bo-

291 596 118 62 na.
359 596 202 62 Scientia
510 596 168 62 quippe
628 596 118 62 Dei
695 596 84 62 &
729 596 269 62 praescientia
948 596 101 62 de
999 596 152 62 bonis
1083 596 84 62 est

300 634 82 56 &
332 634 164 56 malis:
448 634 197 56 voluntas
596 634 132 56 vero
678 634 82 56 &
711 634 296 56 praedestinatio
957 634 99 56 de
1007 634 148 56 bonis
1089 634 82 56 est

303 693 175 58 tantum
426 693 88 58 :
461 693 88 58 &
496 693 158 58 tamen
601 693 140 58 vnum
689 693 88 58 &
724 693 140 58 idem
812 693 105 58 in
864 693 123 58 Deo
934 693 123 58 est
987 693 175 58 scientia

301 733 77 71 &
331 733 199 71 voluntas,
485 733 107 71 quo
546 733 246 71 praescientia
746 733 77 71 &
776 733 292 71 praedestinatio.
1022 733 107 71 Ita
1068 733 92 71 quum

305 784 136 67 unum
390 784 119 67 sit
458 784 171 67 natura
578 784 119 67 Dei
646 784 85 67 &
680 784 222 67 voluntas,
851 784 188 67 dicitur
987 784 154 67 tamen
1073 784 85 67 Pa-

299 823 122 76 ter
368 823 209 76 genuisse
525 823 174 76 Filium
647 823 174 76 natura
769 823 122 76 non
838 823 244 76 voluntate:
1030 823 87 76 &
1048 823 105 76 esse

309 881 133 71 Deus
393 881 183 71 natura,
526 881 117 71 non
576 881 200 71 voluntate.

539 936 259 73 CAP.
668 936 162 73 III

330 988 202 75 lualiter
482 988 270 75 intelligenda
701 988 135 75 sunt
785 988 135 75 illa
869 988 169 75 verba,
987 988 152 75 Pater
1072 988 84 75 nec

364 1055 182 67 nolens
491 1055 127 67 nec
564 1055 182 67 volens
692 1055 146 67 Deus
783 1055 146 67 est,
874 1055 127 67 nec
928 1055 146 67 volens

467 1099 130 70 nec
542 1099 186 70 nolens
672 1099 186 70 genuit
783 1099 167 70 Filium.

352 1149 229 66 cpraedicta
532 1149 147 66 tamen
630 1149 164 66 verba,
744 1149 164 66 quibus
859 1149 213 66 prudenter
1022 1149 164 66 dictum

317 1217 126 55 est,
396 1217 126 55 quod
475 1217 126 55 Deus
553 1217 142 55 Pater
648 1217 110 55 nec
711 1217 157 55 volens
821 1217 110 55 nec
884 1217 157 55 nolens
994 1217 110 55 est
1041 1217 110 55 Deus:

313 1269 110 43 nec
376 1269 158 43 nolens
487 1269 110 43 nec
550 1269 158 43 volens
660 1269 158 43 genuit
770 1269 173 43 Filium,
896 1269 126 43 siue
959 1269 189 43 voluntate,

320 1302 117 62 siue
394 1302 235 62 necessitate,
584 1302 88 62 ex
628 1302 117 62 tali
702 1302 132 62 sensu
790 1302 117 62 mihi
863 1302 176 62 videntur
981 1302 161 62 accipien-

312 1352 116 59 da,
379 1352 100 59 vt
429 1352 233 59 voluntatem
612 1352 266 59 praecedentem
828 1352 116 59 vel
895 1352 233 59 accedentem
1061 1352 83 59 in-

319 1399 245 71 telligamus,
515 1399 196 71 qualiter
662 1399 196 71 Eunomius
809 1399 278 71 intelligebat.
1038 1399 115 71 Non
1088 1399 65 71 e-

316 1454 108 71 nim
377 1454 123 71 ipse
454 1454 123 71 Deus
532 1454 108 71 est
593 1454 201 71 voluntate
748 1454 232 71 praecedenti
933 1454 108 71 vel
979 1454 170 71 efficien-

317 1515 111 51 ti:
381 1515 111 51 vel
444 1515 175 51 volens,
571 1515 206 51 priusquam
730 1515 143 51 Deus:
825 1515 111 51 nec
889 1515 206 51 voluntate
1032 1515 111 51 prae-

310 1552 180 66 cedenti
441 1552 115 66 vel
506 1552 213 66 accedenti
670 1552 164 66 genuit
784 1552 180 66 Filium:
915 1552 115 66 nec
980 1552 147 66 prius
1062 1552 82 66 vo-

316 1602 151 63 lens,
417 1602 134 63 quam
501 1602 201 63 generans
652 1602 151 63 genut
752 1602 185 63 Filium:
887 1602 117 63 nec
954 1602 151 63 prius
1038 1602 117 63 gene-

318 1645 132 71 rans
400 1645 132 71 quam
482 1645 181 71 volens,
614 1645 165 71 genuit
730 1645 181 71 Filium:
862 1645 165 71 volens
977 1645 148 71 tamen
1060 1645 82 71 ge-

313 1690 143 86 nuit,
409 1690 143 86 sicut
504 1690 159 86 potens
616 1690 175 86 genuit,
743 1690 80 86 &
775 1690 143 86 bonus
871 1690 159 86 genuit
983 1690 175 86 Filium,
1094 1690 48 86 &
