1283 2048
271 94 132 69 quae
354 94 199 69 fruuntur
503 94 83 69 &
536 94 199 69 vtuntur:
685 94 83 69 &
719 94 149 69 inter
818 94 132 69 eas,
901 94 166 69 quibus
1000 94 116 69 vten-

283 150 121 54 dum
352 150 139 54 est,
439 150 156 54 etiam
543 150 191 54 quaedam
681 150 139 54 sunt
768 150 121 54 per
837 150 139 54 quas
924 150 208 54 fruimur,
1063 150 69 54 vt

272 196 207 60 virtutes,
431 196 80 60 &
463 196 207 60 potentiae
622 196 159 60 animi,
734 196 127 60 quae
813 196 127 60 sunt
893 196 207 60 naturalia
1036 196 80 60 bo-

265 251 128 64 vna.
345 251 96 64 De
393 251 160 64 quibus
506 251 80 64 a
538 251 192 64 omnibus,
682 251 192 64 antequam
826 251 96 64 de
874 251 160 64 signis
971 251 144 64 tracte-

284 293 134 58 mus,
368 293 184 58 agendum
502 293 134 58 est:
586 293 201 58 acprimum
737 293 101 58 de
787 293 151 58 rebus
887 293 168 58 quibus
988 293 134 58 fruen-

276 341 111 83 dum
339 341 127 83 est:
419 341 190 83 scilicet
561 341 95 83 de
609 341 158 83 sancta
719 341 127 83 atqe
799 341 206 83 indiuidua
941 341 190 83 Trinitate.

337 417 257 94 AD
466 417 557 94 DISTINCT.
852 417 171 94 I.

572 490 229 76 Cap.
687 490 86 76 I

602 576 147 63 collatio.

325 602 187 80 Totius
456 602 261 80 Theologiae
661 602 280 80 Christianae
885 602 243 80 subiectum
1072 602 93 80 &

270 681 213 54 materia
425 681 136 54 est
502 681 213 54 duplex,
657 681 174 54 nempe
773 681 136 54 Res
851 681 97 54 &
890 681 194 54 Signa,
1006 681 116 54 quae

278 719 117 63 duo
345 719 117 63 non
412 719 235 63 essentiae:
597 719 117 63 sed
664 719 235 63 relationis
848 719 84 63 &
882 719 285 63 significatio¬

273 769 124 68 nis
344 769 142 68 modo
433 769 160 68 inter
540 769 107 68 se
575 769 213 68 differunt.

383 819 120 63 Sed
451 819 137 63 rei.
537 819 240 63 Augustinus
726 819 172 63 habet,
846 819 120 63 Sed
915 819 120 63 res
984 819 120 63 per
1035 819 86 63 si

262 893 30 41 e

277 909 155 69 tur.
373 909 155 69 Ergo
470 909 232 69 addidit,
644 909 193 69 Etiam,
780 909 155 69 quod
876 909 135 69 est
954 909 135 69 non
1012 909 116 69 modo

271 964 215 60 praeter,
433 964 126 60 sed
504 964 162 60 etiam
612 964 180 60 contra
738 964 233 60 Augustini
918 964 198 60 mentem,
1043 964 90 60 qui

279 1005 120 64 res
348 1005 155 64 ipsas
451 1005 120 64 per
519 1005 120 64 se,
588 1005 86 64 &
622 1005 155 64 extra
725 1005 326 64 significationem
983 1005 137 64 consi-

281 1064 180 59 derat:
407 1064 108 59 at
461 1064 144 59 iste
551 1064 198 59 cogitat
695 1064 126 59 res
766 1064 180 59 primum
892 1064 126 59 per
964 1064 108 59 se
1000 1064 126 59 disci

271 1120 168 58 deinde
389 1120 118 58 per
456 1120 168 58 signa.
574 1120 101 58 I.
625 1120 118 58 per
675 1120 135 58 verba.

322 1167 96 55 2
360 1167 172 55 Eorum
475 1167 191 55 autem.
609 1167 211 55 August.
762 1167 191 55 habet,
896 1167 153 55 Sunt
992 1167 172 55 autem

273 1212 120 61 alia
348 1212 151 61 signa,
454 1212 151 61 quorum
559 1212 135 61 omnis
649 1212 120 61 vsus
725 1212 90 61 in
770 1212 241 61 significando
965 1212 120 61 est,
1026 1212 90 61 sic-

274 1247 113 69 uti
338 1247 129 69 sunt
419 1247 161 69 verba.
532 1247 113 69 Hic
597 1247 161 69 addit,
710 1247 113 69 non
774 1247 97 69 in
822 1247 274 69 iustificando.
1032 1247 97 69 Pri-

275 1310 136 51 mum
352 1310 214 51 praeter
508 1310 194 51 mentem
644 1310 272 51 Augustini,
858 1310 136 51 qui
936 1310 117 51 de
974 1310 156 51 verbis

272 1345 189 65 tantum
405 1345 95 65 &
442 1345 246 65 vocabulis
632 1345 170 65 (quae
745 1345 170 65 signa
859 1345 227 65 duntaxat
1010 1345 114 65 esse

278 1396 222 69 possunt,
444 1396 166 69 nempe
555 1396 166 69 sensa
666 1396 185 69 mentis
795 1396 203 69 nostrae
925 1396 203 69 exprimen-

274 1452 143 56 tia)
363 1452 125 56 hoc
435 1452 161 56 genus
542 1452 214 56 signorum
703 1452 268 56 intelligit.
918 1452 143 56 Iste
1007 1452 161 56 autem

274 1498 117 63 de
332 1498 292 63 sacramentis
566 1498 253 63 Legalibus
760 1498 136 63 hoc
838 1498 175 63 genus
935 1498 195 63 signorum

282 1538 168 68 sumit,
400 1538 151 68 quasi
501 1538 135 68 illa
585 1538 185 68 (quales
719 1538 151 68 erant
820 1538 168 68 boues,
938 1538 84 68 &
972 1538 135 68 oues
1039 1538 84 68 vi-

285 1586 179 61 ctimae:
415 1586 131 61 aqua
497 1586 228 61 lustralis:
676 1586 82 61 &
709 1586 147 61 vacca
807 1586 163 61 ruffa,
921 1586 82 61 &
954 1586 212 61 lotiones,

287 1637 87 57 &
321 1637 157 57 panes
426 1637 315 57 propositionis)
689 1637 210 57 duntaxat
846 1637 157 57 signa
951 1637 157 57 sint,
1039 1637 87 57 non

288 1696 168 65 etiam
400 1696 130 65 res
475 1696 223 65 quaedam,
642 1696 149 65 quod
735 1696 168 65 tamen
847 1696 149 65 ipsa
940 1696 168 65 eorum
1033 1696 93 65 de
