1282 2032
99 98 177 71 Filius
223 98 159 71 autem
330 98 124 71 non
400 98 159 71 habet
507 98 230 71 potentiam
684 98 230 71 gignendi,
861 98 106 71 si
896 98 89 71 non

105 168 195 59 potest
241 168 233 59 gignere.
416 168 175 59 Habet
533 168 156 59 ergo
630 168 214 59 aliquam
766 168 214 59 potentiam

110 209 166 51 Pater,
227 209 133 51 quam
310 209 117 51 non
377 209 150 51 habet
477 209 183 51 Filius.
610 209 117 51 Non
676 209 216 51 sequitur.
843 209 166 51 Eandem

105 261 144 63 enim
195 261 234 63 potentiam
375 261 162 63 habet
483 261 198 63 penitus
627 261 198 63 Filius,
771 261 144 63 quam
861 261 90 63 &
879 261 90 63 Pa-

112 310 128 63 ter:
192 310 112 63 qua
256 310 144 63 Pater
353 310 160 63 potuit
465 310 192 63 gignere,
609 310 80 63 &
641 310 160 63 Filius
753 310 144 63 gigni
834 310 144 63 potuit.

114 353 146 62 Eadem
211 353 130 62 enim
292 353 195 62 potentia
438 353 114 62 est
503 353 97 62 in
552 353 162 62 Filio,
666 353 114 62 qua
731 353 162 62 potuit
844 353 162 62 gigni,

111 399 128 73 quae
191 399 112 73 est
255 399 96 73 in
303 399 160 73 Patre,
416 399 112 73 qua
480 399 160 73 potuit
592 399 192 73 gignere.
736 399 112 73 Sed
801 399 160 73 contra
897 399 80 73 hoc

118 456 231 54 opponitur,
300 456 149 54 Aliud
399 456 116 54 est
465 456 149 54 posse
564 456 198 54 gignere,
713 456 149 54 aliud
812 456 116 54 est
861 456 116 54 posse

111 505 171 61 gigni:
231 505 137 61 quia
316 505 154 61 aliud
419 505 120 61 est
488 505 205 61 gignere,
642 505 86 61 &
676 505 154 61 aliud
779 505 171 61 gigni.
881 505 86 61 Hic

120 554 289 57 distinguendum
358 554 136 57 est.
443 554 102 57 Si
494 554 136 57 enim
579 554 119 57 cum
647 554 204 57 dicitur,
800 554 153 57 aliud
885 554 85 57 esi

120 588 141 69 posse
214 588 187 69 gignere,
355 588 141 69 aliud
448 588 141 69 posse
542 588 156 69 gigni,
652 588 141 69 aliam
745 588 219 69 significas
902 588 62 69 po

120 651 202 62 tentiam,
272 651 118 62 qua
339 651 151 62 Pater
440 651 168 62 potens
558 651 252 62 estgignere,
759 651 84 62 &
793 651 168 62 aliam,
894 651 84 62 qua

122 696 151 49 Filius
228 696 151 49 potens
334 696 106 49 est
394 696 151 49 gigni,
500 696 151 49 falsus
607 696 106 49 est
667 696 242 49 intellectus.
864 696 91 49 Si
894 696 76 49 au-

120 744 126 66 tem
192 744 180 66 dicas,
318 744 180 66 Patrem
445 744 162 66 posse
553 744 180 66 habere
679 744 162 66 aliam
770 744 198 66 proprieta

119 794 116 50 tem
186 794 132 50 siue
268 794 198 50 notionem
417 794 116 50 qua
483 794 182 50 genitor
615 794 132 50 est:
697 794 83 50 &
730 794 165 50 Filium
846 794 165 50 aliam,

116 837 119 55 qua
184 837 187 55 genitus
320 837 136 55 est,
405 837 153 55 verus
507 837 119 55 est
574 837 272 55 intellectus.
795 837 153 55 Aliam
880 837 102 55 enim

116 889 153 60 habet
218 889 153 60 Pater
320 889 289 60 proprietatem,
559 889 119 60 qua
627 889 153 60 Pater
729 889 136 60 est,
814 889 153 60 aliam
899 889 85 60 Fi-

123 936 139 80 lius,
215 936 108 80 qua
277 936 154 80 Filius
369 936 93 80 est.

385 990 297 103 CAP.
533 990 186 103 VII

176 1086 210 65 Quomodo
328 1086 324 65 intelligendum
595 1086 152 65 sit,
690 1086 191 65 Filius
805 1086 133 65 habet

316 1137 135 70 vel
393 1137 135 70 non
470 1137 174 70 habet
567 1137 212 70 potentiam

411 1184 258 73 generandi-

174 1232 134 87 ITA
251 1232 173 87 etiam
366 1232 134 87 cum
442 1232 211 87 dicitur
596 1232 192 87 Filius
730 1232 134 87 non
806 1232 173 87 habet
902 1232 96 87 po-

125 1299 201 71 tentiam
271 1299 256 71 generandi,
472 1299 146 71 quam
563 1299 164 71 Pater
673 1299 164 71 habet
764 1299 219 71 dupliciter

127 1355 214 60 intelligi
291 1355 181 60 potest.
423 1355 99 60 Si
473 1355 132 60 enim
555 1355 198 60 dicatur,
704 1355 165 60 Filius
819 1355 115 60 non
869 1355 115 60 habet

129 1400 247 65 potestatem
324 1400 230 65 generandi
500 1400 141 65 quam
588 1400 88 65 &
624 1400 177 65 Pater,
747 1400 212 65 scilicet
889 1400 88 65 qua

118 1445 160 75 potens
230 1445 112 75 sit
294 1445 96 75 ad
342 1445 239 75 generandum,
533 1445 96 75 id
581 1445 128 75 est,
661 1445 96 75 vt
709 1445 208 75 genuerit,
868 1445 112 75 vel
916 1445 64 75 vt

122 1509 178 56 generet
251 1509 145 56 sicut
348 1509 162 56 Pater,
461 1509 145 56 verum
558 1509 129 56 est.
639 1509 97 56 Si
687 1509 129 56 vero
752 1509 226 56 intelligatus

125 1544 129 69 sic,
205 1544 113 69 non
270 1544 145 69 habet
366 1544 209 69 potentiam
527 1544 113 69 qua
591 1544 241 69 possitgigni
784 1544 113 69 vel
832 1544 145 69 genitus

121 1593 141 70 esse,
215 1593 109 70 qua
277 1593 125 70 eade
356 1593 141 70 Pater
449 1593 156 70 potens
559 1593 109 70 est
621 1593 94 70 vt
668 1593 187 70 genuerit
808 1593 109 70 vel
871 1593 94 70 vt
902 1593 78 70 ge-

130 1640 160 76 neret,
242 1640 160 76 falsum
354 1640 128 76 est.
434 1640 144 76 Sicut
530 1640 192 76 dicitur,
675 1640 144 76 Pater
771 1640 144 76 habet
851 1640 128 76 poten-

132 1691 152 82 tiam,
233 1691 118 82 qua
301 1691 169 82 potest
419 1691 135 82 esse
503 1691 169 82 Pater:
622 1691 169 82 Filius
740 1691 135 82 vero
824 1691 118 82 non
875 1691 118 82 habet
