1265 2031
90 108 122 70 sit,
166 108 107 70 sed
227 108 122 70 quod
304 108 168 70 existat
426 108 230 70 simpliciter
610 108 122 70 sine
687 108 153 70 aliquo
779 108 168 70 temporali

87 155 154 65 motu.
190 155 154 65 Licet
293 155 137 65 enim
378 155 154 65 uerba
481 155 257 65 substantiua
687 155 223 65 diuersoru
841 155 103 65 tem-

85 205 137 70 porum
176 205 91 70 de
221 205 106 70 Deo
282 205 182 70 dicantur
419 205 106 70 (ut
479 205 137 70 fuit,
571 205 137 70 erit,
662 205 121 70 est,
738 205 137 70 erat)
829 205 106 70 non
874 205 76 70 ta-

92 249 108 59 men
153 249 217 59 temporales
324 249 139 59 motus
417 249 124 59 esse
494 249 232 59 distingunt,
680 249 186 59 scilicei
804 249 139 59 praete-

92 298 162 70 ritum,
205 298 113 70 vel
270 298 195 70 futurum,
416 298 113 70 vel
481 298 243 70 praeteritum
675 298 259 70 imperfectum,
870 298 81 70 vel

93 344 239 73 praeteritum
285 344 223 73 perfectum,
460 344 112 73 vel
524 344 239 73 praeteritum
716 344 192 73 plusquam
843 344 96 73 per-

94 395 172 68 fectum:
219 395 109 68 sed
282 395 203 68 essentiam
438 395 125 68 siue
517 395 235 68 existentiam
704 395 125 68 suae
767 395 172 68 diuinita-

99 446 107 66 tis
160 446 230 66 simpliciter
344 446 214 66 insinuant.
512 446 123 66 Deus
589 446 123 66 ergo
666 446 138 66 solus
757 446 169 66 proprie
865 446 61 66 di

101 488 138 70 citur
193 488 184 70 essentia
331 488 108 70 vel
393 488 138 70 esse,
485 488 138 70 Vndes
577 488 184 70 Hilarius
715 488 92 70 in
762 488 123 70 vii.
838 488 92 70 de
869 488 77 70 Tri

102 540 115 64 nit.
174 540 115 64 ait,
245 540 115 64 esse
317 540 101 64 non
375 540 101 64 est
432 540 173 64 accidens
562 540 115 64 Deo,
634 540 101 64 sed
691 540 201 64 subsistens
835 540 101 64 veri-

94 595 129 71 tas,
175 595 81 71 &
207 595 162 71 manens
320 595 162 71 causa,
434 595 81 71 &
466 595 210 71 naturalis
628 595 178 71 generis
741 595 194 71 proprietas

347 647 269 97 CAP.
482 647 168 97 III

142 710 108 73 De
196 710 380 73 incommutabilitate
522 710 199 73 diuinae
648 710 217 73 essentiae.

145 773 119 60 DEI
213 773 153 60 etiam
315 773 170 60 solias
434 773 204 60 essentia
586 773 306 60 incommutabilis
824 773 119 60 dici-

94 820 114 61 tur
159 820 195 61 proprie:
305 820 130 61 quia
386 820 114 61 nec
451 820 195 61 mutatur,
597 820 114 61 nec
662 820 162 61 mutari
775 820 179 61 potest,
889 820 65 61 Vn

98 870 91 62 de
143 870 122 62 Aug.
220 870 91 62 in
265 870 91 62 g.
311 870 122 62 lib.
387 870 91 62 de
433 870 137 62 Trin.
524 870 137 62 Aliae
616 870 168 62 inquit,
738 870 198 62 essentiae
875 870 76 62 vel

91 920 234 72 substantiae
279 920 172 72 capiunt
404 920 234 72 accidentia,
591 920 156 72 quibus
700 920 94 72 in
747 920 109 72 eis
810 920 125 72 fiat
872 920 78 72 vel

92 972 176 56 magna,
216 972 123 56 vel
286 972 282 56 quantacunque
515 972 211 56 mutatio.
673 972 123 56 Deo
743 972 158 56 autem
831 972 106 56 ali-

107 1010 127 72 quid
186 1010 206 72 huiusmodi
345 1010 190 72 accidere
487 1010 111 72 non
551 1010 174 72 potest:
678 1010 79 72 &
709 1010 127 72 ideo
789 1010 127 72 sola
852 1010 95 72 sub-

101 1053 164 78 stantia
221 1053 105 78 vel
280 1053 194 78 essentia,
430 1053 119 78 quae
504 1053 105 78 est
564 1053 134 78 Deus,
653 1053 269 78 incommutabilis
862 1053 90 78 est.

109 1107 114 70 cui
174 1107 195 70 profecto
320 1107 163 70 maxime
434 1107 98 70 ac
483 1107 212 70 verissime
646 1107 179 70 copetit
776 1107 146 70 esse.
857 1107 98 70 Quod

117 1162 136 64 enim
202 1162 204 64 mutatur,
355 1162 119 64 non
423 1162 170 64 seruat
542 1162 153 64 ipsum
645 1162 153 64 verum
747 1162 153 64 esse:
849 1162 85 64 &
866 1162 102 64 quod

115 1225 155 42 mutari
223 1225 170 42 potest,
347 1225 139 42 etiam
439 1225 93 42 si
486 1225 108 42 non
548 1225 186 42 mutetur,
687 1225 155 42 potest
795 1225 124 42 quod
857 1225 93 42 fue-

113 1256 109 62 rat
176 1256 109 62 non
238 1256 140 62 esse.
332 1256 172 62 Ideoque
457 1256 140 62 illud
550 1256 140 62 solum
644 1256 125 62 quod
722 1256 109 62 non
784 1256 156 62 tantum
878 1256 78 62 non

113 1300 200 58 mutatur,
263 1300 233 58 verumetiam
447 1300 167 58 mutari
564 1300 167 58 omnino
680 1300 117 58 non
747 1300 183 58 potest,
864 1300 83 58 ve-

116 1354 159 63 rissime
231 1354 159 63 dicitur
347 1354 130 63 esse,
434 1354 87 63 id
478 1354 116 63 est,
550 1354 203 63 substantia
710 1354 159 63 Patris,
826 1354 72 63 &
840 1354 116 63 Filij-

112 1400 88 64 &
148 1400 212 64 Spiritus
306 1400 194 64 sancti.
447 1400 194 64 Ideoque
589 1400 229 64 Apostolus
765 1400 194 64 loquens
888 1400 71 64 de

106 1443 119 71 Deo
174 1443 136 71 ait,
259 1443 136 71 Qui,
344 1443 153 71 solus
446 1443 153 71 habet
547 1443 323 71 immortalitatem.
819 1443 102 71 Vt
853 1443 102 71 enim

109 1505 111 58 ait
173 1505 175 58 August.
300 1505 95 58 in
347 1505 127 58 lib.
427 1505 95 58 I.
474 1505 95 58 de
522 1505 175 58 Trinit,
649 1505 111 58 Cum
713 1505 143 58 anima
808 1505 175 58 quodam

105 1547 154 73 modos
207 1547 239 73 immortalis
395 1547 137 73 esse
481 1547 205 73 dicatur:
634 1547 85 73 &
669 1547 137 73 sit:
754 1547 120 73 non
805 1547 154 73 diceret

114 1590 242 67 Apostolus,
304 1590 155 67 solus
407 1590 138 67 Deus
494 1590 155 67 habet
597 1590 328 67 immortalitatem:
856 1590 104 67 nisi

114 1637 130 74 quia
195 1637 130 74 vera
276 1637 260 74 immortalitas
488 1637 212 74 incommut.
651 1637 179 74 bilitas
781 1637 130 74 est,
862 1637 130 74 quam

121 1694 143 80 nulla
216 1694 159 80 potest
327 1694 159 80 habere
438 1694 206 80 creatura:
597 1694 174 80 quoniam
724 1694 159 80 solius
819 1694 127 80 creuto
