1293 2035
361 116 261 67 CAP.
492 116 196 67 IIII

240 173 106 59 De
293 173 283 59 simplicitate
523 173 194 59 diuinae
647 173 212 59 essentiae.

190 212 252 78 EADEMQVE
379 212 168 78 sola
484 212 231 78 proprie
651 212 126 78 ac
714 212 168 78 vere
798 212 189 78 simplex

121 277 130 50 est,
202 277 114 50 vbi
267 277 114 50 nec
332 277 195 50 partium,
478 277 114 50 nec
543 277 260 50 accidentium,
755 277 114 50 nec
803 277 163 50 quarumli

131 324 111 54 bet
195 324 191 54 formarum
338 324 127 54 vlla
417 324 127 54 est.
496 324 238 54 diuersitas,
687 324 127 54 siue
767 324 207 54 variatio,
909 324 64 54 ve

137 373 228 57 multitudo.
316 373 98 57 Vt
365 373 147 57 autem
462 373 147 57 scias
560 373 179 57 quomodo
690 373 179 57 simplex
820 373 114 57 sit
869 373 98 57 illi

136 414 233 68 substantia,
323 414 93 68 te
370 414 140 68 docet
463 414 125 68 Aug.
541 414 93 68 in
588 414 140 68 sexto
681 414 125 68 lib.
759 414 93 68 de
790 414 187 68 Trinitate.

151 462 254 61 Animaduerte
354 462 169 61 primo,
473 462 152 61 quare
574 462 152 61 omnis
676 462 203 61 creatura
828 462 118 61 sit
879 462 102 61 mul-

133 517 199 62 tiplex,
278 517 90 62 &
314 517 163 62 nullo
422 517 145 62 modo
513 517 145 62 uere
603 517 217 62 simplex:
766 517 90 62 &
802 517 181 62 primum
911 517 72 62 de

139 564 219 62 corporali,
311 564 172 62 posteam
437 564 94 62 de
483 564 219 62 spirituali
656 564 203 62 creatura.
796 564 188 62 Corporalis

139 616 153 59 vtique
246 616 184 59 creatura
384 616 92 59 ex
430 616 184 59 partibus
568 616 184 59 constat,
705 616 107 59 ita
767 616 92 59 vt
813 616 107 59 sit
874 616 107 59 ibi
920 616 61 59 a-

134 664 142 44 liqua
229 664 126 44 pars
307 664 157 44 minor,
418 664 126 44 alia
496 664 157 44 maior:
606 664 79 44 &
638 664 142 44 maius
732 664 110 44 sit
795 664 142 44 totum
890 664 126 44 quam

139 713 213 55 quaelibet
303 713 148 55 pars:
401 713 82 55 &
434 713 98 55 in
483 713 213 55 vnoquoque
647 713 180 55 corpore
778 713 148 55 aliud
876 713 115 55 est
925 713 66 55 ma

138 762 183 60 gnitudo,
275 762 137 60 aliud
367 762 153 60 color,
473 762 137 60 aliud
565 762 107 60 est
626 762 168 60 figura.
748 762 153 60 Potest
855 762 122 60 enim
916 762 76 60 im-

130 811 182 52 minuta
257 811 273 52 magnitudine
476 811 182 52 manere
603 811 146 52 idem
695 811 182 52 color,
822 811 91 52 &
858 811 164 52 eadem

126 853 186 63 figura:
261 853 85 63 &
295 853 169 63 colore
414 853 169 63 mutato
532 853 169 63 manere
651 853 152 63 eadem
752 853 186 63 figura,
887 853 85 63 &
904 853 85 63 ea-

138 890 121 72 dem
207 890 242 72 magnitudo.
396 890 104 72 Ac
448 890 121 72 per
517 890 121 72 hoc
586 890 224 72 multiplex
759 890 138 72 esse
828 890 155 72 conuin-

134 950 148 62 citur
232 950 165 62 natura
347 950 214 62 corporis:
512 950 181 62 simplex
644 950 148 62 autem
743 950 148 62 nullo
825 950 115 62 modo.

365 1004 286 70 CAP.
508 1004 143 70 V.

185 1057 126 75 Hic
257 1057 108 75 de
311 1057 252 75 spirituali
509 1057 216 75 creatura
672 1057 216 75 pstendit
816 1057 108 75 quo-

307 1115 151 80 modo
402 1115 132 80 sit
477 1115 264 80 multiplex,
685 1115 94 80 &
704 1115 94 80 non

440 1167 208 71 simplex.

185 1211 234 85 CREATVRA
360 1211 195 85 quoque
496 1211 312 85 spiritualis,
750 1211 117 85 vt
808 1211 136 85 est
867 1211 97 85 ani

130 1284 112 60 ma,
194 1284 96 60 in
242 1284 257 60 comparatione
451 1284 160 60 quidem
563 1284 192 60 corporis
707 1284 112 60 est
772 1284 192 60 simplex:
900 1284 64 60 si

134 1325 99 66 ne
183 1325 263 66 comparatione
397 1325 132 66 vero
479 1325 214 66 corporis,
643 1325 115 66 est
709 1325 214 66 multiplex
873 1325 82 66 &
890 1325 82 66 non

136 1379 197 50 simplex.
284 1379 132 50 Quae
366 1379 132 50 ideo
448 1379 181 50 simplex
580 1379 181 50 dicitur
711 1379 197 50 respectu
843 1379 115 50 corpo

130 1427 128 54 ris,
210 1427 128 54 quia
291 1427 128 54 mole
371 1427 112 54 non
435 1427 241 54 diffanditur
628 1427 112 54 per
692 1427 177 54 spatium
820 1427 145 54 loci,
901 1427 80 54 sed

126 1469 98 50 in
175 1469 212 50 vnoquoque
338 1469 180 50 corpore
469 1469 82 50 &
501 1469 98 50 in
550 1469 147 50 toto,
648 1469 131 50 tota
730 1469 131 50 est,
812 1469 82 50 &
844 1469 98 50 in
877 1469 98 50 qua-

125 1520 149 62 libet
225 1520 133 62 eius
308 1520 149 62 parte
408 1520 133 62 tota
491 1520 133 62 est.
574 1520 100 62 Et
624 1520 133 62 ideo
707 1520 133 62 quum
790 1520 116 62 fit
840 1520 149 62 aliquid

133 1568 103 52 in
184 1568 171 52 quauis
304 1568 171 52 exigua
424 1568 222 52 particula
595 1568 222 52 corporis,
766 1568 137 52 quod
834 1568 154 52 sentiat

134 1611 165 58 anima,
249 1611 181 58 quanuis
381 1611 115 58 non
446 1611 132 58 fiat
529 1611 99 58 in
578 1611 132 58 toto
661 1611 198 58 corpore,
809 1611 132 58 illa
875 1611 115 58 tamen

132 1668 141 60 tota
220 1668 194 60 sentit,
361 1668 141 60 quia
449 1668 158 60 totam
555 1668 123 60 non
625 1668 176 60 latet.
749 1668 123 60 Sed
819 1668 158 60 tamen
907 1668 88 60 nec

140 1715 101 72 in
191 1715 134 72 ipsa
274 1715 134 72 tota
358 1715 151 72 anima
459 1715 134 72 vera
543 1715 252 72 simplicitas
744 1715 134 72 est.
828 1715 134 72 Quum
895 1715 101 72 enim
