1292 2034
126 134 195 64 simplici
272 134 309 64 multiplicitate,
532 134 114 64 vel
597 134 228 64 multiplici
760 134 228 64 simplicitate

132 177 205 57 dixeris,
286 177 120 57 quo
354 177 239 57 substantia
542 177 137 57 eius
628 177 291 57 significetur.
850 177 137 57 Humano

129 229 138 52 autem
220 229 138 52 animo
312 229 107 52 non
373 229 107 52 est
435 229 107 52 hoc
496 229 138 52 esse,
587 229 122 52 quod
664 229 107 52 est
725 229 153 52 fortem
832 229 138 52 esse,
909 229 76 52 aut

126 274 241 67 prudentem,
315 274 121 67 aut
384 274 189 67 iustum:
522 274 172 67 potest
643 274 138 67 enim
729 274 138 67 esse
815 274 189 67 animus,
935 274 52 67 &

119 323 181 57 vullam
245 323 199 57 istarum
390 323 181 57 habere
498 323 199 57 virtutum.

365 372 282 79 CAP.
506 372 176 79 VII

208 445 163 80 Tanta
316 445 127 80 est
389 445 127 80 Dei
461 445 289 80 simplicitas,
696 445 145 80 quod
768 445 127 80 nulli

311 506 409 69 praedicamentorum
637 506 123 69 sub

427 551 179 71 iicitur.

182 616 153 49 QVOD
278 616 172 49 autem
392 616 115 49 in
450 616 191 49 natura
584 616 191 49 diuina
718 616 172 49 nulla
833 616 134 49 sit
890 616 96 49 ac-

129 667 212 49 cidentium
291 667 244 49 diuersitas,
487 667 195 49 nullaque
633 667 179 49 penitus
747 667 228 49 mutabilitas,

120 715 105 56 sed
180 715 179 56 perfecta
314 715 239 56 simplicitas,
508 715 179 56 ostendit
643 715 164 56 August.
762 715 90 56 in
807 715 119 56 lib.
881 715 90 56 V.
911 715 60 56 de

122 760 199 49 Trinit.
266 760 199 49 dicens,
411 760 289 49 Intelligamus
646 760 145 49 Deum
736 760 199 49 quantum
863 760 108 49 pos-

124 807 160 68 sumus,
236 807 128 68 sine
316 807 208 68 qualitate
476 807 160 68 bonum,
587 807 128 68 sine
667 807 224 68 quantitate
827 807 144 68 magnum,

129 863 135 57 2sine
219 863 211 57 indigentia
385 863 211 57 creatorem,
550 863 120 57 sine
625 863 120 57 situ
700 863 256 57 praesidentem,
896 863 75 57 si-

128 907 95 58 ne
176 907 158 58 habitu
286 907 142 58 omnia
381 907 253 58 continentem,
586 907 126 58 sine
665 907 126 58 loco
744 907 158 58 ubique
839 907 126 58 totum,

126 953 126 69 sine
205 953 173 69 tempore
330 953 251 69 sempiternum,
534 953 126 69 sine
613 953 126 69 ulla
691 953 110 69 sui
754 953 204 69 mutatione
896 953 78 69 mu-

131 1000 176 60 tabilia
259 1000 225 60 facientem,
436 1000 192 60 nibilque
580 1000 225 60 patientem,
756 1000 192 60 quisquis
885 1000 96 60 Deum

120 1049 112 65 ita
184 1049 192 65 cogitat,
328 1049 128 65 etsi
408 1049 160 65 nondum
520 1049 160 65 potest
631 1049 160 65 omnino
743 1049 208 65 inuenitre
887 1049 96 65 quid

127 1100 111 55 sit
191 1100 143 55 ipse:
286 1100 111 55 pie
350 1100 143 55 tamen
446 1100 159 55 caueat
557 1100 175 55 quantum
684 1100 159 55 potest
796 1100 175 55 aliquid
907 1100 64 55 de

131 1148 116 62 illo
203 1148 174 62 sentire,
333 1148 116 62 quod
406 1148 101 62 non
464 1148 116 62 sit.
536 1148 116 62 Ecce
609 1148 87 62 si
652 1148 203 62 subtiliter
812 1148 188 62 intendas,

127 1197 95 68 ex
175 1197 111 68 his
238 1197 142 68 atque
332 1197 221 68 praedictis
506 1197 205 68 aperitur,
664 1197 126 68 illa
727 1197 237 68 praedicamenta

120 1241 148 74 artis
218 1241 230 74 dialectica
399 1241 115 74 Dei
465 1241 181 74 naturae
596 1241 164 74 minime
711 1241 230 74 conuenire,
875 1241 99 74 quae

110 1290 155 68 nullis
218 1290 108 68 est
280 1290 185 68 subiecta
403 1290 232 68 accidentibus.

337 1342 274 91 CAP.
474 1342 205 91 VIII

194 1412 157 75 Quod
293 1412 157 75 Deus
391 1412 138 75 non
469 1412 236 75 proprie,
646 1412 138 75 sed
705 1412 177 75 abusiue

348 1467 193 63 dicitur
471 1467 229 63 substantia.

157 1522 151 65 VNDE
251 1522 132 65 nec
327 1522 207 65 proprie
478 1522 207 65 dicitur
629 1522 283 65 substantia,
855 1522 113 65 vt
893 1522 94 65 Au-

114 1583 143 64 gust.
209 1583 190 64 ostendit
352 1583 95 64 in
400 1583 127 64 lib.
479 1583 111 64 Vi.
543 1583 95 64 de
590 1583 175 64 Trinit.
717 1583 143 64 Sicut
812 1583 95 64 ab
860 1583 95 64 eo
892 1583 95 64 quod

118 1621 124 68 esse
196 1621 217 68 appellatur
367 1621 202 68 essentia,
522 1621 109 68 ita
584 1621 93 68 ab
630 1621 93 68 eo
677 1621 124 68 quod
754 1621 109 68 est
801 1621 186 68 subsistere

110 1675 100 56 su
160 1675 201 56 stantiam
311 1675 201 56 dicimus,
462 1675 100 56 si
512 1675 151 56 tamen
612 1675 167 56 dignum
730 1675 134 56 est,
813 1675 100 56 vt
864 1675 134 56 Deus

108 1726 179 73 dicatur
238 1726 244 73 subsistere.
433 1726 114 73 Hoc
498 1726 130 73 enim
580 1726 98 73 de
629 1726 114 73 his
694 1726 146 73 rebus
791 1726 146 73 recte
873 1726 81 73 in
