1271 2025
108 81 194 74 futuris.
253 81 145 74 Fuit,
350 81 129 74 quia
431 81 178 74 nunquam
560 81 178 74 defuit:
689 81 145 74 Erit,
786 81 129 74 quia
850 81 97 74 nun-

110 142 136 59 quam
195 142 187 59 deerit:
331 142 136 59 Est,
416 142 136 59 quia
501 142 170 59 semper
619 142 136 59 est.
704 142 153 59 Neque
806 142 136 59 enim
874 142 85 59 ue-

113 191 112 57 lut
177 191 112 57 qui
241 191 112 57 iam
305 191 112 57 non
370 191 112 57 sit
434 191 128 57 cum.
514 191 225 57 praeterius
690 191 192 57 occidit:
835 191 112 57 aut
883 191 80 57 cum

111 250 270 51 praesentibus,
334 250 143 51 velut
429 250 111 51 qui
493 250 111 51 non
556 250 175 51 maneat,
684 250 191 51 labitur:
827 250 111 51 aut
874 250 80 51 cum

106 287 189 64 futuris,
248 287 141 64 velut
342 287 110 64 qui
405 287 110 64 non
468 287 173 64 fuerat,
594 287 189 64 orietur.
735 287 173 64 Proinde
861 287 126 64 quum

99 339 224 59 secundum
267 339 224 59 volumina
435 339 224 59 temporum
603 339 224 59 loquutio
771 339 187 59 humana
883 339 75 59 va

102 388 164 61 riatur,
222 388 105 61 qui
281 388 105 61 per
341 388 134 61 nulla
430 388 149 61 deesse
535 388 164 61 potuit,
654 388 105 61 aut
714 388 164 61 potest,
834 388 105 61 aut
878 388 75 61 po-

108 435 142 58 terit
203 435 189 58 tempora,
345 435 126 58 vera
424 435 95 58 de
471 435 126 58 illo
550 435 189 58 dicuntur
692 435 221 58 cuiustibet
850 435 95 58 tem-

111 480 159 68 poris
217 480 177 68 verba.
341 480 124 68 Huc
411 480 194 68 denique
553 480 229 68 pertinet,
729 480 141 68 quod
817 480 106 68 de
853 480 88 68 AE-

105 524 220 56 ternitate
274 524 152 56 infra
376 524 254 56 disputatur.
579 524 119 56 Est
647 524 136 56 enim
732 524 152 56 illud
816 524 136 56 aeter-

111 579 147 74 num,
203 579 147 74 quod
294 579 165 74 omnia
405 579 202 74 tempora
552 579 165 74 simul
662 579 184 74 habet,
791 579 110 74 id
846 579 147 74 est,

114 624 232 69 praesens,
293 624 286 69 praeteritum,
525 624 89 69 &
543 624 178 69 futurum:

226 670 104 66 Et
278 670 138 66 ideo
364 670 121 66 non
433 670 121 66 est
502 670 173 66 mirum.
623 670 121 66 Hic
693 670 173 66 locus,
814 670 104 66 ex
848 670 104 66 Tra-

108 719 162 61 ctatu
216 719 198 61 August.
360 719 126 61 92.
432 719 108 61 in
486 719 126 61 I8.
558 719 162 61 caput
666 719 234 61 Euangelij
828 719 126 61 Ioan-

112 782 128 54 nis
185 782 237 54 desumptus
367 782 146 54 est,
458 782 128 54 sed
531 782 91 54 a
568 782 201 54 germano
714 782 164 54 sensu
805 782 146 54 detor-

107 831 148 48 tus.
199 831 222 48 Disputat
365 831 148 48 enim
458 831 166 48 illic
569 831 277 48 Augustinus,
791 831 148 48 quum
865 831 92 48 di-

111 866 155 60 catur
214 866 103 60 de
266 866 190 60 Spiritu
404 866 190 60 sancto,
542 866 121 60 Non
610 866 138 60 enim
697 866 207 60 loquetur
852 866 86 60 a
869 866 86 60 se-

113 915 191 64 metipso,
256 915 111 64 sed
320 915 223 64 quaecunque
495 915 175 64 audiet,
622 915 207 64 loquetur,
781 915 80 64 a
813 915 111 64 quo
861 915 95 64 illa

115 964 184 47 audiet,
249 964 134 47 quae
333 964 217 47 loquetur,
500 964 84 47 &
533 964 150 47 vtrum
633 964 134 47 illi
717 964 150 47 aliud
817 964 117 47 sit
867 964 84 47 es-

117 1009 181 57 sentia,
248 1009 148 57 aliud
347 1009 231 57 sapientia:
529 1009 132 57 vel,
611 1009 148 57 vtrum
710 1009 132 57 illi
792 1009 148 57 aliud
875 1009 82 57 sit

119 1058 158 55 scire
225 1058 105 55 ac
277 1058 193 55 audire,
418 1058 140 55 quam
505 1058 158 55 esse.
610 1058 105 55 De
663 1058 210 55 temporis
821 1058 175 55 autem,

132 1112 148 60 quod
225 1112 167 60 verbo
336 1112 222 60 Loquetur
503 1112 130 60 aut
577 1112 204 60 audiet,
706 1112 241 60 continetur)

116 1155 205 53 ratione,
270 1155 103 53 ne
321 1155 120 53 9gu
389 1155 171 53 quide:
509 1155 120 53 imo
577 1155 103 53 ea
628 1155 154 53 ipsa,
731 1155 137 53 quae
816 1155 103 53 de
851 1155 103 53 ver-

116 1204 104 52 bi
168 1204 155 52 huius
271 1204 138 52 Est,
358 1204 155 52 Erit,
461 1204 86 52 &
496 1204 155 52 Fuit,
599 1204 173 52 variis
720 1204 242 52 temporibus
893 1204 69 52 ac

110 1249 331 57 mutationibus
379 1249 124 57 de
441 1249 145 57 Deo
524 1249 310 57 vsurpantur,
772 1249 165 57 sunt-

112 1291 255 72 pe.
309 1291 157 72 Ergo
407 1291 138 72 sic
486 1291 177 72 habet
603 1291 295 72 Augustinus,
839 1291 98 72 A
859 1291 98 72 quo

108 1347 138 55 ulla
194 1347 173 55 audiet
315 1347 207 55 Spiritus
471 1347 207 55 sanctus,
626 1347 121 55 non
695 1347 138 55 ergo
782 1347 207 55 loquetur
920 1347 52 55 a

102 1402 231 62 semetipso,
284 1402 132 62 quia
367 1402 116 62 non
433 1402 116 62 est
499 1402 83 62 a
532 1402 231 62 semetipso:
713 1402 116 62 sed
763 1402 198 62 quaecunque

110 1448 181 54 audiet,
241 1448 213 54 loquetur,
405 1448 98 54 ab
454 1448 131 54 illo
536 1448 164 54 audiet
651 1448 82 54 a
684 1448 115 54 quo
750 1448 213 54 procedit.
897 1448 66 54 Et

105 1487 146 77 paulo
202 1487 146 77 post,
299 1487 97 77 Ab
348 1487 130 77 illo
429 1487 162 77 igitur
543 1487 195 77 audiuit,
688 1487 162 77 audit,
802 1487 81 77 &
818 1487 146 77 audiet,

107 1541 82 56 a
139 1541 115 56 quo
205 1541 131 56 est:
287 1541 98 56 ab
336 1541 131 56 illo
418 1541 131 56 est,
500 1541 82 56 a
533 1541 115 56 quo
599 1541 213 56 procedit.
763 1541 98 56 Et
812 1541 181 56 ibidem,

113 1586 174 68 Linguae
240 1586 269 68 difficillimum
462 1586 111 68 est
525 1586 222 68 explicare,
700 1586 254 68 quantustibet
890 1586 79 68 sit

107 1640 181 57 doctor:
238 1640 264 57 quantustibet
453 1640 115 57 sit
519 1640 198 57 auditor,
667 1640 132 57 iste
750 1640 181 57 nimirum
865 1640 99 57 Spi-

113 1687 176 83 ritus
231 1687 235 83 sanctus.
407 1687 117 83 Ad
466 1687 176 83 illam
583 1687 196 83 autaem
701 1687 274 83 quaestionem,
