1264 2029
305 88 152 82 Vtrum
407 88 203 82 Spiritui
559 88 169 82 sancto
677 88 135 82 idem
762 88 118 82 sit
830 88 203 82 scientia
982 88 85 82 &
999 88 135 82 essen-

292 157 132 59 tia:
374 157 132 59 yel,
456 157 165 59 audire
571 157 82 59 &
604 157 148 59 esse,
703 157 115 59 sic
769 157 115 59 ide
835 157 230 59 Augustinus
999 157 132 59 respo-

297 206 147 58 det,
389 206 221 58 postquam
554 206 203 58 nostram
702 206 203 58 naturam
849 206 129 58 cum
923 206 184 58 diuina
1033 206 111 58 quae

293 249 112 72 est
357 249 287 72 simplicissima,
596 249 239 72 comparauit.
788 249 96 72 Et
836 249 144 72 ideo,
931 249 128 72 ait,
1011 249 112 72 non
1059 249 80 72 est

295 303 118 67 ista
369 303 207 67 substantia
532 303 192 67 verissime
680 303 178 67 simplex,
813 303 104 67 cui
873 303 104 67 non
932 303 104 67 hoc
991 303 104 67 est
1035 303 104 67 esse,

292 355 121 71 quod
368 355 152 71 nosse.
474 355 152 71 Potest
580 355 121 71 enim
656 355 136 71 esse,
747 355 106 71 nec
807 355 152 71 nosse.
914 355 136 71 Atqui
1005 355 121 71 illa
1065 355 76 71 di-

292 402 128 66 uina
372 402 112 66 non
436 402 177 66 potest:
565 402 128 66 quia
645 402 96 66 id
693 402 128 66 quod
774 402 161 66 habet,
886 402 128 66 est:
966 402 96 66 ac
1015 402 112 66 per
1063 402 80 66 hoc

294 455 102 61 non
353 455 102 61 sic
411 455 131 61 habet
499 455 204 61 scientiam,
659 455 87 61 vt
703 455 131 61 aliud
790 455 102 61 sit
848 455 190 61 scientia,
994 455 102 61 qua
1038 455 102 61 scit:

290 507 80 61 &
322 507 145 61 aliud
418 507 209 61 essentia,
579 507 112 61 qua
643 507 128 61 est:
724 507 112 61 sed
788 507 193 61 vtrunque
932 507 128 61 vnum
1013 507 128 61 est.
1077 507 64 61 Et

296 548 166 68 postea,
417 548 151 68 Audire
523 548 121 68 illi
598 548 136 68 scire
689 548 121 68 est:
764 548 136 68 scire
855 548 121 68 vero
930 548 136 68 esse:
1021 548 76 68 &
1036 548 106 68 dein-

303 590 107 62 de,
364 590 137 62 sicut
455 590 107 62 iam
516 590 183 62 diximus,
653 590 107 62 hoc
714 590 107 62 est
775 590 122 62 illi
851 590 152 62 audire
957 590 122 62 quod
1018 590 122 62 scire:

305 642 78 65 &
337 642 140 65 scire
430 642 124 65 illi
507 642 109 65 hoc
569 642 124 65 est,
647 642 124 65 quod
725 642 140 65 esse.
818 642 124 65 Ergo
896 642 93 65 ex
942 642 124 65 tota
1020 642 124 65 ista
1082 642 62 65 o-

297 689 203 66 ratione
444 689 240 66 Augustini
629 689 185 66 nihil,
759 689 148 66 quod
851 689 111 66 ad
907 689 148 66 hunc
981 689 166 66 Lombar-

290 747 100 63 di
340 747 133 63 locu
424 747 183 63 faciat,
557 747 183 63 colligi
691 747 183 63 potest,
824 747 234 63 praesertim
1008 747 117 63 dum
1058 747 83 63 ait

290 786 254 51 Lombardus,
490 786 145 51 Ecce
581 786 127 51 hic
653 786 164 51 dicit
762 786 254 51 Augustinus
962 786 164 51 verba
1053 786 91 51 cu-

292 837 185 74 iustibet
431 837 185 74 temporis
570 837 124 74 dici
647 837 93 74 de
693 837 124 74 Deo:
770 837 108 74 sed
832 837 139 74 tamen
925 837 185 74 proprie,
1048 837 93 74 Est.

411 891 143 47 Esse
501 891 125 47 non
572 891 125 47 est
644 891 215 47 accidens
805 891 143 47 Deo.
894 891 107 47 Et
948 891 125 47 hic
1002 891 143 47 quoque

288 929 171 67 locus
402 929 95 67 a
440 929 229 67 Lombardo
612 929 229 67 detortus
783 929 133 67 est
859 929 95 67 a
897 929 152 67 vero
974 929 171 67 Hilarij

295 979 193 53 sensu.
430 979 135 53 Nam
507 979 135 53 pro
584 979 154 53 Ecce
681 979 251 53 aduerbio,
874 979 135 53 vti
951 979 174 53 vulgo
1047 979 97 53 ha-

296 1032 149 47 bent
390 1032 205 47 eodices
539 1032 186 47 omnes,
669 1032 112 47 in
725 1032 242 47 primisque
911 1032 261 47 emendatio¬

298 1070 130 69 res,
379 1070 130 69 iste
460 1070 227 69 substituit
638 1070 146 69 Esse,
736 1070 97 69 vt
784 1070 114 69 hoc
849 1070 178 69 Hilarij
979 1070 162 69 dictum
1076 1070 65 69 ad

293 1125 151 66 suam
387 1125 151 66 hanc
482 1125 302 66 tractationem
727 1125 208 66 obtorto
878 1125 170 66 collo
972 1125 170 66 raperet

291 1173 100 68 ac
341 1173 266 68 inssecteret:
557 1173 133 68 nisi
640 1173 216 68 afferant,
806 1173 133 68 quod
889 1173 100 68 in
939 1173 183 68 margine
1055 1173 83 68 li-

296 1222 181 55 brorum
422 1222 199 55 additum
567 1222 126 55 est
639 1222 163 55 Alias
748 1222 163 55 esse,
856 1222 145 55 quae
946 1222 235 55 annotatio

292 1269 199 53 aliquo
431 1269 179 53 pacto
551 1269 159 53 hanc
650 1269 239 53 Lombardi
830 1269 199 53 culpam
949 1269 199 53 excusat.

299 1319 118 63 Sed
367 1319 237 63 spectetur,
553 1319 135 63 quae
637 1319 118 63 sit
705 1319 186 63 Hilarij
840 1319 220 63 quaestio.
993 1319 152 63 Quaerit

301 1375 136 55 quid
386 1375 153 55 verba
488 1375 136 55 haec
573 1375 187 55 Ioannis
709 1375 272 55 significent.
931 1375 170 55 capite
1033 1375 102 55 pri-

296 1422 126 59 mo,
368 1422 108 59 Et
422 1422 180 59 verbum
548 1422 144 59 erat
638 1422 162 59 Deus,
745 1422 144 59 vel,
835 1422 108 59 vt
889 1422 198 59 Veteres
1015 1422 126 59 lege-

293 1457 169 71 bant,
406 1457 94 71 &
444 1457 150 71 Deus
538 1457 150 71 erat
632 1457 207 71 verbum.
782 1457 244 71 Respondet
951 1457 188 71 Hilarius

293 1512 126 49 non
365 1512 180 49 tantum
491 1512 108 49 ex
545 1512 126 49 iis
617 1512 234 49 intelligi
797 1512 216 49 Christum
959 1512 144 49 esse
1031 1512 108 49 ver-

292 1556 145 55 bum
375 1556 227 55 Domini:
540 1556 145 55 sed
623 1556 207 55 eundem
767 1556 207 55 quoque
912 1556 165 55 esse
994 1556 145 55 Deum,

292 1608 106 51 &
334 1608 213 51 quidem
483 1608 213 51 verum,
632 1608 149 51 cum
717 1608 170 51 Deus
824 1608 128 51 ab
866 1608 277 51 Euangelista

285 1652 199 78 diserte
430 1652 254 78 nominetur:
629 1652 181 78 sitque
756 1652 163 78 Deus,
865 1652 127 78 non
938 1652 163 78 aliud
1028 1652 109 78 quam
