1284 2032
320 104 227 77 AD
434 104 303 77 CAP.
585 104 190 77 IX.

154 162 100 70 I
194 162 120 70 Ex
254 162 281 70 compositis
475 162 181 70 Deus.
596 162 221 70 Aliquot
756 162 181 70 verba
877 162 141 70 cum

106 219 242 63 sententiae
296 219 173 63 ipsius
417 219 225 63 dispendio
590 219 190 63 omissa:
728 219 138 63 alia
797 219 173 63 perperam

109 266 108 57 ex
163 266 162 57 bonis
271 266 252 57 Hilarianis
469 266 144 57 mala
558 266 90 57 a
594 266 216 57 Lombardo
756 266 180 57 facta.
864 266 108 57 Pri-

101 316 131 55 mum
176 316 188 55 igitur
308 316 244 55 describam
495 316 169 55 locum
608 316 169 55 ipsum
720 316 113 55 ex
776 316 225 55 Hilario,

104 365 123 53 Non
175 365 141 53 enim
263 365 105 53 ex
315 365 263 53 compositis,
526 365 88 53 &
561 365 228 53 inanimis,
737 365 158 53 Deus,
842 365 123 53 qui
895 365 70 53 vi

111 414 105 49 ta
164 414 140 49 est,
252 414 228 49 subsistit
427 414 193 49 Omittit
567 414 228 49 Lombardus
742 414 228 49 Inanimis,
900 414 70 49 in

120 463 126 63 quo
192 463 162 63 tamen
300 463 144 63 tota
390 463 198 63 αοπλεως
534 463 90 63 &
571 463 126 63 vis
643 463 198 63 illarum
769 463 198 63 verborum,

127 507 109 61 Qui
190 507 125 61 vita
268 507 125 61 est,
345 507 109 61 ita
408 507 125 61 est,
485 507 93 61 vt
532 507 109 61 aut
594 507 140 61 illud
688 507 140 61 addi,
781 507 109 61 aut
843 507 125 61 ista
906 507 62 61 o-

117 556 151 53 mitti
218 556 167 53 fuerit
335 556 201 53 necesse,
486 556 134 53 nisi
569 556 117 53 suo
636 556 134 53 more
720 556 218 53 truncatos
871 556 100 53 sem-

120 618 129 47 per
193 618 166 47 locos
304 618 239 47 afferret.
488 618 184 47 Deinde
616 618 166 47 vocem
727 618 276 47 Formabilis,

120 662 144 54 quae
210 662 126 54 est
282 662 144 54 apud
372 662 216 54 Hilarium
534 662 144 54 iste
624 662 108 54 in
678 662 234 54 Formalem,
840 662 126 54 atque

111 706 169 63 etiam
224 706 281 63 commutauit.
449 706 131 63 Sic
524 706 150 63 enim
618 706 169 63 habet
730 706 188 63 matrix
843 706 131 63 ipsa,

113 753 86 67 &
147 753 223 67 Hilarius:
319 753 154 67 Neque
421 753 120 67 qui
490 753 206 67 Spiritus
644 753 137 67 est,
730 753 103 67 ex
764 753 206 67 disparibus

116 804 237 51 formabilis
303 804 136 51 est.
387 804 136 51 Iste
472 804 153 51 habet
574 804 220 51 Formalis.
744 804 119 51 Sic
811 804 136 51 enim
879 804 85 51 om-

112 850 134 50 nes
189 850 211 50 codices
342 850 230 50 Lombardi
515 850 211 50 legunt,
668 850 173 50 etiam
783 850 96 50 a
802 850 173 50 Ioannne

120 895 191 52 Aleamne
258 895 173 52 aediti
380 895 87 52 &
414 895 225 52 correcti,
588 895 139 52 nisi
674 895 156 52 forte
778 895 139 52 isti
865 895 139 52 idem

119 945 128 52 esse
199 945 224 52 existiment
375 945 240 52 Formabilis,
567 945 128 52 quae
647 945 112 52 vox
711 945 176 52 δυναυὸν
839 945 160 52 signi¬

112 988 184 69 ficat,
241 988 92 69 &
277 988 239 69 Formalis,
462 988 147 69 quae
554 988 276 69 praeterquam
775 988 147 69 quod
848 988 111 69 bar-

113 1036 136 63 bara
198 1036 136 63 est,
283 1036 187 63 Latinis
419 1036 204 63 auribus,
571 1036 136 63 illa
656 1036 136 63 vero
741 1036 187 63 Hilarij
860 1036 102 63 ele-

115 1089 147 59 gans,
213 1089 147 59 etiam
311 1089 213 59 ἐνiρνειαν
474 1089 213 59 designat.
638 1089 114 59 Sic
703 1089 213 59 μορφωτκὸν
867 1089 82 59 &
883 1089 82 59 μoρ

116 1135 148 51 poτον,
220 1135 104 51 χIσ
279 1135 148 51 χητκὸν
383 1135 74 51 &
412 1135 104 51 αις
471 1135 148 51 Sητον,
575 1135 178 51 δμλτικὸν
708 1135 74 51 &
738 1135 178 51 Gωλητον,
856 1135 104 51 accu-

116 1181 143 70 rate
205 1181 250 70 distinguit
401 1181 143 70 lib.
491 1181 107 70 2.
544 1181 107 70 de
598 1181 232 70 orthodox.
776 1181 143 70 Fide
847 1181 125 70 Dama-

119 1228 150 53 sce.
213 1228 206 53 Denique
363 1228 131 53 pro
438 1228 318 53 lnfirmioribus
700 1228 262 53 substituit
887 1228 94 53 hic

121 1277 249 71 Lombardus
312 1277 249 71 snfirmis,
504 1277 115 71 vt
561 1277 153 71 quam
657 1277 153 71 bona
752 1277 153 71 fide
848 1277 134 71 hic
905 1277 77 71 Hi

119 1327 177 64 larium
243 1327 212 64 referat,
384 1327 265 64 intelligamus.

152 1365 106 72 2
194 1365 149 72 Non
279 1365 212 72 humano
428 1365 191 72 modo.
555 1365 191 72 Locue
683 1365 149 72 est
768 1365 255 72 sumptus,

113 1415 108 71 ex
167 1415 181 71 Hilar.
294 1415 108 71 8.
348 1415 108 71 de
402 1415 253 71 Trinitate,
601 1415 126 71 non
673 1415 163 71 longe
781 1415 90 71 a
817 1415 145 71 fine
890 1415 90 71 me-

118 1464 138 65 dij.
204 1464 121 65 Sed
273 1464 121 65 hic
342 1464 155 65 locus
446 1464 121 65 est
515 1464 86 65 a
549 1464 190 65 germano
687 1464 138 65 situ
774 1464 207 65 luxatus,
929 1464 86 65 &

111 1513 94 73 a
149 1513 150 73 vero
243 1513 188 73 suoque
374 1513 169 73 sensu
487 1513 244 73 detortus,
675 1513 263 73 praeterqua
862 1513 113 73 quod

118 1562 162 63 multa
226 1562 144 63 etia
316 1562 108 63 in
370 1562 180 63 verbis
496 1562 216 63 immutata
658 1562 180 63 habet,
784 1562 108 63 vt
838 1562 108 63 ad
874 1562 108 63 suum

112 1614 272 57 propositum,
329 1614 218 57 quacuque
493 1614 218 57 ratione,
656 1614 145 57 hanc
746 1614 218 57 Hilarij,
891 1614 91 57 au-

112 1664 272 68 toritatem
321 1664 272 68 Lombardus
530 1664 355 68 accommodaret.
802 1664 167 68 Dispu-

121 1710 125 62 tat
192 1710 213 62 Hilarius
352 1710 107 62 de
406 1710 125 62 eo,
477 1710 160 62 vtrum
584 1710 196 62 eiusdem
726 1710 125 62 sit
779 1710 196 62 essentiae
