1278 2043
293 100 169 75 Quod
399 100 169 75 quam
504 100 148 75 sit
589 100 317 75 blasphemum,
843 100 106 75 &
885 100 127 75 ab
927 100 233 75 Augustini

288 159 212 67 pietate
442 159 251 67 seiunctum
635 159 193 67 vident
770 159 193 67 omnes,
905 159 97 67 &
944 159 174 67 tamen
1040 159 97 67 re-

296 212 138 56 cte
375 212 118 56 ex
434 212 236 56 Lombardi
611 212 217 56 methodo
769 212 315 56 efficeretur.
1005 212 138 56 Tanti

289 268 196 53 nimirum
432 268 125 53 est
503 268 161 53 extra
610 268 161 53 oleas
718 268 196 53 vagari,
860 268 89 53 &
896 268 214 53 locorum,
1039 268 107 53 quos

295 317 184 48 citas,
423 317 184 48 mentem
552 317 129 48 non
608 317 202 48 spectare.

344 349 100 68 A
384 349 160 68 SIVE
484 349 301 68 substantia.
725 349 180 68 Multa
845 349 160 68 sunt
945 349 120 68 in
1006 349 140 68 hoc
1066 349 80 68 ex

297 416 262 43 Augustino
498 416 282 43 testimonio
719 416 241 43 immutata
901 416 161 43 siue
981 416 161 43 errore

289 448 292 56 librariorum,
526 448 146 56 siue
617 448 201 56 incuria
764 448 183 56 ipsius
891 448 237 56 Lombardi,
1056 448 91 56 at-

296 500 132 57 que
372 500 170 57 etiam
485 500 208 57 quaedam
636 500 132 57 non
712 500 246 57 ἀκινδυνως
901 500 132 57 vti
977 500 151 57 quod
1052 500 95 57 hoc

294 548 266 53 locoprimum
503 548 247 53 occurrit,
693 548 133 53 Nam
768 548 133 53 pro
844 548 133 53 his
920 548 190 53 verbis
1034 548 114 53 Siue

290 596 260 65 substantia,
497 596 242 65 Augustinus
688 596 156 65 habet
792 596 138 65 sine
878 596 294 65 subsistentia,
1103 596 52 65 &

297 647 186 64 procul
428 647 167 64 dubio
539 647 130 64 sic
614 647 130 64 est
688 647 130 64 hoc
763 647 149 64 loco
837 647 242 64 reponendum.

330 690 110 69 S.
385 690 146 69 NEC,
476 690 128 69 est
549 690 164 69 ipsa.
659 690 146 69 Haec
750 690 164 69 verba
860 690 146 69 sunt
933 690 164 69 addita.

413 737 403 77 DICITVRvnius.
746 737 332 77 Augustinus
983 737 166 77 Dici-

292 789 136 64 tur
350 789 175 64 Diuens.

610 829 195 71 Censura.

343 887 180 62 Videor
469 887 144 62 mihi
560 887 108 62 in
614 887 235 62 superiori
794 887 289 62 Distinctione
1011 887 144 62 (prae-

297 937 130 71 ter
372 937 112 71 ea
428 937 149 71 quae
521 937 130 71 iam
595 937 242 71 annotaui)
781 937 298 71 reprehendere
1004 937 149 71 merito

300 998 158 47 multa
406 998 175 47 posse,
528 998 140 47 quae
616 998 175 47 partim
739 998 105 47 in
791 998 175 47 istius
914 998 193 47 autoris
1036 998 123 47 mecho

291 1032 125 64 do:
363 1032 179 64 partim
488 1032 107 64 in
542 1032 107 64 re
596 1032 143 64 ipsa
685 1032 233 64 versatur.
864 1032 107 64 Ac
918 1032 197 64 primum,
1044 1032 107 64 quod

298 1093 129 40 ad
363 1093 258 40 methodum
557 1093 172 40 quis
665 1093 237 40 laudet,
837 1093 172 40 quod
923 1093 237 40 Lombardus

299 1126 148 61 suae
392 1126 111 61 de
448 1126 186 61 natura
578 1126 130 61 Dei
652 1126 297 61 explicatione
893 1126 297 61 confirmatio¬

297 1183 128 58 nem
370 1183 128 58 eam
443 1183 329 58 praetermittit,
717 1183 146 58 quae
809 1183 110 58 ex
863 1183 165 58 sacra
955 1183 201 58 scriptura

307 1235 131 54 (ex
382 1235 131 54 qua
457 1235 131 54 vna
532 1235 150 54 quid
626 1235 131 54 sit
701 1235 150 54 Deus
794 1235 243 54 intelligi
981 1235 150 54 vere
1056 1235 94 54 po-

306 1272 239 57 test)duci
489 1272 184 57 debet:
618 1272 129 57 vbi
692 1272 147 57 enim
783 1272 110 57 in
839 1272 147 57 toto
930 1272 129 57 hoc
986 1272 165 57 argumen

301 1327 109 61 to
355 1327 127 61 vel
428 1327 163 61 locus
536 1327 181 61 vllus,
663 1327 109 61 ex
717 1327 163 61 Nouo,
826 1327 254 61 testamento
1007 1327 145 61 qualis

306 1369 117 62 est
373 1369 134 62 Rom.
457 1369 100 62 I.
507 1369 151 62 Vers.
608 1369 117 62 2o.
675 1369 100 62 I.
725 1369 201 62 Thimoth.
875 1369 100 62 I.
926 1369 151 62 Vers.
1026 1369 117 62 I7.
1076 1369 84 62 Vel

306 1424 98 52 ex
355 1424 180 52 veteri,
486 1424 164 52 qualis
600 1424 147 52 Exod.
699 1424 115 52 34.
764 1424 196 52 Vversic.
911 1424 82 52 6
944 1424 82 52 &
977 1424 147 52 Psal.
1059 1424 98 52 I4g.

307 1462 253 69 proferturo
506 1462 126 69 vbi
578 1462 145 69 haec
668 1462 217 69 epitheta
831 1462 163 69 (quae
921 1462 235 69 pulcherrime

311 1526 193 47 tamen,
446 1526 96 47 &
484 1526 116 47 ex
542 1526 193 47 ipsius
677 1526 135 47 Dei
754 1526 135 47 ore
831 1526 212 47 naturam
985 1526 212 47 diuinam

310 1560 254 57 explicant)
509 1560 109 57 ab
564 1560 145 57 isto
654 1560 254 57 traduntur,
854 1560 163 57 nempe
963 1560 236 57 AEternus,

302 1613 296 63 immortalitatem
549 1613 148 63 solus
647 1613 181 63 habens,
779 1613 264 63 inuisibilis,
993 1613 115 63 sap
1043 1613 115 63 tens,

313 1653 155 70 potes,
421 1653 170 70 sortis,
544 1653 186 70 xelotes,
684 1653 108 70 &c.
746 1653 216 70 Augustinus
916 1653 93 70 in
962 1653 124 70 lib.
1039 1653 93 70 de
1070 1653 93 70 fide

312 1707 81 70 &
344 1707 147 70 Svmb.
442 1707 98 70 ad
491 1707 179 70 Catech,
621 1707 81 70 &
654 1707 114 70 li.
719 1707 98 70 de
768 1707 179 70 specul.
898 1707 114 70 ca.
963 1707 98 70 s.
996 1707 163 70 recitato
