1279 2024
299 75 162 86 vtimur
412 75 129 86 vero
493 75 129 86 eis,
573 75 129 86 quae
654 75 97 86 ad
703 75 145 86 illud
800 75 226 86 referimus,
977 75 113 86 quo
1026 75 129 86 feuen-

294 152 137 57 dum
373 152 157 57 est.
471 152 137 57 Hic
550 152 157 57 vero
648 152 236 57 obscurus
824 152 177 57 plane
942 152 98 57 &
962 152 196 57 barbarus

301 202 203 57 propter
448 202 166 57 harum
559 202 184 57 vocum,
688 202 184 57 Ipsis,
817 202 92 57 &
854 202 203 57 Seipsa,
983 202 166 57 immuta-

297 248 213 56 tionem,
451 248 135 56 vel
529 248 329 56 detractionem.
800 248 290 56 Barbareenim
1013 248 135 56 dici-

304 296 138 57 tur,
390 296 103 57 In
441 296 172 57 quibus
562 296 155 57 ipsis
665 296 241 57 delectata:
854 296 138 57 quae
941 296 224 57 perspicue
1095 296 52 57 &

301 341 180 58 latine
427 341 253 58 Augustinus
626 341 253 58 interiecta
824 341 144 58 voce
914 341 235 58 ὑoluntas,
1077 341 72 58 ad

306 393 228 44 euitandam
482 393 158 44 illam
587 393 228 44 barbariem
763 393 263 44 scripserat,
973 393 105 44 in
1009 393 140 44 quibus

308 439 198 49 voluntas
456 439 148 49 ipsis
555 439 181 49 propter
687 439 165 49 seipsa
802 439 231 49 delectata.
967 439 181 49 Praeterea

305 489 129 55 vox
378 489 111 55 Se
434 489 148 55 apud
526 489 148 55 hunc
618 489 203 55 obscura
766 489 148 55 est,
859 489 166 55 vtrum
969 489 111 55 ad
1006 489 148 55 volun-

305 539 165 60 tatem,
420 539 99 60 an
470 539 165 60 potius
585 539 99 60 ad
635 539 116 60 res
701 539 149 60 ipsas
800 539 231 60 referatur,
981 539 132 60 quae
1047 539 99 60 pro-

298 586 218 47 culdubio
461 586 109 47 ad
516 586 127 47 res
589 586 164 47 ipsas
698 586 236 47 pertinet,
879 586 182 47 quibus
988 586 164 47 propter

298 632 196 52 seipsas
441 632 231 52 delectari
618 632 213 52 debemus,
778 632 107 52 vt
832 632 125 52 iis
903 632 142 52 frui
974 632 178 52 dicamur.

299 678 139 53 ltem
386 678 105 53 in
438 678 261 53 definitione
647 678 192 53 vtendi,
786 678 192 53 August.
926 678 157 53 habet
1030 678 105 53 ad
1065 678 87 53 il-

298 726 132 59 lud
374 726 226 59 commode:
543 726 132 59 hic
619 726 170 59 habet
732 726 170 59 aliud
826 726 189 59 obscure.

537 775 273 102 CAP.
673 775 171 102 III

343 878 86 45 I
377 878 103 45 In
428 878 240 45 facultatem
617 878 240 45 voluntatis
805 878 222 45 assumere.
976 878 154 45 Voces
1061 878 86 45 hae

296 912 134 56 tum
373 912 154 56 apud
469 912 211 56 August.
622 912 134 56 tum
699 912 154 56 apud
795 912 154 56 hunc
891 912 173 56 ipsum
987 912 154 56 obscu-

303 973 119 60 rae
371 973 255 60 significant
575 973 170 60 reipsa
694 973 187 60 aliquid
831 973 170 60 velle,
950 973 85 60 &
967 973 187 60 expetere.

300 1012 135 55 Ergo
385 1012 203 55 facultas
537 1012 186 55 nostrae
672 1012 237 55 voluntatis
858 1012 203 55 assumere
1010 1012 118 55 hic
1061 1012 84 55 di-

300 1065 153 63 citur
402 1065 119 63 ea,
470 1065 136 63 quae
555 1065 119 63 non
623 1065 187 63 δυνάμeι
758 1065 153 63 tatum
860 1065 221 63 possumus,
1013 1065 136 63 velle,

300 1111 122 54 sed
369 1111 139 54 quae
456 1111 191 54 reipsa,
595 1111 87 54 &
630 1111 209 54 ἀηορνeig
786 1111 104 54 ia
838 1111 261 54 desideramus
1047 1111 87 54 &
1064 1111 87 54 ex-

301 1158 215 62 petimus,
463 1158 126 62 vel
534 1158 198 62 propter
678 1158 144 62 spem
768 1158 180 62 tantum
894 1158 144 62 ret:
983 1158 126 62 vel
1037 1158 108 62 pro-

292 1205 142 70 pter
381 1205 178 70 ipsius
506 1205 231 70 aspectum,
684 1205 107 70 vt
737 1205 125 70 ait
808 1205 196 70 Paulus.
950 1205 142 70 Vti,
1021 1205 125 70 minus

301 1252 119 61 est:
375 1252 134 61 frui,
465 1252 134 61 maius
539 1252 89 61 est.

508 1293 311 68 CAP.
664 1293 155 68 VI

333 1349 99 67 I
373 1349 118 67 Si
432 1349 236 67 propter.
609 1349 236 67 Quanquam
786 1349 177 67 multa
905 1349 158 67 sunt
1003 1349 138 67 hic
1062 1349 79 67 ex

288 1399 238 49 Augustini
471 1399 183 49 verbis
599 1399 220 49 resecta,
764 1399 146 49 quae
855 1399 146 49 huic
928 1399 220 49 quaestioni

298 1445 166 58 lucem
408 1445 258 58 afferrent,
611 1445 147 58 quia
703 1445 166 58 tamen
813 1445 92 58 a
850 1445 166 58 mente
942 1445 203 58 Augustini

284 1497 130 48 non
359 1497 130 48 est
433 1497 242 48 recessum,
620 1497 130 48 duo
694 1497 168 48 tatum
806 1497 298 48 annotabimus.
1029 1497 112 48 Pri-

292 1544 150 55 mum
377 1544 150 55 non
463 1544 299 55 incolorate
697 1544 107 55 &
740 1544 256 55 τξαλολῶς
932 1544 128 55 de
975 1544 171 55 homine

302 1591 196 60 quaeri,
445 1591 160 60 vtrum
552 1591 107 60 eo
605 1591 125 60 sit
677 1591 160 60 nobis
783 1591 232 60 fruendum,
962 1591 107 60 an
997 1591 143 60 potius

300 1641 235 53 vtendum,
477 1641 215 53 quoniam
633 1641 176 53 magna
751 1641 215 53 quaedam
907 1641 215 53 (inquit
1044 1641 98 53 Au-

293 1685 158 78 gust.
399 1685 141 78 Sres
487 1685 123 78 est
557 1685 158 78 homo,
663 1685 176 78 factus
786 1685 106 78 ad
839 1685 211 78 imaginem
997 1685 88 78 &
1015 1685 123 78 simi
