1268 2028
85 134 115 67 tas
150 134 131 67 eam,
232 134 131 67 quae
314 134 164 67 viuens
428 134 98 67 ex
477 134 180 67 viuente
608 134 131 67 est,
690 134 180 67 naturam
805 134 147 67 nascen-

73 174 176 82 scendo
196 174 123 82 non
249 174 176 82 deserit.

217 206 110 77 ln
272 206 129 77 sua
345 206 184 77 sorma.
474 206 258 77 Hilarianus
677 206 166 77 codex
787 206 166 77 habet
879 206 74 77 in

85 281 157 55 suam
184 281 197 55 formam
321 281 236 55 generat.
498 281 177 55 Malim
617 281 118 55 in
676 281 216 55 formam.
813 281 138 55 Gene-

92 320 161 73 rant
193 320 161 73 enim
293 320 201 73 Patres
434 320 121 73 ad
495 320 242 73 imaginem
676 320 101 73 &
716 320 201 73 formam
837 320 121 73 suam

90 367 206 77 liberos.
245 367 172 77 Oenesi
365 367 103 77 8.
399 367 155 77 Verses.

212 424 222 86 AD
323 424 295 86 CAP.
471 424 258 86 XIIII

206 511 164 60 Aliud
315 511 183 60 Patri.
443 511 128 60 Hic
516 511 183 60 quoque
644 511 238 60 antestari
809 511 146 60 libet,

96 561 180 50 neque
216 561 160 50 hunc
316 561 220 50 Hilarij
476 561 180 50 locum
596 561 120 50 ad
656 561 140 50 hoc
716 561 240 50 argumentum

104 607 232 54 Lombardi
277 607 270 54 pertinere:
490 607 174 54 neque
606 607 174 54 sanum
721 607 174 54 etiam
818 607 135 54 reti-

99 656 163 51 neri:
207 656 126 51 sed
280 656 217 51 plusquam
442 656 126 51 sex
514 656 163 51 illis
623 656 90 51 a
659 656 163 51 nobis
749 656 199 51 annotatis

97 704 266 63 vulneribus
306 704 228 63 confodi,
477 704 114 63 ex
534 704 190 63 quibus
666 704 209 63 quaedam
818 704 171 63 etiam

97 743 154 55 sunt
193 743 288 55 grauissima.
424 743 154 55 Mens
520 743 212 55 Hilarij
674 743 115 55 ea
731 743 154 55 est,
828 743 115 55 vt
866 743 77 55 o-

105 798 214 51 ftendat,
266 798 196 51 etiamsi
408 798 178 51 Filius
533 798 89 51 &
569 798 160 51 Deus,
676 798 89 51 &
711 798 143 51 idem
800 798 125 51 cum
854 798 89 51 Pa-

107 852 118 51 tre
175 852 135 51 (qui
259 852 118 51 est
327 852 203 51 ἀλυνnoς)
478 852 135 51 Deus
563 852 135 51 esse
647 852 219 51 credatur,
816 852 118 51 non
867 852 84 51 se-

106 900 127 57 qui
179 900 164 57 tamen
288 900 109 57 id
342 900 145 57 quod
433 900 200 57 Aetiani
578 900 145 57 (qui
669 900 200 57 fuerunt
797 900 145 57 pessi-

97 944 125 53 ma
160 944 271 53 Arianorum
368 944 250 53 soboles)
555 944 354 53 absurdissimum
826 944 125 53 esse

105 988 355 52 contendebant,
398 988 313 52 quemadmodum
648 988 251 52 Epiphan.
816 988 125 52 scri

104 1035 144 59 bit,
194 1035 198 59 nimirum
337 1035 108 59 vt
391 1035 144 59 idem
481 1035 90 59 &
517 1035 180 59 natus,
643 1035 90 59 &
679 1035 126 59 non
750 1035 162 59 natus
840 1035 108 59 cre-

107 1083 213 57 deretur.
267 1083 178 57 Natus,
392 1083 142 57 quia
481 1083 196 57 Filius:
623 1083 125 57 non
694 1083 178 57 natus,
819 1083 142 57 quia
890 1083 71 57 v-

95 1132 147 56 nus
179 1132 147 56 cum
263 1132 189 56 Patre
389 1132 210 56 innato
537 1132 189 56 Deus.
663 1132 168 56 Quod
768 1132 147 56 cum
831 1132 126 56 ista

107 1184 252 58 quaestione
305 1184 180 58 nullam
431 1184 198 58 prorsus
575 1184 162 58 habet
683 1184 306 58 cohaerentiam,

114 1236 134 54 vbi
190 1236 115 54 de
248 1236 153 54 modo
344 1236 230 54 loquendi
516 1236 192 54 tantum
650 1236 307 54 disceptatur.
880 1236 77 54 Vt

98 1282 171 53 autem
212 1282 171 53 veram
326 1282 152 53 esse
421 1282 209 53 nostram
574 1282 152 53 hanc
650 1282 304 53 interpretatio-

102 1330 132 53 nem
178 1330 170 53 omnes
291 1330 301 53 intelligant,
536 1330 226 53 ipsummet
705 1330 226 53 Hilarium
856 1330 94 53 lo-

108 1377 208 65 quentem
259 1377 208 65 placide
410 1377 245 65 audiamus.
599 1377 302 65 Contundendae
825 1377 132 65 sunt,

99 1424 187 57 inquit,
235 1424 136 57 ergo
320 1424 239 57 insolentes
508 1424 204 57 aduersus
661 1424 136 57 Deum
729 1424 222 57 disputatio-

103 1477 143 51 nes,
192 1477 89 51 &
228 1477 250 51 destruenda
424 1477 214 51 rationum
585 1477 232 51 fallacium
745 1477 214 51 munimenta,

99 1522 88 51 &
135 1522 193 51 eleuata
275 1522 105 51 ad
328 1522 246 51 impietatem
521 1522 193 51 ingenia
661 1522 263 51 conterenda.
855 1522 105 51 Haec

110 1571 145 57 qualia
212 1571 116 57 sint
285 1571 174 57 explicas
416 1571 131 57 paulo
503 1571 116 57 post
575 1571 145 57 addit,
677 1571 145 57 cesset
764 1571 189 57 itaqesolici

106 1620 119 62 tudo
180 1620 208 62 perfidiae,
343 1620 119 62 nea,
417 1620 148 62 negare
521 1620 104 62 nos
580 1620 133 62 (quia
669 1620 148 62 ipsano
758 1620 193 62 intelligit)

112 1671 213 57 existimet,
279 1671 122 57 quod
356 1671 137 57 solum
447 1671 76 57 a
478 1671 137 57 nobis
569 1671 122 57 bene
645 1671 244 57 intelligitur
843 1671 76 57 &
859 1671 91 57 cre-

110 1721 170 58 ditur.
229 1721 102 58 Na
280 1721 136 58 ipsa
366 1721 204 58 sermonum
519 1721 290 58 enuntiatione,
758 1721 136 58 quum
843 1721 153 58 natum
