1279 2036
402 101 94 76 Si
449 101 188 76 fruitur.
591 101 188 76 Augusti.
732 101 126 76 cap.
811 101 110 76 sx.
873 101 126 76 lib.
952 101 94 76 I.
983 101 173 76 Doctrinae

303 165 184 58 Christ.
437 165 134 58 duas
521 165 151 58 huius
621 165 134 58 suae
705 165 218 58 sentetiae
872 165 201 58 rationes
1006 165 151 58 affert.

306 216 185 52 Primam
436 216 111 52 ex
492 216 130 52 Dei
566 216 185 52 ipsius
695 216 204 52 natura,
843 216 130 52 qui
917 216 148 52 quum
1010 216 130 52 sit
1065 216 93 52 lux

299 258 325 64 splendidissima,
573 258 239 64 caeteraque
761 258 257 64 illustrans,
966 258 188 64 nostro,
1086 258 86 64 aut

307 310 177 66 vllius
431 310 212 66 alterius
591 310 124 66 rei
661 310 177 66 nitore
785 310 124 66 non
856 310 159 66 eget.
962 310 142 66 Hanc
1033 310 124 66 prae-

296 370 213 52 termisit
456 370 159 52 iste.
562 370 177 52 Altera
686 370 230 52 Augustini
863 370 159 52 ratio
969 370 195 52 ducitur
1093 370 71 52 ab

305 409 235 65 autoritate
490 409 118 65 Ps.
557 409 118 65 Io.
624 409 134 65 quae
708 409 118 65 huc
776 409 252 65 transcripta
977 409 134 65 est.
1044 409 118 65 Quic-

303 452 158 63 quid
402 452 158 63 enim
501 452 178 63 bonum
620 452 218 63 nostrum
778 452 158 63 est,
877 452 119 63 id
936 452 158 63 est,
1016 452 139 63 Bonum

307 510 125 63 quo
379 510 197 63 egemus,
522 510 161 63 illud
629 510 125 63 est
700 510 125 63 vel
772 510 143 63 Deus
861 510 161 63 ipse,
968 510 161 63 nempe
1058 510 107 63 sum-

300 551 137 62 mum
379 551 215 62 nostrum
535 551 195 62 bonum:
671 551 137 62 vel
749 551 98 62 a
788 551 156 62 Deo,
886 551 195 62 qualia
1003 551 156 62 caete-

304 611 186 48 rabona
435 611 205 48 nostra.
583 611 112 48 Ex
639 611 130 48 qua
714 611 149 48 ipsa
807 611 279 48 definitione
1030 611 93 48 a
1048 611 112 48 con-

303 658 202 58 trariis
449 658 128 58 iam
523 658 312 58 intelligitur,
779 658 147 58 quum
871 658 165 58 illud
981 658 165 58 omne,
1072 658 92 58 quo

310 701 130 62 vel
385 701 205 62 vtimur,
534 701 130 62 vel
608 701 223 62 fruimur,
775 701 130 62 sit
850 701 93 62 a
887 701 149 62 Deo,
980 701 130 62 vel
1036 701 130 62 Deuo-

301 750 156 52 Deum
399 750 176 52 ipsum
516 750 176 52 nobis
634 750 195 52 minime
770 750 176 52 frui,
888 750 137 52 sed
966 750 176 52 neque
1063 750 98 52 no-

304 791 154 58 stris
407 791 171 58 rebus,
527 791 189 58 nobisve
664 791 171 58 egere,
784 791 137 58 quod
870 791 120 58 Ps.
938 791 189 58 docuit.
1058 791 103 58 Haec

302 844 178 59 igitur
427 844 285 59 Augustiniana
658 844 231 59 sententia
836 844 125 59 hic
907 844 196 59 obscura
1049 844 142 59 est,

304 895 103 49 id
355 895 137 49 est,
441 895 103 49 in
492 895 137 49 ista
578 895 171 49 lacuna
698 895 205 49 turbida:
852 895 103 49 in
903 895 137 49 ipso
989 895 154 49 tamen
1074 895 86 49 Au-

304 938 252 67 gustiniano
502 938 162 67 fonte
610 938 198 67 limpida
754 938 90 67 &
790 938 162 67 clara
880 938 144 67 lucet.

348 980 94 84 2
386 980 150 84 Omne
480 980 150 84 enim
574 980 188 84 bonum.
705 980 113 84 Ex
762 980 207 84 August.
912 980 150 84 cap.
1006 980 132 84 2I.
1062 980 94 84 li-

299 1025 119 79 bro
367 1025 102 79 I.
418 1025 102 79 de
469 1025 170 79 Doctr.
572 1025 153 79 Christ.

412 1076 111 65 Sed
475 1076 142 65 neque
570 1076 127 65 sic.
650 1076 111 65 Iam
713 1076 142 65 istud
808 1076 95 65 ex
855 1076 127 65 cap.
934 1076 111 65 92.
982 1076 174 65 trasscri-

308 1129 157 69 ptum
407 1129 157 69 est.
505 1129 138 69 Hoc
583 1129 157 69 enim
682 1129 275 69 Augustinus
898 1129 236 69 proponit
1055 1129 98 69 hy-

309 1182 229 62 pophorae
481 1182 229 62 cuiusdam
653 1182 153 62 IÏoq
749 1182 153 62 quum
844 1182 191 62 negari
978 1182 134 62 non
1035 1182 115 62 pos-

304 1240 122 60 sit
373 1240 140 60 Deum
461 1240 175 60 nobis,
583 1240 87 60 &
618 1240 157 60 aliis
723 1240 157 60 rebus
827 1240 140 60 vti.
915 1240 140 60 Ergo
1002 1240 140 60 fuit
1072 1240 87 60 ex-

310 1275 231 64 plicandum,
476 1275 99 64 quae

303 1322 253 74 differentia
489 1322 84 74 sit

566 1272 187 88 inter
691 1272 271 88 &Nostrum,

692 1323 94 65 l
730 1323 131 65 Dei
805 1323 188 65 ipsius
918 1323 131 65 vsum.

360 1367 210 91 Videtur
512 1367 171 91 autem
627 1367 248 91 constitui
817 1367 248 91 discrimen
989 1367 171 91 triplex

299 1414 177 74 inter
418 1414 236 74 vtrunque
575 1414 138 74 vsum.

413 1463 147 71 Deus
505 1463 202 71 propter
652 1463 221 71 seipsur.
817 1463 92 71 :
854 1463 110 71 i.
909 1463 110 71 ad
964 1463 147 71 suam
1037 1463 129 71 boni-

302 1529 186 59 tatem,
433 1529 261 59 potentiam,
638 1529 93 59 &
675 1529 261 59 sapientiam
880 1529 317 59 patefaciendam

298 1567 164 69 rebus
407 1567 91 69 a
443 1567 109 69 se
498 1567 200 69 creatis
643 1567 200 69 vtitur.
789 1567 164 69 Summa
898 1567 145 69 enim
970 1567 182 69 dignatio

305 1611 143 76 Dei,
394 1611 232 76 potentia,
573 1611 268 76 sapienitia,
787 1611 89 76 &
823 1611 286 76 misericordia
1037 1611 125 76 appa-

303 1664 197 64 reterga
446 1664 125 64 res
518 1664 143 64 eas,
607 1664 179 64 quibus
733 1664 125 64 vti
804 1664 233 64 dignatur.
983 1664 125 64 Nos
1037 1664 125 64 autem

298 1720 190 71 propter
436 1720 138 71 Deum
522 1720 155 71 illis
625 1720 155 71 ipsis
729 1720 155 71 rebus
832 1720 190 71 vtimurd
970 1720 103 71 i.
1022 1720 103 71 vt
1057 1720 103 71 illi
