1266 2037
82 111 137 63 mis
161 111 236 63 audacem,
338 111 255 63 temperans
534 111 236 63 Durandus
710 111 137 63 sic
789 111 157 63 ait,
867 111 79 63 A-

94 164 247 57 liquantulum
291 164 148 57 magis
390 164 181 57 propria
521 164 197 57 loquutio
669 164 132 57 est,
752 164 165 57 Filius
850 164 99 57 sem-

83 215 133 60 per
159 215 171 60 natus
273 215 152 60 est.
367 215 171 60 Opera
481 215 152 60 enim
576 215 227 60 Deitatis
746 215 114 60 ad
784 215 171 60 intra,.

96 267 165 62 quale
205 267 128 62 est
279 267 238 62 generare,
461 267 238 62 generari,
644 267 219 62 emanare,
809 267 146 62 sunt
900 267 91 62 &

86 313 221 62 aeterna,
251 313 92 62 &
288 313 239 62 perpetua,
472 313 92 62 &
509 313 184 62 semper
638 313 239 62 manentia,
822 313 129 62 vti
877 313 74 62 i-

87 360 126 63 psa
159 360 180 63 deitas
285 360 126 63 sui
357 360 180 63 semper
483 360 198 63 similis
628 360 144 63 est,
718 360 90 63 &
754 360 144 63 vna,
844 360 90 63 &
862 360 90 63 ea-

93 416 164 47 dem.
196 416 205 47 Itaque
340 416 103 47 &
381 416 164 47 vere
484 416 103 47 &
525 416 226 47 commode
689 416 246 47 dicitur,
853 416 103 47 Pa-

98 469 125 44 ter
170 469 179 44 genuit
295 469 179 44 Filium
419 469 89 44 :
455 469 89 44 &
491 469 161 44 Pater
598 469 196 44 generat
741 469 196 44 Filium.
866 469 89 44 De-

96 507 170 64 nique
209 507 151 64 quod
304 507 189 64 capite
436 507 189 64 octauo
568 507 170 64 verba
682 507 170 64 haec,
776 507 170 64 Genera-

100 555 153 58 tionem
207 555 123 58 eius
283 555 123 58 quis
360 555 214 58 enarrabit.
529 555 107 58 Is.
590 555 107 58 qg.
651 555 168 58 versic.
774 555 92 58 8.
819 555 92 58 ab
850 555 92 58 isto

94 603 109 51 de
148 603 253 51 natiuitate
347 603 163 51 Filij
456 603 199 51 aeterna
600 603 271 51 accipiuntur
799 603 145 51 (quan-

96 649 162 61 quam
197 649 242 61 veteres,
379 649 141 61 vti
459 649 263 61 monuimus,
661 649 222 61 quosdam
803 649 141 61 asti-

100 696 254 58 pulatores
296 696 293 58 habeD)tamen
531 696 176 58 aliam
648 696 215 58 prorsus
785 696 156 58 mentem

90 744 208 51 habent,
242 744 95 51 &
279 744 114 51 ad
336 744 265 51 perpetuam.
544 744 208 51 Christi
696 744 170 51 vitam
809 744 114 51 ac
847 744 95 51 du-

98 793 221 57 rationem
263 793 165 57 regni
373 793 184 57 illius
502 793 165 57 (quae
612 793 147 57 post
686 793 257 57 resurrectio-

91 842 143 52 nem
172 842 204 52 maxime
315 842 224 52 coepit)
478 842 285 52 pertinent.
702 842 143 52 Vox
784 842 163 52 enim
865 842 82 52 an

139 901 142 42 Dor,
228 901 106 42 vt
281 901 106 42 ex
334 901 159 42 eodem
440 901 159 42 Isaia
547 901 177 42 capite
671 901 124 42 S8.
742 901 159 42 Vers.
830 901 71 42 I2

186 936 221 76 apparet,
351 936 276 76 natiuitatem
573 936 129 76 aut
628 936 221 76 generatio-

247 984 136 73 nem
324 984 194 73 minime
460 984 290 73 significat.
673 984 136 73 Atque

302 1032 138 58 ista
388 1032 208 58 breuiter
544 1032 104 58 in
578 1032 156 58 Distin-

354 1082 207 63 ctionem
505 1082 151 63 hanc
580 1082 94 63 no-

400 1133 149 62 nam
464 1133 149 62 dicta

419 1181 168 64 sunto.
