1287 2037
116 117 220 68 facilius
281 117 184 68 postea
410 117 239 68 seruiam:.
593 117 147 68 Ergo
685 117 165 68 nullo
795 117 147 68 bono
869 117 110 68 suo,

123 177 110 61 ld
178 177 146 61 est,
269 177 128 61 non
342 177 110 61 ex
397 177 146 61 vlla
489 177 183 61 inopia
617 177 110 61 is
672 177 183 61 vtitur
800 177 165 61 Deus:
891 177 92 61 nos

121 228 185 59 autem,
250 228 92 59 &
287 228 185 59 nostro
416 228 166 59 bono,
527 228 92 59 &
564 228 111 59 ad
620 228 129 59 Dei
694 228 185 59 ipsius
805 228 166 59 gloria.

263 272 156 56 Deus
360 272 176 56 nulla
477 272 293 56 necessitate
711 272 254 56 compulsus
887 272 98 56 aut

121 317 205 68 ἁδυναμα,
275 317 120 68 iis
343 317 137 68 reb)
429 317 188 68 vtitur,
566 317 171 68 vtpote
686 317 120 68 qui
754 317 171 68 absque
857 317 120 68 illis

124 375 139 61 eadem
216 375 139 61 plane
309 375 186 61 efficere
448 375 170 61 possit,
572 375 124 61 quae
649 375 139 61 illis
742 375 263 61 interpositis,

121 420 166 67 ltaque
238 420 116 67 eae
304 420 133 67 sunt
387 420 166 67 tantum
503 420 183 67 οpλανaα
636 420 183 67 electa,
769 420 83 67 &
785 420 183 67 praepara-

123 470 125 60 ta,
194 470 160 60 nempe
301 470 196 60 ratione
444 470 142 60 Dei:
533 470 160 60 nullo
640 470 160 60 autem
746 470 142 60 modo
818 470 160 60 caussae

122 515 255 57 necessariae.
330 515 112 57 Nos
393 515 144 57 autem
489 515 112 57 iis
553 515 160 57 rebus,
665 515 160 57 veluti
776 515 160 57 cibis,
872 515 96 57 vti-

117 567 117 53 mur
184 567 100 53 ex
234 567 251 53 necessitate
435 567 84 53 &
468 567 267 53 consequentis
685 567 84 53 &
702 567 267 53 consequentiae.

116 614 112 59 Na
172 614 131 59 iis
247 614 187 59 omnino
378 614 205 59 egemus,
527 614 187 59 quales
658 614 187 59 quidem
770 614 205 59 naturasu-

117 668 137 57 mus.
203 668 171 57 Itaque
323 668 171 57 nostri
443 668 189 57 ratione
580 668 120 57 non
648 668 171 57 tantum
768 668 120 57 sut
820 668 154 57 organa,

116 718 108 54 sed
177 718 77 54 &
208 718 169 54 caussae
331 718 247 54 efficientes,
532 718 77 54 &
562 718 154 54 eaedem
670 718 139 54 nobis
763 718 231 54 necessariae

157 764 91 50 s
193 764 146 50 Deus
285 764 164 50 rebus
394 764 201 50 omnibus
540 764 128 50 pro
613 764 164 50 suis,
723 764 201 50 iureque
850 764 110 50 ple-

117 814 102 44 ni
168 814 188 44 dominij
305 814 222 44 liberrime
476 814 188 44 vtitur,
612 814 171 44 vtpote
732 814 120 44 qui
800 814 120 44 iis
851 814 120 44 singu

114 855 117 66 lis
181 855 101 66 το
232 855 134 66 cυuς
315 855 201 66 dederit,
466 855 168 66 easque
584 855 218 66 conseruet
751 855 84 66 &
768 855 201 66 sustentet.

115 905 126 53 Nos
187 905 163 53 autem
296 905 217 53 precario
458 905 199 53 tantum,
603 905 163 53 idque
711 905 108 53 ab
765 905 126 53 eo,
838 905 90 53 &
856 905 108 53 qua-

118 956 176 65 tenus,
242 956 176 65 quoque
365 956 141 65 modo
453 956 141 65 ille
542 956 229 65 concedit.
718 956 141 65 Gen.
806 956 106 65 9.
842 956 123 65 Vers-

115 1002 101 62 2.
166 1002 101 62 I.
216 1002 184 62 Timoth.
350 1002 101 62 4.
400 1002 184 62 Verse4,
534 1002 101 62 vt
585 1002 101 62 ex
635 1002 184 62 feripta
769 1002 151 62 nobis
869 1002 101 62 ab
903 1002 67 62 eo

119 1044 174 75 regula
240 1044 156 75 plane
344 1044 122 75 sit
414 1044 122 75 iis
483 1044 208 75 vtendum,
639 1044 156 75 neque
744 1044 191 75 aliter,
865 1044 87 75 ne-

115 1095 132 61 que
191 1095 189 61 latius
323 1095 170 61 neque
437 1095 227 61 lautius.
607 1095 189 61 Primum
739 1095 189 61 tantum
853 1095 113 61 vsum

122 1146 195 64 attigit
246 1146 160 64 August.

252 1191 144 70 Isse
342 1191 162 70 enim.
450 1191 198 70 Sumptus
594 1191 162 70 locus
701 1191 108 70 ex
755 1191 144 70 eod.
827 1191 144 70 libro,

115 1251 145 46 cap.
206 1251 127 46 2o.
278 1251 109 46 in
332 1251 145 46 fine
423 1251 109 46 ab
477 1251 236 46 Augustini
659 1251 163 46 tamen
768 1251 163 46 mente
858 1251 109 46 lon-

113 1294 213 56 gissime
267 1294 252 56 detortus.
461 1294 271 56 Augustinus
674 1294 155 56 enim
771 1294 135 56 ibi
829 1294 135 56 docet

105 1340 150 58 quid
199 1340 224 58 dilectio
367 1340 187 58 nostra
498 1340 150 58 erga
591 1340 224 58 proximum
759 1340 224 58 differat
909 1340 56 58 a

111 1392 254 49 dilectione
310 1392 127 49 Dei
383 1392 145 49 erga
473 1392 145 49 nos.
564 1392 127 49 Hic
637 1392 236 49 intorquet
818 1392 127 49 itr
872 1392 91 49 eum

105 1439 209 66 sensum,
257 1439 114 66 vt
314 1439 190 66 doceat
446 1439 190 66 nullum
579 1439 152 66 esse
674 1439 171 66 inter
768 1439 190 66 vtranque

112 1482 241 57 discrimen:
301 1482 207 57 siquidem
456 1482 138 57 iste
542 1482 103 57 ex
594 1482 120 57 hoc
662 1482 138 57 loco
749 1482 189 57 nititur
869 1482 86 57 ef-

99 1536 195 54 ficere
235 1536 156 54 Deum
332 1536 214 54 propter
488 1536 156 54 suam
586 1536 253 54 bonitatem
781 1536 175 54 nobis
878 1536 78 54 v-

110 1582 121 69 ti,
179 1582 87 69 &
214 1582 121 69 nos
283 1582 173 69 quoque
404 1582 156 69 alios
508 1582 156 69 aliis
612 1582 121 69 vti
681 1582 190 69 propter
820 1582 173 69 eandem

101 1621 122 67 Dei
170 1621 244 67 bonitatem.
362 1621 157 67 Quare
467 1621 105 67 ex
520 1621 140 67 isto
607 1621 140 67 loco
694 1621 157 67 nulla
799 1621 122 67 est
851 1621 105 67 sta-

98 1687 175 50 tuenda
221 1687 263 50 differentia
431 1687 158 50 inter
537 1687 158 50 istas
642 1687 280 50 dilectiones:
852 1687 105 50 vnde

107 1731 183 76 omnino
235 1731 183 76 aliud,
363 1731 146 76 quam
454 1731 146 76 Aug.
546 1731 201 76 voluit,
692 1731 128 76 hic
747 1731 219 76 efficitur.
