1264 2028
321 111 193 75 pendis
456 111 193 75 Patrum
591 111 193 75 dictis
707 111 270 75 testimonium:

366 172 95 57 2
404 172 115 57 In
461 172 210 57 omnibus
614 172 134 57 est
691 172 248 57 aequalis.
881 172 134 57 Hic
958 172 172 57 habet
1053 172 134 57 locum

325 223 148 63 vetus
423 223 165 63 illud,
539 223 132 63 ἐδον
621 223 132 63 κρoς
704 223 148 63 iπoς.
803 223 181 63 Frustra
935 223 148 63 enim,
1034 223 148 63 atque
1116 223 66 63 e-

330 274 140 54 tiam
417 274 192 54 praeter
557 274 175 54 sensum
679 274 244 54 Augustini,
871 274 140 54 haec
958 274 175 54 ipsius
1063 274 122 54 verba

317 322 218 50 citantur.
485 322 134 50 Iste
569 322 151 50 vtrum
669 322 117 50 sit
736 322 201 50 Spiritus
887 322 184 50 sanctus
1004 322 168 50 charitas

322 370 139 63 illa
408 370 156 63 mutua
512 370 173 63 Patris
634 370 87 63 &
668 370 173 63 Filij,
790 370 208 63 quaerit:
946 370 260 63 Augustinus,

322 415 186 58 vtrum
446 415 165 58 quae
550 415 227 58 diuinam
715 415 268 58 essentiam
921 415 289 58 designant,

320 463 164 50 aeque
429 463 109 50 de
484 463 164 50 Patre
593 463 91 50 &
630 463 164 50 Filio
739 463 237 50 dicantur.
921 463 219 50 charitas
1067 463 91 50 ve-

318 512 109 56 ro
372 512 164 56 neque
481 512 236 56 essentiae
663 512 200 56 diuinae
809 512 309 56 significatio,
1045 512 127 56 neque

311 558 188 57 nomen
416 558 125 57 est.

490 647 230 73 AD
605 647 306 73 CAP.
758 647 191 73 VII

425 697 300 81 VNITATEM
650 697 300 81 Spiritus
876 697 150 81 in
926 697 250 81 vinculo.

306 764 175 56 Locus
422 764 214 56 sumptus
578 764 117 56 ex
636 764 253 56 Augustini
830 764 175 56 libro
947 764 117 56 &.
1005 764 117 56 de
1044 764 117 56 Tri-

306 829 210 46 nitate,
458 829 191 46 capite
592 829 114 46 s.
649 829 133 46 vbi
725 829 210 46 quaedam
878 829 172 46 addit
992 829 153 46 idem
1069 829 95 46 Au-

312 866 249 61 gustinus.
503 866 134 61 Sic
580 866 153 61 enim
675 866 172 61 habet
790 866 249 61 Seruantes
982 866 230 61 vnitatem

319 912 208 61 Spiritus
475 912 104 61 in
527 912 191 61 vinculo
666 912 174 61 pacis.
787 912 139 61 Quod
874 912 191 61 imitari
1013 912 121 61 per
1065 912 104 61 gra-

316 965 174 50 tiam,
432 965 97 50 &
470 965 116 50 ad
528 965 155 50 Deum
625 965 193 50 ipsum,
761 965 97 50 &
799 965 116 50 ad
857 965 135 50 nos
935 965 174 50 ipsos
1032 965 135 50 iube-

314 1017 156 51 mur.
412 1017 234 51 Caeterum
588 1017 176 51 verba
705 1017 176 51 haec,
822 1017 254 51 Seruantes
998 1017 156 51 vnita-

309 1056 125 59 tem
381 1056 215 59 Spiritus
542 1056 107 59 in
596 1056 197 59 vinculo
739 1056 179 59 pacis,
864 1056 143 59 sunt
954 1056 107 59 ex
990 1056 179 59 epistola

308 1104 161 64 Pauli
415 1104 107 64 ad
469 1104 232 64 Ephescos,
648 1104 179 64 capite
773 1104 107 64 4.
826 1104 197 64 Versic.
969 1104 107 64 s.
1023 1104 143 64 Quae
1095 1104 71 64 ex

305 1160 259 59 Augustino
504 1160 259 59 Lombardus
703 1160 119 59 ad
763 1160 139 59 hoc
843 1160 239 59 inducit,
1022 1160 119 59 vt
1061 1160 100 59 Pa-

313 1206 135 61 ter,
398 1206 85 61 &
432 1206 169 61 Filius
550 1206 152 61 inter
651 1206 102 61 se
702 1206 220 61 concordes
871 1206 135 61 esse
939 1206 220 61 intelligan-

308 1249 133 70 tur
384 1249 285 70 interuentum
612 1249 228 70 Spiritus
783 1249 209 70 sancti:
916 1249 247 70 quemadmodum

310 1305 213 70 homines
465 1305 136 70 pij
542 1305 174 70 inter
658 1305 116 70 se
716 1305 232 70 vnitatem
891 1305 97 70 &
930 1305 271 70 concordiam

309 1351 164 67 veram
418 1351 182 67 colunt
545 1351 109 67 ac
600 1351 218 67 retinent
763 1351 200 67 eiusdem
909 1351 218 67 Spiritus
1054 1351 109 67 san-

305 1402 139 48 cti
385 1402 119 48 vi
444 1402 99 48 &
484 1402 338 48 inspiratione.
762 1402 278 48 Verumtamen
980 1402 139 48 non
1040 1402 119 48 tan-

310 1445 119 53 tum
378 1445 170 53 aliena
497 1445 119 53 est
565 1445 85 53 a
599 1445 153 53 mente
701 1445 153 53 Pauli
802 1445 136 53 haec
887 1445 170 53 istius
1006 1445 136 53 loci
1074 1445 85 53 in-

301 1491 322 57 terpretatio,
562 1491 141 57 sed
643 1491 181 57 etiam
764 1491 201 57 omnino
904 1491 302 57 periculosam

302 1549 183 56 quoque
430 1549 165 56 esse,
540 1549 146 56 quum
631 1549 110 56 ad
686 1549 220 56 vnitatem
851 1549 146 56 eam,
942 1549 146 56 quae
1034 1549 128 56 est
1089 1549 73 56 in

298 1591 130 49 ter
373 1591 186 49 Patrem
503 1591 93 49 &
540 1591 205 49 Filium,
689 1591 242 49 refertur,
875 1591 167 49 docet
987 1591 149 49 idem
1061 1591 93 49 Au-

306 1640 171 63 gusti.
425 1640 119 63 qui
494 1640 102 63 in
545 1640 154 63 sermo
647 1640 102 63 de
698 1640 222 63 Blasphem.
869 1640 188 63 Spirit.
1005 1640 188 63 sancti,

303 1697 228 52 germanum
474 1697 171 52 huius
588 1697 152 52 loci
683 1697 190 52 sensum
816 1697 247 52 afferens,
1006 1697 133 52 sic
1063 1697 95 52 ex-

302 1740 190 69 plicat,
440 1740 103 69 vt
491 1740 103 69 ad
543 1740 121 69 eam
612 1740 224 69 societate
785 1740 241 69 pertineat,
974 1740 138 69 quae
1043 1740 121 69 inter
