1266 2024
101 109 215 62 homines
258 109 176 62 ipsos
375 109 156 62 est,
472 109 137 62 non
550 109 176 62 autem
667 109 176 62 inter
765 109 195 62 personas

111 161 212 58 diuinas,
271 161 106 58 id
324 161 142 58 est,
412 161 142 58 quae
501 161 159 58 nobis
607 161 124 58 cum
678 161 212 58 vniuersa
819 161 142 58 primum

104 226 206 51 ecclesia
258 226 137 51 esse
344 226 172 51 debet:
465 226 172 51 deinde
585 226 137 51 quae
671 226 155 51 mutua
774 226 120 51 est
826 226 137 51 singu-

101 258 168 54 lorum
213 258 168 54 inter
325 258 149 54 nos.
418 258 112 54 Vt
474 258 149 54 enim
567 258 112 54 in
623 258 130 54 vno
697 258 205 54 Spiritu
828 258 130 54 omnes

101 311 115 61 in
158 311 153 61 vnum
254 311 191 61 corpus
388 311 249 61 baptixati
579 311 191 61 sumus,
713 311 115 61 vt
771 311 172 61 omnes
866 311 96 61 vna

103 367 249 57 potatione
294 367 191 57 potati
428 367 172 57 sumus
543 367 115 57 in
600 367 153 57 vnum
696 367 249 57 Spiritum:
868 367 96 57 ita

113 401 151 61 vnum
208 401 170 61 inter
321 401 133 61 nos
397 401 151 61 esse
492 401 227 61 debemus,
662 401 170 61 fide,
757 401 208 61 consensu,

111 451 242 61 charitate,
301 451 208 61 affectu,
457 451 104 61 vt
509 451 156 61 docet
613 451 173 61 Paulus
734 451 190 61 Philip.
872 451 104 61 2.
907 451 52 61 &

113 503 259 50 Colossia2.
317 503 148 50 Ver.
410 503 130 50 I4.
484 503 148 50 Quae
576 503 241 50 consensio
761 503 93 50 &
780 503 185 50 animorum

113 555 271 57 coniunctio
325 555 116 57 vt
383 555 174 57 inter
499 555 135 57 nos
576 555 309 57 conseruetur,
828 555 174 57 pacem

114 601 179 62 quoque
239 601 161 62 inter
347 601 125 62 nos
418 601 215 62 retinere
579 601 215 62 oportet,
740 601 197 62 quoniam
866 601 89 62 pax

108 648 123 66 est
179 648 176 66 istius
302 648 176 66 tantae
425 648 247 66 concordiae
619 648 229 66 vinculum.
795 648 141 66 Quia
866 648 88 66 ve-

100 692 117 66 ro
159 692 254 66 huiusmodi
354 692 234 66 animarum
530 692 195 66 vnitas
666 692 117 66 ac
725 692 254 66 consensus
900 692 59 66 a

110 743 186 61 Spiritu
245 743 169 61 sancto
364 743 101 61 in
414 743 152 61 nobis
516 743 237 61 efficitur,
702 743 186 61 dicitur
820 743 135 61 Vnitas

109 788 229 59 Spiritus,
286 788 229 59 idiotismo
462 788 229 59 Hebraico,
639 788 141 59 quia
727 788 159 59 huius
815 788 141 59 amoris

111 838 152 65 causa
213 838 85 65 &
246 838 135 65 fons
331 838 118 65 est
399 838 135 65 ipse
483 838 203 65 Spiritus
636 838 135 65 Dei.
720 838 203 65 Quanquam
855 838 102 65 alij

111 881 182 63 vocem
232 881 243 63 Spiritus
414 881 162 63 apud
515 881 202 63 Paulum
657 881 142 63 pro
738 881 182 63 animo
839 881 121 63 sim-

113 938 198 65 pliciter
262 938 232 65 accipiunt,
444 938 99 65 vt
494 938 165 65 Vnitas
610 938 198 65 Spiritus
759 938 182 65 perinde
874 938 83 65 so-

110 985 127 70 net
182 985 163 70 atque
291 985 181 70 Vnitas
418 985 127 70 seu
490 985 254 70 coniunctio
689 985 235 70 animorum.
852 985 109 70 Hunc

104 1029 201 55 igitur
245 1029 121 55 ex
305 1029 201 55 Ephes:
446 1029 241 55 epistola
626 1029 181 55 locum
747 1029 121 55 ad
787 1029 181 55 hominum

107 1086 211 60 piorum
255 1086 190 60 inter
381 1086 127 60 se
445 1086 317 60 concordiam:
698 1086 148 60 non
782 1086 190 60 autem
888 1086 84 60 ad

111 1133 195 57 Patris
248 1133 98 57 &
287 1133 176 57 Filij
404 1133 176 57 pacem
522 1133 273 57 referendum
737 1133 156 57 esse
834 1133 176 57 etiam

102 1170 100 63 in
152 1170 100 63 eo
202 1170 133 63 ipso
286 1170 167 63 capite
402 1170 100 63 g.
452 1170 133 63 lib.
536 1170 100 63 6.
586 1170 100 63 de
636 1170 233 63 Trinitate,
802 1170 167 63 admonuit

108 1226 210 70 diserte
260 1226 248 70 Augustin.
451 1226 153 70 quum
547 1226 229 70 addidit,
718 1226 153 70 Quod
794 1226 172 70 imitari

105 1274 237 66 iubemur.
283 1274 177 66 Neque
401 1274 256 66 confirmat
598 1274 158 66 hanc
697 1274 237 66 Lombardi
854 1274 99 66 in-

110 1326 336 64 terpretationem,
393 1326 141 64 quod
482 1326 124 64 ait
552 1326 212 64 Christus
711 1326 141 64 Ioan
800 1326 124 64 17.
853 1326 106 64 Ver-

107 1375 123 63 XI.
178 1375 123 63 Nos
248 1375 123 63 sic
318 1375 158 63 inter
423 1375 123 63 nos
494 1375 140 63 vnum
581 1375 140 63 esse
669 1375 193 63 debere,
792 1375 158 63 quemad-

106 1423 171 52 modum
220 1423 152 52 ipse
315 1423 95 52 &
354 1423 171 52 Pater
468 1423 152 52 vnum
563 1423 171 52 sunt.
677 1423 152 52 Alio
773 1423 152 52 enim
849 1423 114 52 spe-

105 1467 147 66 ctat
197 1467 147 66 ille
289 1467 202 66 Ioannis
436 1467 184 66 locus,
564 1467 147 66 quam
656 1467 110 66 vt
712 1467 147 66 sic,
785 1467 184 66 eodemque

102 1516 173 61 modo
210 1516 346 61 consensionem
491 1516 195 61 inter
621 1516 216 61 Patrem
772 1516 108 61 &
794 1516 173 61 Filium

107 1564 172 66 ipsum
221 1564 191 66 effici
355 1564 305 66 existimemus,
603 1564 134 66 quo
680 1564 172 66 inter
794 1564 134 66 nos
851 1564 115 66 pios

104 1626 265 51 gignitur.
308 1626 184 51 Nullo
430 1626 163 51 enim
532 1626 367 51 interueniente,
817 1626 143 51 nullo

104 1662 314 59 conciliante,
359 1662 176 59 nullo
477 1662 157 59 alio
575 1662 314 59 pacificante:
830 1662 137 59 sed
889 1662 78 59 ob

97 1716 248 76 vnitatem
283 1716 372 76 identitatemque
593 1716 269 76 essentiae
800 1716 186 76 Pater
903 1716 62 76 &
