1270 2037
119 118 148 60 bolum
217 118 131 60 quod
299 118 99 60 in
349 118 148 60 missa
447 118 214 60 cantatur,
612 118 164 60 editum
727 118 99 60 in
776 118 164 60 Niceno
874 118 99 60 con-

124 166 157 60 cilio:
234 166 94 60 in
281 166 126 60 fine
360 166 141 60 cuius
454 166 220 60 subiunctum
627 166 126 60 est,
705 166 110 60 Qui
768 166 141 60 aliud
846 166 126 60 docue-

119 225 129 49 rit,
199 225 113 49 vel
264 225 161 49 aliter
376 225 289 49 praedicauerit,
617 225 193 49 anathema
762 225 129 49 sit.
826 225 145 49 Ideoque

127 261 159 58 Graeci
238 261 111 58 nos
302 261 302 58 anathematixatus
556 261 175 58 dicunt,
683 261 127 58 quia
763 261 175 58 dicimus
874 261 95 58 Spi-

117 312 150 54 ritum
217 312 183 54 sanctum
350 312 83 54 a
383 312 150 54 Filio
483 312 233 54 procedere,
666 312 133 54 quod
749 312 116 54 ibi
815 312 116 54 non
865 312 100 54 con-

120 356 198 63 tinetur.
269 356 132 63 Quod
352 356 132 63 enim
435 356 198 63 secundum
584 356 116 63 nos
650 356 116 63 ibi
716 356 198 63 dicitur,
865 356 116 63 Qui
914 356 50 63 a

123 408 142 69 Patre
218 408 190 69 Filioque
361 408 206 69 procedit:
519 408 174 69 alterum
645 408 79 69 a
677 408 174 69 Latinis
804 408 111 69 est
851 408 111 69 addi-

121 454 121 78 tum,
197 454 197 78 scilicet,
333 454 166 78 Filioque.

343 508 280 81 CAP.
483 508 175 81 III

234 573 273 74 Responsio,
448 573 137 74 vbi
507 573 293 74 determinantur

405 629 211 64 praedicta.

157 694 132 65 ROS
232 694 169 65 autem
345 694 150 65 illa
439 694 169 65 verba
552 694 132 65 ita
627 694 320 65 determinamus,
872 694 94 65 Qui

117 738 131 63 aliud
205 738 189 63 docuerit,
350 738 102 63 vel
408 738 145 63 aliter
509 738 261 63 praedicauerit,
727 738 87 63 id
770 738 116 63 est,
828 738 131 63 contra-

124 796 123 48 rium
201 796 200 48 docuerit,
355 796 108 48 vel
416 796 200 48 contrario
571 796 123 48 modo
648 796 277 48 praedicauerit,
864 796 92 48 ana-

118 834 141 56 thema
212 834 125 56 sit.
290 834 141 56 Aliud
384 834 125 56 ergo
462 834 156 56 posuit
572 834 109 56 pro
635 834 203 56 opposito,
791 834 188 56 qualiter
916 834 47 56 &

139 882 202 49 Apostolus
295 882 93 49 in
341 882 186 49 epistola
481 882 93 49 ad
528 882 155 49 Galat.
636 882 93 49 Si
683 882 124 49 quis
761 882 140 49 aliud
838 882 109 49 euan.

124 938 261 58 gelixauerit,
336 938 98 58 id
385 938 131 58 est,
466 938 245 58 contrarium,
662 938 196 58 anathema
809 938 131 58 sit.
874 938 82 58 Non

124 980 145 64 dicit,
225 980 87 64 si
269 980 116 64 quis
341 980 203 64 addiderit.
501 980 102 64 Nam
559 980 87 64 si
602 980 131 64 illud
689 980 174 64 diceret,
805 980 145 64 sibiipsi

127 1023 100 60 vt
177 1023 117 60 ait
244 1023 134 60 Aug.
328 1023 301 60 praeiudicaret,
579 1023 117 60 qui
645 1023 201 60 cupiebat
796 1023 167 60 venire
896 1023 67 60 ad

123 1084 187 56 quosdam,
264 1084 156 56 quibus
373 1084 218 56 scribebat,
544 1084 140 56 sicut
637 1084 93 56 ad
684 1084 187 56 Thessal.
824 1084 93 56 vt
856 1084 93 56 sup-

116 1118 152 71 pleret
222 1118 121 71 quae
298 1118 167 71 illorum
419 1118 136 71 fidei
510 1118 182 71 deerant.
647 1118 106 71 Sed
707 1118 106 71 qui
768 1118 167 71 supplet
874 1118 91 71 quod

123 1169 139 70 minus
215 1169 139 70 erat,
308 1169 154 70 addit:
415 1169 108 70 non
477 1169 123 70 quod
554 1169 170 70 inerat,
678 1169 170 70 tollit.
801 1169 108 70 Qui
847 1169 108 70 autem

118 1219 290 71 praetergreditur
362 1219 137 71 fidei
453 1219 183 71 regulam,
590 1219 107 71 non
651 1219 168 71 incedit
773 1219 91 71 in
819 1219 122 71 via,
880 1219 76 71 sed

118 1274 188 59 recedit
255 1274 86 59 a
289 1274 137 59 via.
374 1274 103 59 Ad
426 1274 171 59 illudb
546 1274 154 59 autem
648 1274 137 59 quod
734 1274 103 59 de
768 1274 188 59 Euangelio

120 1316 210 66 opponunt,
281 1316 242 66 respondemus
475 1316 129 66 ita:
556 1316 129 66 quia
636 1316 113 66 cum
701 1316 145 66 dicat
798 1316 97 66 in
846 1316 97 66 eo
878 1316 65 66 ve

121 1369 149 61 ritas
221 1369 199 61 Spiritum
370 1369 183 61 sanctum
503 1369 83 61 a
536 1369 149 61 Patre
636 1369 232 61 procedere,
818 1369 116 61 non
868 1369 83 61 ad-

125 1409 123 70 dit,
202 1409 139 70 solo,
294 1409 77 70 &
325 1409 123 70 ideo
402 1409 139 70 etiam
495 1409 77 70 a
526 1409 93 70 se
572 1409 201 70 procedere
726 1409 108 70 non
788 1409 154 70 negat:
881 1409 77 70 sed

118 1458 134 68 ideo
202 1458 168 68 Patrem
319 1458 168 68 tantum
437 1458 201 68 nominat,
588 1458 134 68 quia
672 1458 101 68 ad
722 1458 117 68 eum
789 1458 151 68 solet
873 1458 67 68 re

125 1507 137 75 ferre
216 1507 137 75 etiam
308 1507 122 75 quod
384 1507 153 75 ipsius
491 1507 122 75 est,
567 1507 122 75 quia
643 1507 92 75 ab
689 1507 122 75 illo
750 1507 122 75 habet.

346 1555 255 60 CAP.
474 1555 191 60 IIII

173 1599 159 72 Quod
273 1599 199 72 Graeci
412 1599 120 72 in
472 1599 179 72 sensu
591 1599 239 72 nobiscum
751 1599 159 72 conue-

285 1652 160 67 niant,
397 1652 128 67 etsi
477 1652 160 67 verbis
574 1652 192 67 differant.

166 1699 247 80 SCIENDVM
352 1699 144 80 est
434 1699 206 80 tamen,
578 1699 165 80 quod
681 1699 206 80 Graeci
805 1699 144 80 confi
