1248 2032
396 119 147 64 Quum
487 119 165 64 enim.
598 119 202 64 Sumptus
744 119 165 64 locus
854 119 110 64 ex
909 119 147 64 cap.
1001 119 128 64 22.
1056 119 92 64 qui

305 158 121 66 vti
374 158 104 66 ex
426 158 191 66 diuerso
564 158 156 66 loco,
668 158 121 66 ita
738 158 191 66 diuerso
876 158 156 66 plane
980 158 156 66 scopo
1067 158 69 66 ab

294 206 234 59 Augustini
474 206 234 59 sententia
654 206 126 59 hic
727 206 216 59 citatur:
889 206 198 59 adeoque
1015 206 126 59 nullo

291 255 148 64 nexu
384 255 130 64 cum
458 255 241 64 superiore
644 255 185 64 istius
773 255 241 64 sententia
940 255 204 64 cohaeret.

294 309 186 61 lnepte
424 309 167 61 enim,
536 309 167 61 (quum
647 309 204 61 proxime
795 309 223 61 dixerit,
962 309 130 61 nos
1018 309 130 61 aliis

295 360 92 65 &
331 360 165 65 nobis
441 360 165 65 mutuo
551 360 165 65 ipsis
661 360 128 65 vti
735 360 202 65 propter
881 360 128 65 Dei
955 360 220 65 gloriam&

286 402 267 66 bonitatem)
496 402 153 66 nunc
591 402 248 66 subiicit,
782 402 210 66 tanquam
916 402 229 66 superioris

292 453 257 53 sententiae
494 453 275 53 firmamentum
714 453 92 53 &
751 453 239 53 rationem,
934 453 147 53 quia
1026 453 147 53 quum

288 506 176 59 aliorum
416 506 223 59 miseremur,
591 506 192 59 illisque
735 506 239 59 consulimus,
927 506 144 59 eorum
1006 506 128 59 vtili-

287 544 160 74 tatem
394 544 232 74 intuemur.
572 544 214 74 Dicendum
732 544 142 74 enim
821 544 160 74 fuit,
928 544 125 74 Dei
982 544 160 74 gloriam

282 597 234 54 intuemur.
462 597 144 54 Quod
552 597 108 54 ad
606 597 198 54 August.
750 597 144 54 ille
840 597 252 54 distinguit
1020 597 126 54 affe-

283 645 149 65 ctum
377 645 93 65 &
414 645 168 65 finem
526 645 131 65 quo
601 645 168 65 Deus,
713 645 93 65 &
750 645 131 65 quo
825 645 131 65 nos
899 645 149 65 ipsi
993 645 187 65 iisdem

286 697 165 52 rebus
396 697 275 52 consulimus,
615 697 92 52 &
652 697 256 52 praesertim
853 697 238 52 hominib).
1036 697 146 52 Deus

286 749 130 65 iis
361 749 223 65 consulit
528 749 204 65 propter
677 749 149 65 suam
769 749 186 65 tantum
899 749 242 65 bonitatem
1085 749 93 65 &

284 795 306 59 benignitatem,
536 795 144 59 adeo
626 795 108 59 vt
680 795 198 59 seipsum
823 795 108 59 in
877 795 162 59 eorum
985 795 126 59 vsu
1039 795 108 59 pro-

288 843 149 63 prie
382 843 224 63 cogitet.
549 843 131 63 Nos
624 843 168 63 vero,
736 843 168 63 eorum
848 843 224 63 ipsorum,
997 843 149 63 quibus

290 891 252 66 consultum
483 891 232 66 volumus,
658 891 271 66 vtilitatem
871 891 213 66 proxime
1026 891 97 66 &
1045 891 97 66 per

295 941 125 48 se:
367 941 107 48 ex
420 941 268 48 consequenti
635 941 143 48 vero
724 941 161 48 saepe
831 941 197 48 nostram
974 941 143 48 etia
1046 941 89 48 ha-

290 989 165 54 bemus
400 989 147 54 ante
492 989 202 54 oculos.
639 989 184 54 Remote
767 989 147 54 vero
859 989 165 54 etiam
970 989 129 54 Dei
1025 989 110 54 glo-

283 1041 171 54 riam.
397 1041 133 54 Sed
473 1041 152 54 haec
569 1041 133 54 non
645 1041 229 54 explicat
816 1041 133 54 hoc
892 1041 152 54 loco
969 1041 171 54 Lombar-

287 1090 151 60 dus,
382 1090 132 60 nec
457 1090 189 60 ipsius
589 1090 245 60 Augustini
759 1090 170 60 mentem.

409 1131 137 66 ltem
495 1131 137 66 quia
580 1131 154 66 bonus
683 1131 137 66 est.
769 1131 103 66 Ex
820 1131 154 66 eodem
923 1131 137 66 cap.
1009 1131 120 66 32,
1060 1131 86 66 sed

282 1179 158 69 tamen
388 1179 141 69 alio
476 1179 176 69 sensu,
599 1179 193 69 propter
740 1179 281 69 sententiarum
951 1179 193 69 Augustini

284 1229 223 60 μετάῳενν
452 1229 112 60 ab
508 1229 149 60 isto
601 1229 205 60 factam.
750 1229 168 60 Docet
862 1229 149 60 Aug.
955 1229 130 60 cur
1011 1229 130 60 omnia

288 1276 181 63 quibus
414 1276 199 63 vtimur,
559 1276 145 63 sint
649 1276 108 63 ad
703 1276 126 63 Dei
776 1276 199 63 gloriam
920 1276 90 63 &
938 1276 199 63 bonitatem

280 1322 285 70 agnoscendam
508 1322 266 70 referenda,
717 1322 152 70 quia
812 1322 209 70 nimirum
964 1322 152 70 sola
1040 1322 95 70 ip-

275 1371 147 66 sius
367 1371 221 66 bonitate
532 1371 166 66 etiam
642 1371 129 66 nos
716 1371 147 66 ipsi
808 1371 184 66 sumus.
937 1371 166 66 Solus
1029 1371 110 66 enim

280 1417 136 70 Deus
365 1417 153 70 vere,
467 1417 170 70 summe,
586 1417 85 70 &
620 1417 153 70 primo
721 1417 102 70 id
772 1417 119 70 est
840 1417 204 70 τοωζοτον
993 1417 119 70 κας
1044 1417 85 70 vαo

287 1484 148 50 εωντo
385 1484 99 50 κα
435 1484 148 50 iδεως
534 1484 99 50 vt
583 1484 198 50 loquitur
731 1484 198 50 Aristot.
880 1484 132 50 est.
962 1484 115 50 Nos
1012 1484 115 50 eate-

281 1519 133 62 nus,
365 1519 200 62 quatenus
515 1519 133 62 ipse
598 1519 117 62 sui
665 1519 167 62 illius
782 1519 133 62 diat
865 1519 183 62 effecta
999 1519 117 62 pro
1049 1519 83 62 sua

281 1561 212 69 bonitate
440 1561 159 69 nobis
547 1561 283 69 comunicauit.
776 1561 124 69 Hic
847 1561 141 69 aute
936 1561 194 69 affert,
1059 1561 71 69 ve

274 1614 132 69 lut
349 1614 207 69 abrupta
500 1614 94 69 a
537 1614 244 69 superiori
725 1614 244 69 argumento
895 1614 244 69 sententiam.

490 1661 277 71 CAP.
629 1661 208 71 VIII

322 1687 91 99 I
358 1687 163 99 Forte
467 1687 236 99 virtutos.
649 1687 254 99 Augustinus
848 1687 145 99 sic,
939 1687 145 99 Nisi
1012 1687 127 99 forte
