1270 2035
490 107 231 70 AD
606 107 308 70 CAP.
760 107 116 70 V

363 150 92 67 I
399 150 350 67 Inseparabiliter
694 150 129 67 est
768 150 92 67 a
805 150 129 67 me.
878 150 258 67 Hierongmus
1062 150 111 67 con-

319 207 175 67 uertit,
446 207 270 67 Inseparabilis
669 207 111 67 est
732 207 79 67 a
764 207 111 67 me,
812 207 79 67 &c.

359 254 99 70 2
399 254 119 70 Ex
458 254 337 70 consolatione.
736 254 278 70 Hieronymus
955 254 218 70 vertit,
1094 254 79 70 Ma

321 308 135 51 nans
406 308 101 51 de
456 308 270 51 consolatore,
676 308 135 51 quod
760 308 118 51 est
827 308 152 51 longe
929 308 186 51 aptius,
1064 308 84 51 &
1081 308 84 51 ma-

310 354 134 61 gis
386 354 287 61 perspicuum.
616 354 134 61 Iam
692 354 153 61 vero
788 354 153 61 quae
883 354 153 61 apud
979 354 172 61 ipsum
1074 354 96 61 Di-

317 402 186 65 dymum
441 402 268 65 Hieronvmi
647 402 330 65 praeceptorem
916 402 289 65 sequuntur,

312 449 131 63 non
387 449 168 63 erant
499 449 373 63 praetermittenda:
816 449 131 63 nam
891 449 112 63 ne
947 449 168 63 nimis
1040 449 131 63 dilu-

313 497 130 51 tum
388 497 241 51 videretur
573 497 278 51 argumentum,
795 497 148 51 quod
887 497 111 51 ex
943 497 167 51 istis
1035 497 130 51 phra-

314 548 148 49 sibus
412 548 197 49 ducitur,
560 548 98 49 De
609 548 115 49 meo
675 548 213 49 accipiet,
839 548 115 49 non
904 548 82 49 a
937 548 213 49 semeripso
1085 548 82 49 lo-

321 593 202 59 quetur,
467 593 220 59 ostendit
632 593 147 59 idem
724 593 220 59 Didymus,
889 593 220 59 Christum
1036 593 128 59 ipsum

311 640 142 69 hac
392 640 183 69 eadem
514 640 244 69 loquendi
697 640 183 69 forma
819 640 163 69 vsum
920 640 183 69 esse,
1042 640 163 69 quum

307 693 159 47 suam
406 693 119 47 ex
466 693 179 47 Patre
585 693 298 47 emanationem
823 693 298 47 demonstrare
1042 693 119 47 vel-

315 739 141 59 let,
404 739 212 59 Denique,
563 739 124 59 ait
633 739 212 59 Didymus,
792 739 106 59 Ne
845 739 141 59 quis
933 739 124 59 eum
1004 739 88 59 a
1022 739 141 59 Patris

320 792 80 57 &
352 792 144 57 Filij
448 792 223 57 voluntate,
623 792 80 57 &
655 792 208 57 societate
815 792 255 57 discerneret,
1006 792 160 57 scriptum

318 828 125 59 est,
396 828 109 59 non
459 828 125 59 enim
537 828 78 59 a
568 828 203 59 semetipso
725 828 203 59 loquetur,
881 828 109 59 sed
943 828 141 59 sicut
1021 828 141 59 audiet.

328 884 105 63 Cui
388 884 135 63 etiam
478 884 150 63 simile
583 884 90 63 de
628 884 150 63 seipso
733 884 180 63 Saluator
867 884 120 63 ait,
942 884 135 63 sicut
1032 884 150 63 audio,
1122 884 45 63 &

315 932 177 60 iudico:
444 932 80 60 &
476 932 161 60 alibi,
589 932 113 60 Non
653 932 161 60 potest
766 932 161 60 Filius
878 932 161 60 facere
991 932 209 60 quicquam,

318 981 130 73 nisi
399 981 130 73 quod
480 981 179 73 viderit
610 981 162 73 Patrem
724 981 227 73 faciontem.
903 981 146 73 Ioan.
1000 981 97 73 8.
1049 981 81 73 &
1065 981 65 73 S.

507 1044 193 92 Censura
648 1044 105 92 ad
683 1044 263 92 Distinctionem

593 1114 258 75 undecimam.

386 1161 191 76 Praeter
525 1161 156 76 illa,
629 1161 139 76 quae
716 1161 209 76 superius
872 1161 209 76 annotata
1029 1161 139 76 sunt
1098 1161 70 76 in

312 1221 146 63 hanc
403 1221 328 63 Distinctionem,
677 1221 146 63 haec
768 1221 128 63 duo
841 1221 146 63 mihi
932 1221 219 63 videntur
1078 1221 91 63 ob-

319 1271 256 67 seruanda.
516 1271 197 67 Primum
654 1271 237 67 imperite
832 1271 118 67 ab
891 1271 158 67 isto
970 1271 197 67 confundi

319 1327 132 52 in
385 1327 153 52 hoc
473 1327 285 52 argumento
692 1327 329 52 Theologorum
933 1327 241 52 Graecorum

317 1372 215 57 aetates,
479 1372 126 57 dum
550 1372 126 57 ait
622 1372 180 57 capite
748 1372 215 57 secundo,
910 1372 198 57 Graecos
1035 1372 126 57 doce-

321 1428 119 53 re
381 1428 238 53 Spiritum
559 1428 218 53 sanctum
717 1428 258 53 procedere
915 1428 198 53 tantum
1054 1428 99 53 a
1074 1428 99 53 pa-

322 1473 137 56 tre,
408 1473 86 56 &
442 1473 120 56 non
510 1473 86 56 a
545 1473 171 56 Filio:
664 1473 86 56 &
699 1473 154 56 tamen
801 1473 171 56 affert
921 1473 137 56 ipse
990 1473 171 56 capites.

330 1522 107 55 ex
384 1522 178 55 iisdem
509 1522 196 55 Graecis
651 1522 178 55 varias
776 1522 214 55 aduersus
937 1522 161 55 illam
1044 1522 161 55 ipsam

331 1557 222 55 doctrinam
502 1557 256 55 autoritates
707 1557 85 55 &
741 1557 256 55 sententias.
946 1557 171 55 Facit,
1066 1557 137 55 igi

328 1623 115 43 tur
393 1623 180 43 diuersi
524 1623 197 43 temporis
672 1623 180 43 confusa
803 1623 98 43 ab
852 1623 131 43 isto
934 1623 164 43 ratio,
1048 1623 98 43 vt
1081 1623 82 43 to-

329 1662 103 62 ta
380 1662 137 62 haec
466 1662 223 62 quaestio,
637 1662 86 62 &
671 1662 188 62 decisio
808 1662 120 62 sit
877 1662 103 62 ad
911 1662 257 62 intelligendum

305 1704 291 77 obscurissima.
