1257 2026
83 102 133 72 per
159 102 190 72 medium
292 102 285 72 intellectus
520 102 190 72 quoque
653 102 95 72 &
691 102 285 72 voluntatis,

88 163 88 49 &
124 163 123 49 sic
194 163 212 49 Spiritum
353 163 194 49 sanctum
494 163 194 49 produci
635 163 88 49 &
670 163 106 49 de
723 163 176 49 Patre,
847 163 88 49 &
864 163 71 49 de

92 201 175 56 Filio.
214 201 140 56 Alij
301 201 210 56 Spiritum
459 201 192 56 sanctum
599 201 175 56 dicunt
721 201 192 56 produci
844 201 87 56 li-

92 251 169 63 bere,
205 251 132 63 non
280 251 301 63 naturaliter.
525 251 150 63 Quae
618 251 150 63 omma
712 251 150 63 quid
788 251 150 63 aliud,

93 302 210 58 obsecro,
251 302 281 58 demonstrant,
479 302 140 58 quam
567 302 158 58 vanos
672 302 158 58 istos
777 302 158 58 μαται
865 302 70 58 o-

93 355 126 53 λκς
165 355 198 53 potius,
309 355 144 53 quam
399 355 198 53 Sεολἰας
543 355 162 53 esse,
651 355 90 53 &
687 355 108 53 in
741 355 108 53 re
795 355 126 53 tam
849 355 90 53 se-

88 403 135 52 ria
165 403 213 52 ludere)
320 403 174 52 neque
436 403 135 52 cum
513 403 271 52 reuerentia
726 403 193 52 tantum
842 403 97 52 my-

88 439 192 62 sterium
227 439 105 62 ac
279 439 279 62 inserutabile
506 439 209 62 adorare,
663 439 122 62 sed
733 439 157 62 fidem
820 439 122 62 Chri-

90 489 201 62 stianam
236 489 311 62 fundatissimam
492 489 110 62 in
547 489 183 62 dubium
675 489 238 62 reuocare,
840 489 91 62 at-

92 540 143 74 que
173 540 204 74 tandem
296 540 224 74 euertereo

196 783 567 87 DISTINCTIO
601 783 203 87 XII

170 855 185 72 Vtrum
294 855 247 72 Spiritus
479 855 227 72 sanctus
644 855 185 72 prius
747 855 103 72 vel

256 921 242 72 plenius
432 921 263 72 procedat
629 921 110 72 a
651 921 110 72 pa-

337 974 151 75 tre
424 974 173 75 quam
532 974 108 75 a
553 974 108 75 Fi

410 1036 132 76 lio.

343 1125 264 83 CAP.
475 1125 132 83 I.

264 1213 126 57 TEM
336 1213 235 57 quaeritur
517 1213 126 57 cum
589 1213 217 57 Spiritus
751 1213 199 57 sanctus
878 1213 72 57 a.

250 1265 159 66 Patre
357 1265 212 66 procedat
516 1265 89 66 &
551 1265 89 66 a
587 1265 177 66 Filio,
711 1265 159 66 vtrum
799 1265 124 66 prius

246 1312 130 61 (vel
327 1312 146 61 magis
424 1312 243 61 processerit
618 1312 81 61 a
651 1312 146 61 Patre
748 1312 130 61 quam
829 1312 81 61 a
845 1312 81 61 Fi-

248 1366 127 63 lio:
327 1366 127 63 quod
406 1366 174 63 nititur
533 1366 222 63 haereticus
707 1366 206 63 ostendere
850 1366 79 63 ita

92 1412 168 66 dicens,
214 1412 92 66 Si
260 1412 198 66 processit
412 1412 183 66 Spiritus
550 1412 168 66 sanctus
672 1412 76 66 a
702 1412 153 66 Patre,
794 1412 137 66 proces-

95 1460 110 54 sit
158 1460 158 54 vtique
269 1460 110 54 aut
332 1460 126 54 nato
410 1460 110 54 iam
473 1460 158 54 Filio,
584 1460 110 54 aut
647 1460 110 54 non
710 1460 126 54 nato
788 1460 158 54 Filio.
883 1460 63 54 Si

86 1509 129 53 vero
166 1509 113 53 iam
231 1509 129 53 nato
311 1509 145 53 Filio
407 1509 225 53 processit,
584 1509 129 53 ante
665 1509 145 53 natus
761 1509 113 53 est
809 1509 129 53 Filius

95 1557 121 55 quam
171 1557 228 55 processerit
353 1557 182 55 Spiritus
490 1557 182 55 sanctus,
626 1557 213 55 praecessit
793 1557 121 55 ergo
854 1557 76 55 na-

100 1608 171 47 tiuitas
225 1608 140 47 Filij
318 1608 248 47 processionem
519 1608 186 47 Spiritus
659 1608 171 47 sancti.
783 1608 93 47 Si
829 1608 140 47 autem

94 1652 190 78 processit
241 1652 73 78 a
270 1652 132 78 Patre
358 1652 102 78 non
416 1652 146 78 genito
519 1652 146 78 Filio,
621 1652 117 78 ante
694 1652 205 78 processit,
855 1652 117 78 quam

95 1696 154 70 Filius
202 1696 169 70 genitus
310 1696 138 70 fuerit.
