1260 2027
96 89 90 67 a
132 89 181 67 Filio.
259 89 253 67 Augustinus
457 89 163 67 tamen
566 89 108 67 in
620 89 126 67 xv.
692 89 108 67 de
728 89 217 67 Trinitate,

97 150 180 65 dicens,
227 150 131 65 quod
309 150 196 65 Spiritus
456 150 180 65 sanctus
587 150 278 65 principaliter
799 150 147 65 procedi

101 204 97 45 de
149 204 162 45 Patre:
262 204 113 45 Non
327 204 97 45 fi
375 204 162 45 nstra,
489 204 178 45 inquit,
618 204 97 45 in
666 204 113 45 hac
731 204 210 45 Trinitate
876 204 81 45 non

98 248 182 61 dicitur
231 248 165 61 Verbum
346 248 116 61 Dei
412 248 132 61 nisi
495 248 182 61 Filius:
627 248 116 61 nec
693 248 149 61 donum
792 248 132 61 Dei,
858 248 99 61 nisi

98 292 202 55 Spiritus
250 292 202 55 sanctus:
401 292 118 55 nec
468 292 101 55 de
519 292 118 55 quo
586 292 185 55 genitum
721 292 118 55 est
788 292 185 55 Verbum,
906 292 50 55 &

113 348 96 59 de
161 348 112 59 quo
225 348 192 59 procedit
369 348 192 59 Spiritus
513 348 176 59 sanctus
641 348 288 59 principaliter,
865 348 96 59 nisi

107 391 128 54 Deus
187 391 160 54 Pater.
299 391 128 54 Ecce
378 391 208 54 audistis,
538 391 128 54 quia
618 391 192 54 Spiritus
761 391 160 54 sactus
857 391 96 54 prin

109 440 210 59 cipaliter
270 440 194 59 procedit
416 440 81 59 a
448 440 162 59 Patre.
561 440 113 59 Sed
626 440 97 59 ne
674 440 97 59 te
723 440 113 59 hoc
771 440 178 59 turbaret,

105 499 121 48 ipse
181 499 182 48 continuo
317 499 91 48 ex
363 499 106 48 quo
424 499 137 48 sensu
515 499 106 48 hoc
575 499 182 48 dixerit,
712 499 167 48 aperit,
818 499 137 48 dicens:

107 540 149 64 ldeoh
206 540 165 64 addidi
321 540 297 64 principaliter,
569 540 132 64 quia
651 540 83 64 &
684 540 99 64 de
734 540 149 64 Filio
816 540 132 64 Spiri-

106 588 112 55 tus
170 588 176 55 sanctus
298 588 208 55 procedere
458 588 224 55 reperitur:
633 588 112 55 sed
697 588 112 55 hoc
761 588 160 55 quoque
857 588 96 55 illi

112 637 155 55 Pater
215 637 155 55 dedit
318 637 120 55 non
387 637 120 55 iam
456 637 241 55 existenti,
645 637 86 55 &
680 637 172 55 nondum
783 637 172 55 habenti.

103 683 115 55 Sed
168 683 197 55 quicquid
316 683 214 55 vnigenito
480 683 148 55 verbo
579 683 164 55 dedit,
694 683 197 55 gignendo
826 683 131 55 dedit.

100 739 119 47 Sic
168 739 136 47 ergo
253 739 119 47 eum
321 739 187 47 genuit,
457 739 102 47 vt
508 739 153 47 etiam
609 739 102 47 de
660 739 136 47 illo
745 739 153 47 donum
830 739 136 47 commu-

106 782 98 50 ne
155 782 244 50 procederet,
350 782 81 50 &
383 782 195 50 Spiritus
529 782 179 50 sanctus
660 782 195 50 Spiritus
806 782 147 50 esset
888 782 81 50 am-

100 829 185 72 borum.
230 829 167 72 Ecce,
341 829 222 72 exposuit
508 829 204 72 ipsemet
656 829 204 72 quomodo
786 829 185 72 Spiritus

104 875 290 66 principaliter
343 875 205 66 procedat
497 875 85 66 a
531 875 171 66 Patre:
650 875 120 66 non
719 875 137 66 quia
804 875 154 66 prius
890 875 85 66 vel

113 936 151 47 magis
214 936 201 47 procedat
365 936 84 47 a
398 936 168 47 Patre,
515 936 134 47 quam
599 936 84 47 a
633 936 168 47 Filio:
750 936 117 47 sed
817 936 134 47 quia
884 936 84 47 cum

113 978 194 61 procedat
258 978 81 61 a
291 978 162 61 Filio,
404 978 113 61 hoc
469 978 146 61 ipsum
566 978 146 61 habet
663 978 162 61 Filius
776 978 81 61 a
793 978 129 61 Patre.

316 1060 275 79 CAP.
453 1060 206 79 IIII

182 1150 113 67 Ex
239 1150 169 67 eodem
351 1150 169 67 sensu
464 1150 169 67 etiam
576 1150 206 67 dicitur
707 1150 188 67 Spiritus

282 1206 213 87 sanctus
437 1206 213 87 proprie
572 1206 213 87 procedere

438 1270 95 82 a
457 1270 152 82 Patre.

153 1354 111 60 EX
209 1354 167 60 eodem
320 1354 167 60 sensu
431 1354 167 60 etiam
542 1354 204 60 dicitur
691 1354 241 60 procedere
857 1354 93 60 pro

113 1416 136 55 prie
198 1416 102 55 de
249 1416 169 55 Patre.
367 1416 136 55 vnde
452 1416 237 55 Hieronomus
638 1416 102 55 in
689 1416 254 55 expositione
875 1416 85 55 ca-

116 1455 198 70 tholicae
264 1455 165 70 fidei,
379 1455 214 70 Nicenique
544 1455 198 70 somboli,
693 1455 132 70 ait.
775 1455 198 70 Credimus
907 1455 66 70 in

110 1503 201 62 Spiritum
261 1503 201 62 sanctum,
412 1503 117 62 qui
479 1503 101 62 de
530 1503 151 62 Patre
630 1503 201 62 procedit
764 1503 185 62 proprie.I

110 1565 148 51 tem,
203 1565 222 51 Spiritum
370 1565 204 51 sanctum
518 1565 167 51 verum
629 1565 148 51 Deum
722 1565 241 51 inuenimus
889 1565 74 51 in

113 1606 230 59 scriptura,
293 1606 82 59 &
326 1606 99 59 de
376 1606 148 59 Patre
474 1606 132 59 esse
556 1606 197 59 proprie.
704 1606 99 59 Et
754 1606 148 59 item,
852 1606 99 59 De
885 1606 66 59 Pa

124 1657 118 52 tre
191 1657 185 52 Filius,
326 1657 101 52 &:
376 1657 202 52 Spiritus
528 1657 185 52 sanctus
662 1657 185 52 proprie
797 1657 84 52 &
830 1657 135 52 vere
898 1657 67 52 de

124 1698 148 69 Patre
222 1698 214 69 procedit.
387 1698 132 69 Ecce
469 1698 164 69 aperte
584 1698 148 69 dicit
683 1698 197 69 Spiritum
814 1698 148 69 sanctum
