1277 2031
286 93 201 84 verbis,
432 93 219 84 eorumque
596 93 328 84 significatione
869 93 182 84 potius
997 93 128 84 est
1052 93 91 84 in-

282 163 215 57 stituta,
443 163 143 57 quam
533 163 108 57 de
587 163 161 57 rebus
695 163 179 57 ipsis.
820 163 143 57 Quas
910 163 179 57 anxias
1017 163 126 57 quae-

273 209 209 69 stiones
425 209 190 69 Paulus
557 209 246 69 κολσμαλας
747 209 95 69 &
785 209 284 69 δξαδατζιcας
993 209 152 69 odioso

281 266 172 58 nomine
401 266 155 58 vocat
504 266 103 58 I.
556 266 189 58 Timoth.
693 266 103 58 6.
745 266 189 58 versic.
882 266 103 58 8.
934 266 86 58 6
968 266 103 58 vt
1020 266 120 58 vel
1071 266 69 58 ex

278 311 137 56 hoc
357 311 157 56 ipso
455 311 196 56 initio
592 311 98 56 &
632 311 275 56 fundamento
848 311 177 56 satis
946 311 196 56 appareat

280 359 164 63 quale
389 359 201 63 futurum
535 359 128 63 sit
608 359 219 63 reliquum
773 359 256 63 aedificium
974 359 164 63 huius
1065 359 73 63 o-

282 417 199 53 peris.
421 417 179 53 Neque
540 417 159 53 vero
640 417 179 53 (quod
759 417 258 53 Augustini
957 417 159 53 pace
1037 417 99 53 di-

283 451 153 62 ctum
378 451 153 62 sit)
474 451 172 62 satis
588 451 248 62 consentit
779 451 133 62 tam
855 451 267 62 scrupulosa
1046 451 95 62 ha-

270 508 138 57 rum
349 508 177 57 voeum
467 508 197 57 vtendi
606 508 99 57 &
645 508 217 57 feuendi
803 508 276 57 descriptio
1020 508 99 57 &
1039 508 99 57 ob-

279 549 228 51 seruatio,
454 549 123 51 cum
524 549 123 51 vel
594 549 210 51 Hebraei,
751 549 123 51 vel
821 549 193 51 Graeci,
961 549 123 51 vel
1014 549 123 51 Lati-

282 599 197 66 nietiam
425 599 215 66 sermonis
586 599 268 66 proprietate
801 599 89 66 &
837 599 143 66 vsu,
926 599 125 66 vt,
998 599 125 66 Vti
1052 599 89 66 di-

282 649 176 57 camur
400 649 137 57 iis
478 649 176 57 rebus
595 649 215 57 tantum,
752 649 156 57 quas
849 649 117 57 ad
908 649 176 57 alium
1006 649 117 57 supe

279 703 264 55 rioremque
482 703 183 55 finem
604 703 285 55 referimus:
828 703 163 55 Frut
930 703 183 55 autem
1031 703 102 55 is,

283 750 177 44 quibus
407 750 159 44 ipsis
513 750 194 44 propter
655 750 194 44 seipsas
796 750 212 44 potimur,
955 750 88 44 &
991 750 106 44 in
1026 750 106 44 qui-

277 791 134 57 bus
353 791 268 57 acquiescit
564 791 191 57 animus
698 791 211 57 noster,
851 791 172 57 nihil
947 791 191 57 vlterius

272 842 222 62 spectans
439 842 93 62 &
476 842 241 62 quaerens.
661 842 204 62 Hebraei
810 842 167 62 nihil
921 842 148 62 tale
995 842 148 62 docent

281 895 112 58 ex
337 895 149 58 suae
431 895 205 58 linguae
580 895 149 58 vsu,
673 895 131 58 sed
748 895 280 58 pulcherrima
953 895 187 58 metapho-

282 942 105 54 ra
334 942 122 54 Xο&
404 942 209 54 Scebats,
560 942 105 54 id
613 942 139 54 est,
700 942 209 54 Saturari
856 942 244 54 explicant,
1031 942 105 54 ple-

280 987 143 67 nam
361 987 184 67 illam
484 987 245 67 animorum
667 987 265 67 nostrorum
872 987 306 67 oblectatio¬

270 1032 140 71 nem
350 1032 100 71 &
390 1032 241 71 &λuulαν,
571 1032 160 71 quam
671 1032 120 71 ex
731 1032 140 71 Dei
811 1032 200 71 ipsius
932 1032 200 71 communi-

280 1080 203 70 catione
427 1080 92 70 &
464 1080 221 70 intuitum
630 1080 258 70 percipiunt
833 1080 221 70 fideles,
999 1080 92 70 &
1018 1080 129 70 beati

275 1144 209 54 quoque
421 1144 167 54 ipsi
526 1144 125 54 in
589 1144 209 54 coelum
735 1144 251 54 recepti,
902 1144 230 54 quemadmo-

282 1180 120 52 dum
350 1180 189 52 apparet
488 1180 103 52 ex
539 1180 172 52 Psalmo
659 1180 120 52 Io.
728 1180 189 52 versic.
865 1180 120 52 io.
934 1180 120 52 I7.
986 1180 154 52 Versic-

279 1230 131 67 I4.
354 1230 131 67 Sed
429 1230 94 67 &
467 1230 150 67 huin
560 1230 187 67 Hoghil
691 1230 187 67 quoque
823 1230 206 67 dicunt,
972 1230 169 67 frui.
1066 1230 75 67 I-

271 1274 169 60 psam
377 1274 191 60 autem
504 1274 296 60 fruitionem
737 1274 169 60 mbua
843 1274 296 60 Neghimoth,
1054 1274 85 60 vo

279 1328 226 59 luptates
449 1328 245 59 appellant
637 1328 169 59 ducta
750 1328 301 59 similitudine
994 1328 94 59 a
1013 1328 132 59 cibis

282 1374 115 67 nos
347 1374 264 67 satiantibus.
562 1374 148 67 Psal.
661 1374 132 67 Iqi.
743 1374 148 67 Psal.
842 1374 115 67 os.
908 1374 181 67 Versic.
1040 1374 99 67 S.
1073 1374 66 67 Vt

276 1419 160 58 vero
376 1419 200 58 dicunt
516 1419 140 58 non
596 1419 140 58 vno
676 1419 180 58 verbo
796 1419 140 58 sed
876 1419 240 58 pluribus
1036 1419 100 58 Aou

278 1466 97 54 &
316 1466 136 54 nha
394 1466 272 54 consumere,
608 1466 155 54 quod
705 1466 136 54 ea,
782 1466 194 54 quibus
918 1466 214 54 vtimur,
1054 1466 78 54 i-

271 1518 148 69 pso
356 1518 148 69 vsu
440 1518 318 69 consumuntur
695 1518 106 69 &
737 1518 297 69 perduntur.
970 1518 170 69 Item
1055 1518 85 69 at

275 1566 246 52 comedere,
464 1566 132 52 vti
540 1566 113 52 ex
597 1566 189 52 variis
729 1566 170 52 locis
842 1566 227 52 apparet.
994 1566 151 52 Graeci

281 1617 183 64 πξῆδως,
414 1617 116 64 vti
481 1617 200 64 vsurpant
631 1617 100 64 de
680 1617 116 64 iis
747 1617 166 64 rebus,
863 1617 133 64 quas
946 1617 116 64 nec
996 1617 150 64 estitas

274 1661 335 70 commoditasque
550 1661 177 70 huius
668 1661 177 70 vitae
786 1661 256 70 postulat:
983 1661 158 70 vnde
1062 1661 79 70 de
