1267 2031
273 103 128 61 niam
353 103 144 61 Pater
449 103 256 61 processionis
657 103 128 61 eius
736 103 208 61 autorest,
896 103 112 61 qui
960 103 144 61 talem
1040 103 80 61 Fi-

273 163 133 56 lium
356 163 183 56 genuit,
489 163 83 56 &
522 163 199 56 gignendo
672 163 100 56 ei
722 163 166 56 dedit,
838 163 100 56 vt
888 163 149 56 etiam
987 163 100 56 de
1020 163 100 56 ipso

274 214 226 60 procederet
451 214 193 60 Spiritus
596 214 193 60 sanctus.
741 214 113 60 Nam
806 214 129 60 nisi
886 214 226 60 procederet
1048 214 64 60 e-

272 263 122 68 tiam
348 263 92 68 de
394 263 138 68 ipso,
486 263 107 68 non
547 263 168 68 diceret
669 263 229 68 discipulis,
852 263 199 68 Accipite.
990 263 122 68 Spiri-

272 313 114 47 tum
337 313 196 47 sanctum,
484 313 163 47 eumque
598 313 245 47 insufflando
794 313 163 47 daret,
908 313 98 47 vt
957 313 82 47 a
989 313 98 47 se
1022 313 98 47 quo-

272 358 111 67 que
336 358 207 67 procedere
495 358 255 67 significans,
702 358 159 67 aperte
813 358 223 67 ostenderet
973 358 143 67 fiando,

276 404 130 78 quod
357 404 179 78 spirado
488 404 147 78 dabat
585 404 196 78 occulte.
732 404 130 78 Quia
813 404 130 78 ergo
895 404 98 78 si
927 404 196 78 nasceretur

270 456 113 59 non
334 456 161 59 tantum
447 456 97 59 de
495 456 161 59 Patre,
608 456 113 59 nec
672 456 161 59 tantum
785 456 97 59 de
833 456 161 59 Filio,
946 456 113 59 sed
1010 456 97 59 de
1059 456 97 59 am

277 512 143 49 bobus
372 512 159 49 vtique
484 512 238 49 nasceretur,
674 512 127 49 sine
754 512 143 49 dubio
849 512 159 49 Filius
944 512 175 49 diceretur

273 553 216 62 amborum.
435 553 108 62 Ac
489 553 126 62 per
561 553 144 62 hoc,
651 553 144 62 quia
742 553 180 62 Filius
868 553 198 62 amborum
994 553 126 62 nullo

269 607 272 52 modotesset,
486 607 127 52 non
559 607 218 52 oportuit
722 607 163 52 nasci
831 607 127 52 eum
903 607 109 52 de
940 607 181 52 ambobus.

271 655 204 55 Amborum
420 655 130 55 est
494 655 149 55 ergo
587 655 223 55 Spiritus
754 655 223 55 sanctus,
903 655 223 55 procedendo

261 700 116 63 de
299 700 194 63 ambobus.

501 790 278 70 CAP.
640 790 209 70 IIII

380 848 127 84 Hic
452 848 163 84 dicit
561 848 145 84 quod
652 848 127 84 non
724 848 163 84 valet
833 848 163 84 inter
923 848 109 84 illa

525 908 135 88 duo
583 908 270 88 distinguere.

327 989 134 60 Quid
411 989 151 60 autem
512 989 151 60 inter
613 989 151 60 nasci
714 989 84 60 &
747 989 219 60 procedere
915 989 219 60 intersit,
1067 989 67 60 de

282 1040 130 55 illa
363 1040 308 55 excellentissima
622 1040 162 55 natura
735 1040 194 55 loquens,
881 1040 211 55 explicare
1027 1040 97 55 quis

282 1087 191 68 potest:
420 1087 191 68 Nonomne
559 1087 139 68 quod
646 1087 225 68 procedit,
819 1087 225 68 nascitur:
975 1087 156 68 quanuis

290 1126 136 57 omne
375 1126 221 57 procedat,
545 1126 136 57 quod
630 1126 221 57 nascitur.
800 1126 153 57 Sicut
902 1126 119 57 non
970 1126 136 57 omne
1038 1126 102 57 qued

281 1186 139 60 bipes
373 1186 123 60 est,
450 1186 123 60 homo
527 1186 123 60 est:
604 1186 169 60 quanuis
727 1186 139 60 bipes
819 1186 108 60 sit
881 1186 154 60 omnis,
989 1186 108 60 qui
1035 1186 92 60 homo

284 1233 128 56 est.
364 1233 112 56 Hoc
428 1233 144 56 scio,
525 1233 241 56 distinguere
717 1233 144 56 autem
813 1233 144 56 inter
909 1233 144 56 illam
990 1233 144 56 genera-

281 1283 184 53 tionem,
415 1283 84 53 &
448 1283 134 53 hanc
532 1283 267 53 processionem
749 1283 184 53 nescio,
883 1283 117 53 non
949 1283 167 53 valeo,
1050 1283 84 53 non

291 1332 204 58 sufficio.
448 1332 94 58 Ac
496 1332 110 58 per
558 1332 110 58 hoc
621 1332 126 58 quia
700 1332 79 58 &
731 1332 126 58 illa
810 1332 79 58 &
841 1332 126 58 ista
920 1332 110 58 est
967 1332 157 58 ineffabi

289 1382 123 56 lis:
365 1382 138 56 sicut
458 1382 184 56 propheta
596 1382 92 56 de
642 1382 138 56 Filio
734 1382 169 56 loquens
857 1382 123 56 ait,
918 1382 215 56 generationem

288 1427 128 62 eius
368 1427 128 62 quis
448 1427 225 62 enarrabit:
625 1427 112 62 Ita
689 1427 96 62 de
737 1427 176 62 Spiritu
865 1427 160 62 sancto
962 1427 176 62 verissime

291 1478 190 59 dicitur,
434 1478 254 59 Processionem
640 1478 127 59 eius
719 1478 127 59 quis
798 1478 222 59 enarrabite
973 1478 143 59 Satis
1052 1478 79 59 sit

291 1530 121 51 ergo
366 1530 136 51 nobis
457 1530 121 51 quia
532 1530 106 51 non
592 1530 106 51 est
653 1530 75 51 a
683 1530 151 51 seipso
788 1530 166 51 Filius,
909 1530 106 51 sed
969 1530 90 51 ab
1014 1530 121 51 illo
1075 1530 60 51 de

289 1569 104 64 quo
348 1569 133 64 natus
437 1569 118 64 est:
511 1569 104 64 non
570 1569 104 64 est
630 1569 74 64 a
659 1569 148 64 seipso
763 1569 178 64 Spiritus
896 1569 178 64 sanctus,
1029 1569 104 64 sed
1074 1569 59 64 ab

280 1619 123 69 illo
357 1619 93 69 de
403 1619 108 69 quo
465 1619 201 69 procedit,
619 1619 93 69 Et
665 1619 123 69 quia
742 1619 93 69 de
789 1619 170 69 vtroque
912 1619 201 69 procedit,
1051 1619 77 69 si-

289 1671 164 66 cutiam
403 1671 246 66 ostendimus.
600 1671 98 66 De
649 1671 279 66 Spiritusancto
879 1671 180 66 quomodo
1010 1671 131 66 ipse
1075 1671 66 66 de

284 1725 111 69 Deo
348 1725 127 69 sit,
427 1725 111 69 nec
491 1725 143 69 tamen
586 1725 127 69 ipse
666 1725 159 69 Filius
777 1725 127 69 sit,
857 1725 175 69 quoniam
968 1725 175 69 proceden
