1275 2039
308 109 233 84 effuderit:
492 109 100 84 in
542 109 117 84 quo
608 109 183 84 vtraque
742 109 150 84 atura
841 109 217 84 monstrata
1008 109 133 84 est,
1075 109 83 84 hu-

305 186 142 55 mana
394 186 213 55 scilicet
554 186 89 55 &
590 186 196 55 diuina.
732 186 196 55 Accepit
874 186 178 55 quippe
999 186 107 55 vt
1034 186 125 55 homo,

306 223 202 65 effudit
452 223 110 65 vt
507 223 165 65 Deus.
618 223 128 65 Nos
691 223 165 65 autem
801 223 220 65 accipere
966 223 183 65 quidem
1076 223 92 65 hoc

302 276 160 55 donum
409 276 213 55 prssumus
569 276 124 55 pro
640 276 178 55 modulo
764 276 195 55 nostro.
906 276 231 55 Effundere
1066 276 107 55 vero

302 323 143 62 super
397 323 143 62 alios
492 323 111 62 non
556 323 159 62 vtique
667 323 206 62 possumus:
825 323 111 62 sed
889 323 95 62 vt
936 323 111 62 hoc
1000 323 143 62 fiat,
1079 323 95 62 Deum

313 376 144 56 super
409 376 128 56 eos,
489 376 80 56 a
521 376 112 56 quo
585 376 96 56 id
633 376 224 56 efficitus,
808 376 224 56 inuocamus.
984 376 112 56 His
1032 376 128 56 verbis

315 429 192 71 expresse
459 429 160 71 dicit,
571 429 112 71 nos
635 429 192 71 Spiritum
779 429 176 71 sanctum
907 429 112 71 non
971 429 144 71 posse
1051 429 112 71 super

304 464 130 81 alios
390 464 201 81 effundere,
548 464 86 81 id
591 464 115 81 est,
663 464 130 81 aliis
735 464 101 81 dare.

526 539 313 99 CAP.
682 539 157 99 VI

510 620 155 77 Quod
607 620 213 77 videtur
742 620 175 77 contra

627 689 147 60 rium.

349 729 131 92 SED
424 729 150 92 huic
518 729 206 92 videtur
667 729 280 92 contrarium,
892 729 150 92 quod
966 729 206 92 Apostolus

307 806 91 51 ad
352 806 121 51 qal.
428 806 91 51 de
473 806 91 51 se
518 806 181 51 loquens,
654 806 121 51 ait,
729 806 106 51 Qui
790 806 136 51 Fribu
880 806 91 51 it
926 806 136 51 vobis
1001 806 166 51 Spiritum,

315 854 86 59 &
349 854 205 59 operatur
503 854 205 59 virtutes
657 854 103 59 in
708 854 154 59 vobis
811 854 137 59 Ecce
896 854 222 59 euidenter
1050 854 120 59 dicit

319 899 95 68 se
367 899 206 68 tribuisse
525 899 206 68 Spiritum.
684 899 111 68 Sed
748 899 270 68 intelligendum
970 899 111 68 est
1033 899 111 68 hoc
1081 899 79 68 di-

307 946 155 66 xisse
410 946 242 66 Apostolum,
600 946 121 66 non
669 946 138 66 quia
756 946 190 66 haberet
894 946 242 66 potestatem
1084 946 86 66 &
1101 946 69 66 au

314 994 212 75 toritatem
476 994 146 75 dandi
574 994 195 75 Spiritum
721 994 195 75 sanctum,
867 994 114 75 sed
932 994 130 75 quia
997 994 163 75 ministe-

311 1050 137 65 rium
396 1050 223 65 habuerit,
568 1050 103 65 in
619 1050 103 65 uo
670 1050 205 65 dabaitur
825 1050 86 65 a
859 1050 120 65 Deo
927 1050 205 65 Spiritus
1064 1050 103 65 san-

316 1094 153 66 ctus,
418 1094 102 66 vt
469 1094 136 66 enim
554 1094 119 66 ait
622 1094 136 66 Aug.
707 1094 170 66 Ssuper
825 1094 170 66 cundem
944 1094 170 66 locum,
1046 1094 119 66 expo-

316 1143 131 69 nens
398 1143 148 69 illud
496 1143 164 69 Apost,
611 1143 98 69 li
660 1143 180 69 verbam,
791 1143 98 69 Ab
840 1143 197 69 Apostolo
971 1143 197 69 praedicara

313 1198 113 62 est
377 1198 113 62 eis
442 1198 161 62 fides:
555 1198 97 62 in
603 1198 113 62 qua
668 1198 274 62 praedicatione
894 1198 194 62 aduentum
1039 1198 81 62 &
1055 1198 113 62 prae-

309 1239 166 58 sentiam
430 1239 181 58 Spiritus
566 1239 151 58 sancti
671 1239 212 58 senserant,
838 1239 136 58 sicut
928 1239 121 58 illo
1004 1239 166 58 tempore
1110 1239 60 58 in

312 1296 187 46 nouitate
453 1296 249 46 inuitationis
655 1296 93 46 ad
702 1296 156 46 fidem,
811 1296 140 46 etiam
904 1296 249 46 sensibilibus
1091 1296 78 46 mi-

304 1332 171 64 raculis
429 1332 218 64 praesentia
600 1332 186 64 Spiritus
740 1332 155 64 sancti
848 1332 218 64 apparebat,
1019 1332 93 64 vt
1066 1332 93 64 in
1097 1332 62 64 a-

314 1379 161 59 ctibus
426 1379 241 59 Apostolorum
619 1379 193 59 legitur.
764 1379 161 59 Apert:
877 1379 113 59 hic
941 1379 193 59 ostendit
1070 1379 80 59 quo

312 1431 129 54 modo
392 1431 145 54 illis
489 1431 193 54 Spiritum
634 1431 177 54 sanctum
763 1431 210 54 Avostolus
924 1431 226 54 tribuerit:
1085 1431 81 54 non

312 1485 156 61 vtique
422 1485 141 61 ipsum
515 1485 187 61 mittendo
656 1485 94 61 in
703 1485 125 61 eos,
781 1485 109 61 sed
844 1485 234 61 praedicando
1031 1485 109 61 eis
1078 1485 78 61 fi-

311 1538 116 58 dem
378 1538 200 58 Christi:
528 1538 133 58 quam
611 1538 150 58 illis
711 1538 300 58 recipientibus,
960 1538 133 58 quod
1027 1538 133 58 Spiri-

311 1579 109 59 tus
374 1579 171 59 sanctus
498 1579 93 59 in
545 1579 109 59 eis
607 1579 156 59 esset,
716 1579 202 59 aliquibus
871 1579 156 59 signis
965 1579 202 59 visibilibus

313 1631 299 65 monstrabatur.
560 1631 123 65 Nor
630 1631 88 65 e
666 1631 141 65 ergo
754 1631 106 65 h,
807 1631 159 65 mines
895 1631 264 65 quantumcunquo

298 1671 164 82 sancti
412 1671 131 82 dare
494 1671 180 82 possunt
626 1671 197 82 Spiritum
773 1671 197 82 sanctum.
