1274 2034
295 106 190 71 piorum,
433 106 121 71 qui
502 106 293 71 Distinctionem
743 106 155 71 istam
846 106 207 71 fortasse
984 106 155 71 legent,

292 160 203 68 gratiam
439 160 147 68 etia
531 160 92 68 &
568 160 166 68 ipse,
678 160 147 68 quae
771 160 147 68 tria
844 160 295 68 animaduersione

286 210 172 66 digna
400 210 134 66 hoc
477 210 153 66 loco
553 210 172 66 censeo.

341 249 173 77 Primum
462 249 138 77 male
548 249 104 77 ab
600 249 138 77 isto
686 249 225 77 intelligi
859 249 121 77 eos
929 249 173 77 sacrae
1032 249 104 77 scri

291 307 177 68 pturae
415 307 177 68 locos,
539 307 141 68 quos
627 307 106 68 in
680 307 141 68 suam
768 307 247 68 sententiam
962 307 212 68 profert,

294 358 129 53 vti
367 358 129 53 iam
441 358 111 53 ex
496 358 166 53 parte
607 358 240 53 docuimus:
792 358 111 53 in
847 358 240 53 primisque
1013 358 129 53 omnes

294 404 145 52 eos,
385 404 127 52 qui
457 404 109 52 de
511 404 145 52 dono
602 404 218 52 Spiritus
765 404 181 52 sancti
892 404 109 52 in
947 404 236 52 Ecclesiam

289 451 129 57 Dei
362 451 259 57 loquuntur,
566 451 148 57 quod
658 451 203 57 Mittere
806 451 222 57 Spiritum
972 451 203 57 sanctum

292 508 146 60 dixit
389 508 210 60 Christus,
551 508 146 60 Ioan.
648 508 97 60 4.
696 508 146 60 Versi
793 508 113 60 2G.
858 508 113 60 Is.
923 508 129 60 Ver.
987 508 65 60 3&

334 553 256 57 Secundum,
531 553 256 57 Lombardus
728 553 197 57 magnam
866 553 197 57 aliis,
1003 553 138 57 qui
1062 553 79 57 se

294 598 196 51 sequuti
437 598 161 51 sunt,
544 598 196 51 errandi
687 598 250 51 occasionem
883 598 232 51 praebuit:
1044 598 89 51 in-

292 654 262 59 primisque
493 654 121 59 in
554 654 201 59 magnas
695 654 262 59 angustias
896 654 201 59 Thomam
1017 654 121 59 inI.

288 707 152 55 parte
389 707 135 55 tota
474 707 186 55 Quaest.
609 707 101 55 4.
660 707 152 55 (quae
761 707 186 55 constat
896 707 101 55 v.
947 707 220 55 quaestio¬

295 742 155 53 nibus
398 742 120 53 vel
467 742 223 53 articulis
639 742 223 53 diuersis)
810 742 223 53 coniecit,
982 742 155 53 nedum
1068 742 69 53 a-

295 789 137 57 lios
380 789 205 57 leuiores
534 789 290 57 Scholasticos,
773 789 171 57 quibus
893 789 171 57 crucem
995 789 137 57 fixit,

292 835 128 57 dum
365 835 200 57 Persona
510 835 164 57 ipsam
620 835 219 57 Spiritus
784 835 182 57 sancti
911 835 182 57 mittie
1021 835 109 57 coe-

296 888 99 58 lo
346 888 99 58 in
396 888 132 58 eos,
478 888 165 58 quibus
594 888 149 58 datur
693 888 198 58 Spiritus
842 888 198 58 sanctus,
991 888 132 58 iste
1057 888 83 58 sen

290 937 148 55 tit,
382 937 92 55 &
419 937 259 55 sentiendum
622 937 185 55 docet.
751 937 148 55 Inde
844 937 129 55 est
917 937 148 55 nata
991 937 148 55 inepta

293 987 139 52 illa
379 987 242 52 distinctio
570 987 156 52 inter
674 987 156 52 Mitti
777 987 87 52 &
812 987 139 52 Dari
899 987 208 52 Spiritum
1037 987 104 52 san-

293 1032 153 48 ctum,
395 1032 136 48 apud
480 1032 170 48 Thomam
599 1032 170 48 artic.
718 1032 102 48 2.
769 1032 221 48 Quaestio.
939 1032 102 48 2.
990 1032 102 48 in
1024 1032 119 48 prima

287 1079 185 65 parte.
416 1079 148 65 Inde
508 1079 166 65 etiam
619 1079 148 65 illa
712 1079 203 65 operosa
860 1079 92 65 &
897 1079 185 65 vexata
1008 1079 129 65 quae-

293 1137 139 57 stio
380 1137 139 57 apud
467 1137 174 57 eundem
589 1137 174 57 artic,
711 1137 87 57 9
745 1137 157 57 Vtrum
850 1137 209 57 Spiritus
989 1137 157 57 sanctus

294 1178 238 66 visibiliter
485 1178 206 66 mittatur,
643 1178 79 66 &
675 1178 143 66 aliae
770 1178 175 66 aliquot
897 1178 190 66 similes,
1040 1178 79 66 &
1056 1178 79 66 im

287 1230 169 67 plicatae.

339 1265 183 66 Tertio,
472 1265 150 66 falsa
572 1265 116 66 est
638 1265 133 66 illa
722 1265 133 66 ipsa
805 1265 199 66 Lombardi
938 1265 199 66 sententia,

296 1331 161 55 Mitti
404 1331 108 55 ad
457 1331 126 55 nos
529 1331 161 55 ipsam
637 1331 126 55 Sp.
709 1331 108 55 S.
762 1331 233 55 Personam,
942 1331 143 55 quum
1013 1331 126 55 nobis

290 1373 156 62 dari
387 1373 234 62 dicitur.
562 1373 195 62 Paulus
698 1373 156 62 enim
796 1373 156 62 hanc
893 1373 253 62 missionem
1068 1373 78 62 ad

296 1423 200 60 qανρωοιν
446 1423 117 60 τοd
513 1423 183 60 τνduαoς
647 1423 183 60 refert,
780 1423 217 60 docentque
947 1423 167 60 fiori,
1047 1423 100 60 quum

300 1466 120 59 sua
368 1466 137 59 ipse
454 1466 103 59 in
506 1466 120 59 nos
575 1466 172 59 tantum
695 1466 137 59 dona
781 1466 206 59 confert,
935 1466 103 59 I.
969 1466 172 59 Corinth.

293 1512 121 73 I2.
362 1512 138 73 ver.
448 1512 103 73 9.
500 1512 172 73 Itaque
620 1512 138 73 idem
706 1512 172 73 Paulus
827 1512 155 73 versi
930 1512 103 73 4.
982 1512 190 73 eiusdem

300 1561 206 60 capitis,
454 1561 189 60 diserte
591 1561 137 60 dona
677 1561 137 60 ipsa
763 1561 206 60 Spiritus
917 1561 171 60 sancti
1037 1561 103 60 ab
1071 1561 69 60 i-

293 1620 131 48 psa
368 1620 131 48 Sp.
443 1620 205 48 Persona
592 1620 280 48 distinguit.
815 1620 131 48 Nam
890 1620 112 48 si
946 1620 149 48 quum
1020 1620 131 48 datur

297 1660 169 54 nobis
410 1660 132 54 Sp.
485 1660 113 54 S.
542 1660 169 54 ipsam
655 1660 169 54 illam
768 1660 226 54 Personam
918 1660 226 54 Trinitatis

290 1712 199 57 tertiam
435 1712 91 57 &
471 1712 235 57 essentiam
652 1712 199 57 diuinam
797 1712 91 57 e
833 1712 163 57 coelo
942 1712 109 57 ad
996 1712 127 57 nos
1050 1712 91 57 ve
