1283 2031
232 196 537 70 DISTINCTIO
615 196 192 70 XV.

193 248 192 104 Vtrum
321 248 256 104 Spiritus
513 248 235 104 sanctus
683 248 107 104 a
704 248 171 104 seipso

411 329 183 75 detur.

363 413 264 68 CAP.
495 413 132 68 I.

213 467 120 66 OIC
281 467 291 66 considerandum
521 467 137 66 est,
607 467 120 66 cum
676 467 206 66 Spiritus
813 467 154 66 sanctus

232 532 170 59 Mdetur
351 532 220 59 hominibus
520 532 85 59 a
554 532 153 59 Patre
656 532 85 59 &
690 532 170 59 Filio,
808 532 136 59 quod
876 532 85 59 est

238 588 149 56 ipsum
338 588 265 56 temporaliter
553 588 215 56 procedere
719 588 99 56 ab
768 588 182 56 vtroque
884 588 83 56 vel

103 626 161 61 mitti,
216 626 145 61 vtrum
313 626 145 61 etiam
409 626 81 61 a
442 626 161 61 seipso
555 626 161 61 detur.
668 626 97 61 Si
716 626 145 61 datur
813 626 81 61 a
845 626 113 61 se,
894 626 48 61 &

105 671 202 75 procedit
257 671 118 75 vel
324 671 202 75 mittitur
475 671 84 75 a
509 671 118 75 se.
576 671 101 75 Ad
626 671 151 75 quodb
727 671 202 75 dicimus,
862 671 84 75 qui

105 725 207 66 Spiritus
260 725 190 66 sanctus
398 725 86 66 &
433 725 138 66 Deus
519 725 138 66 est,
606 725 86 66 &
640 725 155 66 donum
744 725 138 66 siue
830 725 155 66 datum

111 779 84 65 &
145 779 134 65 ideo
228 779 134 65 dat,
312 779 84 65 &
346 779 167 65 datur.
463 779 117 65 Dat
530 779 184 65 quidem,
664 779 100 65 in
714 779 184 65 quantum
848 779 134 65 Deus

111 831 90 54 &
147 831 181 54 datur,
274 831 109 54 in
328 831 199 54 quantum
473 831 163 54 donum
581 831 145 54 siue
672 831 181 54 datum.
798 831 127 54 Cum
852 831 109 54 aute

105 868 169 67 donatio
228 868 123 67 siue
305 868 139 67 datio
397 868 185 67 Spiritus
536 868 154 67 sancti
644 868 108 67 sit
705 868 185 67 operatio
844 868 123 67 Dei,
906 868 46 67 &

103 926 203 57 communis
255 926 118 57 sit
323 926 84 57 &
357 926 203 57 indiuisa
509 926 203 57 operatio
661 926 152 57 trium
745 926 203 57 Personarum

111 973 150 50 datur
211 973 166 50 itaque
327 973 199 50 Spiritus
477 973 183 50 sanctus
610 973 116 50 non
676 973 166 50 tantum
792 973 83 50 a
809 973 133 50 Patre&

111 1024 154 57 Filio,
218 1024 108 57 sed
280 1024 139 57 etiam
372 1024 77 57 a
403 1024 169 57 seipso.
526 1024 123 57 Vnde
603 1024 77 57 e
634 1024 123 57 Aug.
711 1024 92 57 in
757 1024 108 57 xv.
819 1024 123 57 lib.
880 1024 62 57 di

116 1074 170 52 Trinit.
239 1074 139 52 dicit
331 1074 123 52 quod
408 1074 170 52 seipsum
532 1074 123 52 dat.
609 1074 154 52 Sicut,
717 1074 170 52 inquit,
825 1074 123 52 corpus

110 1121 158 47 carnis
221 1121 143 47 nihil
316 1121 111 47 est
380 1121 143 47 aliud
475 1121 127 47 quam
554 1121 143 47 caro:
649 1121 111 47 sic
712 1121 143 47 donum
792 1121 158 47 Spiritus

111 1167 157 61 sancti
221 1167 141 61 nihil
315 1167 110 61 est
378 1167 126 61 quam
457 1167 188 61 Spiritus
598 1167 188 61 sanctus.
739 1167 94 61 In
786 1167 157 61 tantum
880 1167 63 61 er

105 1226 101 53 go
156 1226 152 53 donum
257 1226 118 53 Dei
325 1226 135 53 est,
409 1226 101 53 in
460 1226 186 53 quantum
595 1226 152 53 datur
696 1226 118 53 eis
763 1226 169 53 quibus
865 1226 84 53 da-

107 1270 128 55 tur.
187 1270 128 55 Apud
267 1270 96 55 se
315 1270 144 55 autem
411 1270 128 55 Deus
491 1270 128 55 est,
572 1270 128 55 etsi
652 1270 160 55 nemini
764 1270 160 55 datur:
860 1270 96 55 quia

110 1314 134 50 Deus
194 1314 134 50 erat
278 1314 151 50 Patri
379 1314 84 50 &
412 1314 151 50 Filio
513 1314 235 50 coaeternus
697 1314 134 50 ante
781 1314 134 50 quam
848 1314 101 50 cui-

105 1373 140 59 quam
192 1373 210 59 daretur.
349 1373 122 59 Nec
419 1373 87 59 a
454 1373 140 59 quia
541 1373 140 59 illi
629 1373 140 59 dant
716 1373 87 59 &
751 1373 140 59 ipse
821 1373 122 59 datur

106 1407 126 70 ideo
185 1407 142 70 minor
280 1407 110 70 est
343 1407 158 70 illis.
453 1407 110 70 Ita
516 1407 126 70 enim
595 1407 158 70 datur,
705 1407 142 70 sicut
800 1407 110 70 Dei
847 1407 95 70 donu

110 1463 96 58 vt
158 1463 145 58 etiam
254 1463 177 58 seipsum
383 1463 128 58 det,
463 1463 145 58 sicut
560 1463 145 58 Deus.
656 1463 112 58 Non
720 1463 128 58 enim
800 1463 128 58 dici
865 1463 80 58 po-

106 1510 116 54 test
178 1510 101 54 non
236 1510 116 54 esse
308 1510 116 54 suae
381 1510 217 54 potestatis,
555 1510 87 54 de
598 1510 101 54 quo
656 1510 145 54 dictum
758 1510 116 54 est,
816 1510 130 54 Spiritu

100 1555 109 67 ubi
163 1555 125 67 vult
241 1555 172 67 spirat.
366 1555 125 67 Ecce
444 1555 156 67 aperte
554 1555 141 67 dicit
648 1555 125 67 quod
726 1555 188 67 Spiritus
851 1555 94 67 san-

112 1603 129 55 ctus
192 1603 177 55 seipsum
321 1603 129 55 dat.
402 1603 97 55 Si
450 1603 145 55 enime
547 1603 193 55 Spiritus
692 1603 177 55 sanctus
805 1603 145 55 seipsum

107 1656 131 58 dare
188 1656 114 58 non
254 1656 179 58 potest,
384 1656 82 58 &
417 1656 114 58 eum
482 1656 147 58 Pater
580 1656 131 58 dare
661 1656 179 58 potest,
792 1656 82 58 &
808 1656 147 58 Filius:

106 1711 165 68 potest
221 1711 165 68 vtique
336 1711 148 68 Pater
435 1711 132 68 dare
517 1711 181 68 aliquid
649 1711 82 68 &
682 1711 181 68 Filius,
814 1711 132 68 quod
880 1711 82 68 non
