1263 2032
323 95 170 81 potest
442 95 204 81 Spiritus
596 95 204 81 sanctus.
749 95 153 81 Item,
851 95 119 81 Si:
919 95 153 81 Pater
1022 95 85 81 &
1039 95 136 81 Filius

319 155 125 56 dant
397 155 187 56 Spiritum
537 155 187 56 sanctum,
677 155 109 56 nec
740 155 125 56 ipse
818 155 125 56 dat:
895 155 171 56 aliquid
1020 155 125 56 ergo
1082 155 78 56 pa-

326 213 117 47 ter
393 213 201 47 operatur
544 213 84 47 &
578 213 184 47 Filius,
712 213 134 47 quod
795 213 117 47 non
862 213 201 47 operatur
996 213 168 47 Spiritus

334 248 174 75 anctus:
461 248 111 75 dat
524 248 127 75 ergo
604 248 190 75 Spiritus
746 248 174 75 sanctus
873 248 190 75 seipsum.
1016 248 111 75 Sib
1063 248 111 75 autem

324 297 175 65 seipsum
451 297 127 65 dat,
531 297 127 65 tunc
610 297 79 65 a
642 297 159 65 seipso
753 297 191 65 procedit
896 297 79 65 &
928 297 207 65 mittitur,
1071 297 95 65 quod

323 342 168 72 vtique
441 342 151 72 verum
542 342 135 72 est.
626 342 118 72 Nam
693 342 219 72 processio
861 342 235 72 temporalis
1029 342 135 72 Spiri-

316 410 105 49 tus
376 410 150 49 sancti
481 410 105 49 vel
541 410 165 49 missio,
660 410 150 49 ipsius
765 410 105 49 est
825 410 180 49 donatio,
959 410 75 49 &
989 410 120 49 ipsa
1064 410 105 49 Dei
1109 410 60 49 o-

320 439 192 74 peratio.
464 439 192 74 Procedit
607 439 128 74 ergo
687 439 192 74 Spiritus
831 439 176 74 sanctus
943 439 223 74 temporaliter

321 491 76 76 a
351 491 107 76 se,
412 491 76 76 &
443 491 183 76 mittitur
581 491 76 76 a
611 491 107 76 se:
672 491 122 76 quia
749 491 138 76 datur
840 491 76 76 a
856 491 76 76 se.

567 557 275 83 CAP.
704 557 138 83 II

359 609 123 72 Non
430 609 123 72 est
500 609 176 72 mirum,
623 609 105 72 si
676 609 211 72 Spiritus
834 609 193 72 sanctus
957 609 158 72 dicatur

431 667 163 56 mitti
539 667 127 56 vel
612 667 235 56 procedere
793 667 90 56 a
829 667 127 56 se,
901 667 145 56 quum
974 667 72 56 e-

498 715 144 71 tiam
588 715 180 71 Filius
714 715 198 71 dicatur
840 715 108 71 mit-

662 762 91 64 ti
707 762 76 64 a
722 762 76 64 se.

366 802 106 91 NE
419 802 159 91 autem
525 802 194 91 mireris
666 802 141 91 quod
754 802 212 91 Spiritus
913 802 194 91 sanctus
1037 802 123 91 dici-

321 865 115 69 tur
386 865 148 69 mitti
485 865 115 69 vel
551 865 214 69 procedere
715 865 82 69 a
748 865 115 69 se.
814 865 115 69 Nam
880 865 82 69 &
912 865 99 69 de
962 865 148 69 Filio
1044 865 115 69 dicit

323 925 128 59 Aug.
403 925 96 59 in
451 925 112 59 ij.
515 925 128 59 lib.
595 925 96 59 de
643 925 176 59 Trinit.
772 925 128 59 quod
852 925 112 59 non
916 925 160 59 tantum
1028 925 80 59 a
1044 925 112 59 Patre

318 963 146 81 missus
420 963 116 81 est,
493 963 102 81 sed
551 963 131 81 etiam
639 963 73 81 a
668 963 146 81 seipso
770 963 73 81 &
799 963 73 81 a
828 963 160 81 Spiritu
944 963 160 81 sancto:
1046 963 102 81 quae-

316 1014 125 64 rens
395 1014 172 64 quomodo
520 1014 157 64 Filius
630 1014 110 64 vel
692 1014 188 64 Spiritus
833 1014 172 64 sanctus
958 1014 110 64 sit
1021 1014 172 64 missus,

312 1060 135 72 cum
389 1060 212 72 vterque
543 1060 135 72 sit
620 1060 193 72 vbique
755 1060 212 72 tanquam
909 1060 173 72 Deus.
1024 1060 135 72 Nam
1082 1060 77 72 v-

314 1104 177 72 terque,
443 1104 161 72 inquit
555 1104 129 72 Aug.
636 1104 177 72 legitur
765 1104 177 72 missus.
893 1104 97 72 De
942 1104 177 72 Spiritu
1054 1104 97 72 san-

318 1168 114 68 cto
383 1168 130 68 enim
464 1168 195 68 legitur,
611 1168 146 68 Quaem
708 1168 163 68 mittet
822 1168 146 68 Pater
920 1168 98 68 in
969 1168 163 68 nomine
1066 1168 98 68 meo.

316 1227 102 43 Et
367 1227 187 43 iterum,
503 1227 221 43 Siabiero,
673 1227 170 43 mittam
791 1227 119 43 eum
859 1227 102 43 ad
910 1227 136 43 vos.
995 1227 102 43 Et
1029 1227 136 43 Filius

308 1254 104 78 de
360 1254 104 78 se
412 1254 174 78 dicit,
533 1254 156 78 Exiui
637 1254 87 78 a
672 1254 174 78 Patre,
794 1254 87 78 &
828 1254 139 78 veni
915 1254 104 78 in
967 1254 191 78 mundum.
1089 1254 69 78 Et

315 1306 224 79 Apostolus
487 1306 172 79 dicit:
607 1306 155 79 Misit
711 1306 138 79 Deus
797 1306 172 79 Filium
917 1306 155 79 suum.
1020 1306 103 79 In
1055 1306 103 79 Pro-

310 1351 151 77 pheta
411 1351 151 77 autem
512 1351 202 77 scriptum
663 1351 118 77 est
730 1351 101 77 ex
780 1351 185 77 persona
915 1351 134 77 Dei,
999 1351 168 77 Caelum
1100 1351 50 77 &

306 1399 167 65 terram
423 1399 117 65 ego
490 1399 183 65 impleo.
623 1399 167 65 Itaque
740 1399 100 65 si
790 1399 167 65 vbique
907 1399 133 65 Deus
990 1399 133 65 est,
1057 1399 100 65 vbi-

308 1455 106 62 que
369 1455 121 62 ergo
444 1455 106 62 est
505 1455 167 62 Filius,
627 1455 152 62 vbique
733 1455 137 62 etiam
824 1455 106 62 est
885 1455 182 62 Spiritus
1006 1455 152 62 sanctus.

297 1504 140 78 llluc
391 1504 124 78 ergo
468 1504 155 78 missus
577 1504 109 78 est
639 1504 155 78 Filius
748 1504 78 78 &
779 1504 109 78 Sp.
841 1504 186 78 sanctus,
981 1504 109 78 vbi
1027 1504 109 78 erut.

561 1555 281 61 CAP.
701 1555 176 61 III

423 1596 211 87 Quomodo
576 1596 307 87 intelligenda
826 1596 134 87 sit
883 1596 154 87 missio

583 1652 229 64 vtriusque.

357 1702 212 74 Quocirca
516 1702 247 74 quaerendum
711 1702 141 74 est,
799 1702 194 74 quomodo
923 1702 247 74 intelligatur
