1263 2033
299 127 223 56 respondet:
474 127 95 56 in
522 127 111 56 il.
585 127 143 56 libro
681 127 95 56 de
729 127 223 56 Trinitate,
904 127 175 56 dicens,
1031 127 111 56 Hoc
1078 127 80 56 di-

290 187 145 44 ctum
380 187 145 44 esse
471 187 217 44 secundum
634 187 181 44 formam
760 187 181 44 serui,
887 187 217 44 secundum
1049 187 145 44 quam

290 224 108 54 non
351 224 139 54 fecit
444 224 93 54 vt
490 224 231 54 mitteretur,
675 224 93 54 id
722 224 123 54 est,
799 224 108 54 non
860 224 185 54 operatus
999 224 108 54 est
1046 224 123 54 incar-

287 278 236 57 nationem,
468 278 127 57 sed
541 278 218 57 secundum
704 278 181 57 formam
813 278 109 57 Dei-

497 334 298 82 CAP.
646 334 186 82 IX.

407 393 172 78 Vtrum
522 393 172 78 semel
636 393 191 78 tantum
770 393 191 78 missus
884 393 96 78 sit

555 453 180 69 Filius,
685 453 98 69 an
718 453 131 69 saepe.

348 514 128 60 HIC
421 514 256 60 quaeritur,
622 514 164 60 vtrum
731 514 164 60 semel
841 514 183 60 tantum
968 514 183 60 missus
1078 514 91 60 sit

298 568 176 55 Filius,
426 568 96 55 an
474 568 128 55 sape
553 568 208 55 mittatur:
713 568 96 55 si
761 568 128 55 enim
841 568 160 55 missio
952 568 144 55 Filij
1032 568 128 55 ipsius

292 618 176 58 tantum
415 618 246 58 incarnatio
609 618 141 58 est,
697 618 123 58 cum
767 618 158 58 semel
872 618 176 58 tantum
978 618 193 58 incamatus

299 664 130 64 sit,
380 664 81 64 &
412 664 146 64 semel
510 664 162 64 tantum
623 664 179 64 videtur
753 664 179 64 missus.
883 664 97 64 At
932 664 97 64 si
980 664 146 64 saepe
1062 664 97 64 mit-

304 715 168 51 titur,
422 715 118 51 est
489 715 84 51 &
523 715 134 51 alia
607 715 134 51 eius
691 715 185 51 missio,
825 715 134 51 quam
909 715 235 51 incamatio.
1077 715 84 51 Sed

304 774 131 49 quae
386 774 115 49 est
451 774 148 49 illa:
549 774 180 49 Nunquid
681 774 180 49 aeterna
812 774 197 49 genitura
959 774 164 49 missio
1058 774 98 49 eius

302 807 170 61 dicenda
425 807 124 61 est,
503 807 93 61 an
549 807 139 61 etiam
642 807 124 61 alia
719 807 155 61 missio
828 807 201 61 quaerenda
967 807 93 61 est:

561 891 256 97 CAP.
689 891 128 97 X.

442 969 161 80 Quod
542 969 201 80 duobus
683 969 181 80 modis
783 969 181 80 dicitur

583 1024 181 68 Filius
691 1024 145 68 mitti.

341 1074 114 87 AD
398 1074 152 87 quod
493 1074 227 87 dicimus,
663 1074 152 87 quod
758 1074 190 87 duobus
891 1074 171 87 modis
985 1074 171 87 dicitur

307 1150 165 56 Filius
422 1150 148 56 mitti
521 1150 181 56 praeter
652 1150 148 56 illam
751 1150 198 56 aeternam
899 1150 231 56 genituram,
1064 1150 99 56 quae

301 1192 254 71 ineffabilis
504 1192 136 71 est:
589 1192 203 71 secundum
742 1192 136 71 quam
826 1192 152 71 etiam
928 1192 169 71 missus
1029 1192 136 71 posset

304 1238 144 64 dici,
400 1238 96 64 vt
448 1238 176 64 videtur
576 1238 224 64 quibusdam,
752 1238 112 64 sed
816 1238 160 64 melius
928 1238 96 64 ac
976 1238 160 64 verius
1072 1238 80 64 se-

300 1290 171 61 cundum
420 1290 120 61 eam
488 1290 188 61 dicitur
625 1290 205 61 genitus.
779 1290 188 61 Praeter
916 1290 120 61 eam
984 1290 137 61 ergo
1052 1290 103 61 duo-

299 1352 109 42 bus
362 1352 141 42 modis
456 1352 172 42 dicitur
581 1352 156 42 mitti,
690 1352 203 42 scilicet,
846 1352 109 42 vel
909 1352 109 42 cum
956 1352 203 42 visibiliter

305 1385 157 63 mundo
409 1385 209 63 apparuit
566 1385 139 63 came
653 1385 209 63 indutus,
809 1385 122 63 vel
879 1385 122 63 cum
948 1385 104 63 se
1000 1385 104 63 in
1053 1385 139 63 ani¬

303 1431 106 75 mas
363 1431 121 75 pias
439 1431 106 75 sic
500 1431 212 75 transfert,
666 1431 91 75 vt
712 1431 91 75 ab
757 1431 106 75 eis
818 1431 227 75 percipiatur
1000 1431 91 75 ac
1030 1431 121 75 cogno-

307 1482 190 63 scatur.
445 1482 121 63 Hos
514 1482 138 63 duos
600 1482 225 63 missionis
773 1482 155 63 modos
877 1482 173 63 aperte
980 1482 173 63 Augusti-

304 1537 112 47 nus
368 1537 224 47 distinguit
544 1537 96 47 in
592 1537 160 47 quarto
704 1537 144 47 libro
799 1537 96 47 de
847 1537 224 47 Trinitate,
1007 1537 144 47 dicens,

308 1584 114 55 Non
373 1584 98 55 eo
422 1584 131 55 ipso
503 1584 131 55 quod
585 1584 98 55 de
634 1584 147 55 Patre
732 1584 147 55 natus
830 1584 131 55 est,
911 1584 163 55 missus
1009 1584 147 55 dicitur

310 1639 198 46 Filius:
454 1639 126 46 sed
526 1639 108 46 eo
580 1639 144 46 quod
670 1639 216 46 apparuit
831 1639 144 46 huic
921 1639 162 46 mundo
1011 1639 144 46 Verbum

310 1680 134 60 caro
394 1680 184 60 factum,
528 1680 150 60 (Vnde
628 1680 167 60 dicit,
745 1680 84 60 A
778 1680 150 60 Patre
879 1680 167 60 exiui,
996 1680 84 60 &
1029 1680 134 60 veni
1096 1680 67 60 in

296 1727 206 78 mundum)
446 1727 131 78 vel
521 1727 112 78 eo
577 1727 150 78 quod
671 1727 112 78 ex
727 1727 206 78 tempore
876 1727 243 78 cuiusquam
1045 1727 112 78 men
