1283 2035
125 130 122 63 set
194 130 157 63 etiam
299 130 139 63 Deus
386 130 174 63 Pater,
508 130 122 63 per
577 130 226 63 subiectam
752 130 226 63 creaturam
908 130 70 63 vi

125 193 215 47 sibiliter
291 193 231 47 appareret:
473 193 264 47 absurdissime
687 193 149 47 tamen
787 193 116 47 aut
853 193 83 47 a
869 193 116 47 Filio

132 239 128 56 quem
212 239 176 56 genuit,
340 239 112 56 aut
404 239 80 56 a
436 239 176 56 Spiritu
564 239 160 56 sancto
676 239 112 56 qui
740 239 96 56 de
788 239 128 56 illo
852 239 128 56 proce-

133 277 129 71 dit,
213 277 161 71 missus
326 277 225 71 diceretur.
503 277 241 71 Congruenter
696 277 145 71 autem
792 277 129 71 ille
856 277 129 71 missus

132 338 184 66 dicitur,
270 338 108 66 qui
331 338 92 66 in
377 338 138 66 carme
470 338 200 66 apparuit:
623 338 169 66 misisse
746 338 138 66 autem
838 338 138 66 ille,
915 338 77 66 qui

128 372 101 74 in
179 372 101 74 ea
229 372 118 74 non
280 372 185 74 apparuit.

319 464 288 77 CAP.
463 464 252 77 XIIII

180 542 283 75 Putauerunt
402 542 202 75 quidam
544 542 202 75 Filium
685 542 101 75 &
706 542 202 75 Spiritum

280 596 209 68 sanctum
432 596 209 68 minores
585 596 190 68 fuisse
699 596 95 68 Pa-

383 640 123 79 tre,
459 640 123 79 quia
536 640 138 79 missi
613 640 77 79 di

435 699 176 57 cuntur.

171 736 171 92 IDEO
278 736 150 92 QVE
363 736 300 92 putauerunt
599 736 214 92 quidam
727 736 257 92 haeretici,

126 802 126 67 quum
205 802 142 67 Pater
300 802 110 67 non
363 802 110 67 sit
426 802 173 67 missus,
552 802 110 67 sed
615 802 158 67 Filius
725 802 79 67 &
757 802 189 67 Spiritus
883 802 79 67 san

131 858 152 57 ctus,
233 858 169 57 Patrem
351 858 135 57 esse
436 858 203 57 maiorem,
588 858 102 57 ac
639 858 169 57 Filium
757 858 186 57 minorem
875 858 102 57 esse

122 911 87 56 &
156 911 209 56 Spiritum
313 911 209 56 sanctum,
470 911 157 56 atque
575 911 192 56 Patrem,
714 911 157 56 quasi
802 911 174 56 maiorem,

121 961 202 52 misisse
267 961 220 52 vtrunque
433 961 165 52 quasi
543 961 220 52 minorem.
708 961 147 52 Quod
781 961 184 52 Augustin

124 999 187 71 improbat
265 999 94 71 in
312 999 156 71 quarto
421 999 140 71 libro
514 999 94 71 de
561 999 218 71 Trinitate,
733 999 140 71 illis
811 999 156 71 contradi

129 1055 160 47 cens.
236 1055 124 47 Non
307 1055 160 47 ideo,
413 1055 195 47 inquit,
555 1055 266 47 arbitrandum
768 1055 124 47 est
821 1055 160 47 minorem

121 1088 131 75 esse
202 1088 163 75 Filium
317 1088 131 75 quod
398 1088 163 75 missus
513 1088 114 75 est
578 1088 82 75 a
611 1088 163 75 Patre,
725 1088 114 75 nec
790 1088 131 75 ideo
856 1088 114 75 mino-

125 1149 126 71 rem
197 1149 216 71 Spiritum
359 1149 216 71 sanctum,
521 1149 144 71 quod
611 1149 90 71 &
647 1149 162 71 Pater
755 1149 126 71 eum
827 1149 162 71 misit
917 1149 54 71 &

123 1197 181 67 Filius:
254 1197 132 67 siue
336 1197 132 67 enim
419 1197 181 67 propter
550 1197 214 67 visibilem
715 1197 230 67 creaturam,
879 1197 99 67 siue

127 1248 166 72 potius
243 1248 182 72 propter
376 1248 216 72 principij
542 1248 249 72 autoritatem
741 1248 116 72 vel
791 1248 182 72 commenda-

119 1303 185 59 tionem,
254 1303 118 59 non
321 1303 185 59 propter
456 1303 303 59 inaequalitatem
708 1303 118 59 vel
758 1303 219 59 imparilita-

118 1348 120 59 tem
186 1348 120 59 uel
255 1348 343 59 dissimilitudinem
546 1348 274 59 substantiae,
769 1348 103 59 in
804 1348 171 59 Scriptu-

120 1388 112 53 ris
184 1388 128 53 haec
264 1388 161 53 posita
377 1388 289 53 intelliguntur.
618 1388 112 53 Non
682 1388 128 53 ergo
762 1388 128 53 ideo
826 1388 145 53 dicitur

115 1444 161 73 Pater
222 1444 196 73 misisse
365 1444 179 73 Filium
490 1444 125 73 vel
561 1444 214 73 Spiritum
722 1444 214 73 sanctum,
865 1444 107 73 quod

112 1477 136 83 ille
197 1477 153 83 esset
299 1477 170 83 mauor,
418 1477 85 83 &
452 1477 136 83 illi
537 1477 204 83 minores:
690 1477 119 83 sed
758 1477 170 83 maxime
860 1477 102 83 pro-

113 1543 162 63 pter
214 1543 304 63 autoritatem
457 1543 263 63 principij
659 1543 344 63 commendandam:
922 1543 61 63 &

116 1586 130 71 quia
197 1586 97 71 in
245 1586 194 71 visibili
391 1586 194 71 creatura
537 1586 130 71 non,
618 1586 146 71 sicut
715 1586 146 71 ille,
796 1586 178 71 apparuit.

120 1638 136 67 Ecce
205 1638 204 67 ostensum
359 1638 119 67 est
427 1638 136 67 quae
512 1638 119 67 sit
580 1638 187 67 missio,
716 1638 85 67 &
750 1638 170 67 quibus
853 1638 119 67 modis

98 1683 193 61 mittatur.
