1274 2028
126 117 170 78 lsaiam
245 117 220 78 Prophetam
414 117 136 78 ipse
499 117 204 78 Christus
652 117 271 78 intelligitur
872 117 102 78 de
906 117 68 78 ad

131 171 165 67 uentum
247 171 116 67 suo
313 171 165 67 futuro
429 171 182 67 dicere,
561 171 83 67 &
594 171 132 67 nunc
677 171 182 67 Dominus
809 171 149 67 misit
891 171 83 67 me,

125 222 150 63 Haec
219 222 169 63 verba
332 222 263 63 Augustini,
539 222 113 63 vt
595 222 169 63 plane
708 222 150 63 eius
783 222 207 63 sententia

130 271 93 70 &
168 271 168 70 ratio
280 271 392 70 repraesentaretur,
615 271 354 70 praetermittenda
895 271 93 70 non

105 322 215 66 fuerunt.

257 361 150 71 Quia
351 361 94 71 &
389 361 94 71 a
426 361 225 71 Spiritu.
595 361 244 71 Ambrosius
783 361 169 71 habet
877 361 113 71 cap.

136 416 97 73 x.
184 416 113 73 Ii.
249 416 97 73 g.
297 416 97 73 de
345 416 177 73 Spiritu
474 416 161 73 sancto
587 416 129 73 Qui,
667 416 129 73 iste
748 416 129 73 vero
828 416 145 73 Quia:
909 416 80 73 aa-

144 467 112 60 tus
208 467 112 60 est
272 467 160 60 autem,
384 467 144 60 audeo
480 467 160 60 dicere
592 467 80 60 &
624 467 96 60 ab
672 467 192 60 Spiritu,
816 467 112 60 qui
864 467 128 60 missus

149 520 97 47 ab
197 520 178 47 Spiritu
327 520 130 47 est.
408 520 130 47 Haec
489 520 146 47 leuis
586 520 113 47 est
651 520 227 47 immutatio:
829 520 130 47 ista
910 520 113 47 iam

134 564 224 59 grauior,
302 564 149 59 quod
396 564 131 59 hic
470 564 261 59 pulcherim:
676 564 224 59 Ambrosij
844 564 168 59 locus
937 564 56 59 a

140 617 150 59 vera
234 617 187 59 ipsius
365 617 168 59 mente
477 617 281 59 detorquetur
702 617 262 59 logissime.
889 617 112 59 Quod

138 677 143 41 enim
227 677 179 41 docet,
352 677 179 41 Filium
477 677 89 41 &
513 677 89 41 a
549 677 161 41 Patre
656 677 89 41 &
692 677 89 41 a
727 677 196 41 Spiritu
852 677 143 41 sancto

137 711 151 58 datum
238 711 151 58 esse,
339 711 101 58 id
389 711 118 58 cur
456 711 218 58 disputet,
624 711 235 58 breuissime
809 711 118 58 his
860 711 134 58 verbis

147 758 201 68 explicat
298 758 218 68 Ambrosius
466 758 151 68 ipse.
566 758 101 68 Si
617 758 218 68 subiectum
784 758 101 68 in
834 758 101 68 eo
868 758 134 68 putant

145 813 145 57 fuisse
246 813 159 57 Filium,
362 813 116 57 quia
434 813 145 57 missus
536 813 116 57 est:
608 813 145 57 yratia
709 813 116 57 esse
782 813 145 57 negare
883 813 101 57 non
927 813 72 57 pos

134 857 134 60 sunt
218 857 134 60 quod
302 857 151 60 datus
403 857 134 60 est.
487 857 101 60 Et
537 857 185 60 postea.
672 857 134 60 Ergo
756 857 101 60 no
806 857 168 60 potuit
907 857 101 60 diui

141 912 111 56 nae
205 912 254 56 subiectionis
411 912 143 56 esse,
506 912 127 56 quod
585 912 143 56 datus
681 912 127 56 est:
760 912 111 56 Non
823 912 127 56 ergo
903 912 95 56 vt
935 912 63 56 in

142 954 126 52 has
214 954 270 52 quaestiones
430 954 252 52 intricatas
627 954 126 52 nos
699 954 270 52 coniicerems
897 954 108 52 haec

148 997 210 60 disputat
305 997 140 60 pius
392 997 140 60 ille
480 997 192 60 doctor,
619 997 122 60 sed
689 997 105 60 vt
724 997 280 60 intelligeremus

139 1058 222 51 missione
305 1058 148 51 siue
397 1058 314 51 incarnationem
656 1058 203 51 Christi
804 1058 148 51 esse
878 1058 129 51 donum

149 1098 138 51 Dei
228 1098 255 51 immensum.
424 1098 196 51 Deinde
562 1098 118 51 vt
621 1098 314 51 haereticorum
857 1098 138 51 Aria-

146 1155 164 53 norum
255 1155 219 53 delirijs
419 1155 273 53 occurreret,
638 1155 128 53 qui
711 1155 200 53 voculam
856 1155 182 53 illam,

140 1195 193 60 Missus,
281 1195 246 60 captantes,
474 1195 105 60 ex
527 1195 105 60 ea
580 1195 176 60 Filium
702 1195 141 60 esse
790 1195 193 60 minorem
913 1195 88 60 Pa-

152 1245 133 66 tre
228 1245 303 66 colligebant,
474 1245 152 66 quam
569 1245 171 66 eorum
683 1245 265 66 sententiam
891 1245 152 66 idem

146 1292 242 60 Ambrosius
332 1292 204 60 eiusdem
481 1292 186 60 operis
611 1292 149 60 cap.
704 1292 111 60 I.
759 1292 204 60 refutat
908 1292 93 60 &
927 1292 74 60 a.

147 1344 102 64 Ac
198 1344 153 64 primo
300 1344 170 64 quidem
419 1344 170 64 capite
538 1344 119 64 his
606 1344 187 64 verbis,
742 1344 102 64 Si
793 1344 136 64 ergo
878 1344 102 64 se
912 1344 85 64 in-

152 1385 146 63 uicem
249 1385 162 63 Filius
363 1385 81 63 &
395 1385 195 63 Spiritus
541 1385 195 63 mittunt,
688 1385 146 63 sicut
785 1385 146 63 Pater
866 1385 130 63 misit-

146 1443 115 53 non
211 1443 262 53 subiectionis
424 1443 196 53 iniuria,
571 1443 115 53 sed
637 1443 229 53 communitas
801 1443 196 53 potestatis

141 1497 156 49 est.
239 1497 215 49 Secundo
395 1497 176 49 autem
512 1497 215 49 capite.
668 1497 215 49 Cumergo
824 1497 98 49 &
844 1497 156 49 Filius

138 1537 90 57 &
174 1537 197 57 missus,
317 1537 90 57 &
353 1537 161 57 datus
461 1537 143 57 sit,
550 1537 215 57 Spiritus
711 1537 179 57 quoque
837 1537 179 57 missus
944 1537 54 57 &

145 1591 154 46 datus
248 1591 137 46 sit,
333 1591 171 46 habent
453 1591 171 46 vtique
573 1591 206 46 vnitatem
728 1591 257 46 diuinitatis
916 1591 86 46 qui

148 1628 172 63 habent
268 1628 172 63 operis
388 1628 206 63 vnitate.
543 1628 137 63 Haec
629 1628 241 63 Ambrosius,
818 1628 137 63 quae
904 1628 103 63 vt
938 1628 69 63 ni

145 1676 147 57 hil
229 1676 231 57 commune
397 1676 147 57 cum
481 1676 168 57 isto
587 1676 168 57 loco
692 1676 231 57 habeant
839 1676 168 57 vident

120 1733 197 65 omnes.
