1287 2029
135 103 114 74 ex
192 103 152 74 ipsa
287 103 228 74 verborum
458 103 285 74 recitatione
685 103 247 74 perspicue
856 103 133 74 appa-

140 177 123 56 ret,
217 177 123 56 quae
294 177 108 56 sic
356 177 154 56 habent
464 177 123 56 lib.
541 177 93 56 2.
587 177 170 56 Trinit.
710 177 139 56 Icap.
803 177 93 56 S.
849 177 108 56 Cum
895 177 93 56 ita-

144 223 123 57 que
214 223 123 57 hoc
284 223 88 57 a
319 223 158 57 Patre
423 223 88 57 &
459 223 158 57 Filio
564 223 175 57 factum
686 223 175 57 esset,
809 223 105 57 vt
861 223 105 57 in
896 223 105 57 came

138 262 162 56 Filius
251 262 227 56 appareret,
430 262 243 56 congruenter
625 262 162 56 dictus
738 262 114 56 est
803 262 162 56 missus
901 262 97 56 ille

146 313 115 67 qui
211 313 99 67 in
261 313 99 67 ea
310 313 132 67 came
393 313 214 67 apparuit:
558 313 181 67 misisse
690 313 148 67 autem
789 313 148 67 ille,
888 313 115 67 qui
937 313 66 67 in

144 367 110 50 ea
199 367 128 50 non
272 367 238 50 apoaruit.
455 367 146 50 Quod
546 367 146 50 enim
637 367 110 50 de
692 367 146 50 solo
784 367 165 50 Patre
893 367 91 50 &
912 367 91 50 Fi-

139 414 122 70 lio
208 414 244 70 ἀαοξελικῶς
400 414 157 70 dixit
504 414 191 70 August.
643 414 122 70 hic
713 414 191 70 Sελικῶς
852 414 87 70 &
869 414 122 70 gene-

137 467 197 76 raliter
280 467 215 76 profert,
442 467 161 76 quasi
549 467 107 76 ad
603 467 197 76 homines
746 467 179 76 quoque
854 467 143 76 perti-

143 508 158 82 neat,
249 508 141 82 quod
337 508 158 82 esset
425 508 158 82 falsum:

473 551 191 66 Censura.

182 589 129 81 Tam
255 589 129 81 est
329 589 239 81 implicata
512 589 220 81 Magistri
678 589 239 81 sententia
861 589 92 81 &
880 589 110 81 con-

143 658 182 55 ceptio
270 658 164 55 animi
379 658 127 55 hoc
452 658 164 55 loco,
561 658 109 55 vt
616 658 109 55 ne
670 658 146 55 summ
761 658 182 55 quidem
889 658 91 55 &
907 658 91 55 ac-

139 710 224 45 cutissimi
311 710 172 45 ipsius
431 710 224 45 discipuli
603 710 189 45 assequi
741 710 120 45 eam
793 710 206 45 potuerint.

141 754 184 69 Occan
263 754 306 69 praeterquam
508 754 163 69 quod
610 754 143 69 ait
692 754 143 69 hic
773 754 204 69 tantum
896 754 102 69 agi

138 803 106 64 de
191 803 248 64 vocabulis,
387 803 124 64 non
458 803 106 64 de
511 803 106 64 re
564 803 160 64 vlla,
671 803 160 64 etiam
777 803 177 64 aperte
884 803 106 64 pro-

140 845 224 64 nuntiat
302 845 224 64 sentire
465 845 285 64 Magistrum,
689 845 183 64 Mitti
811 845 102 64 &
831 845 163 64 mitte-

139 898 102 61 re
190 898 136 61 esse
275 898 186 61 commune
410 898 169 61 tribus
529 898 203 61 Personis
681 898 203 61 diuinis,
834 898 186 61 nimirum

147 951 169 56 quasi
260 951 225 56 mittere,
429 951 188 56 &mitti
560 951 244 56 couueniat
747 951 169 56 etiam
841 951 150 56 Patri,

147 1003 91 64 &
183 1003 128 64 sit
256 1003 256 64 attributum
458 1003 256 64 essentiale
659 1003 238 64 Deitatis,
842 1003 110 64 id
878 1003 110 64 quod

141 1043 124 60 est
212 1043 284 60 falsissimum.
443 1043 142 60 Alij
531 1043 195 60 dicunt,
673 1043 177 60 Mitti,
779 1043 213 60 significa-

145 1092 115 50 re
202 1092 96 50 &
241 1092 269 50 attribuere
452 1092 212 50 aliquid
606 1092 269 50 essentiale
799 1092 192 50 Personae

144 1142 135 55 illi
229 1142 135 55 quae
313 1142 220 55 mittitur,
482 1142 118 55 sic
550 1142 220 55 Durandus.
719 1142 135 55 Alij
803 1142 101 55 id
837 1142 152 55 negant,

137 1194 137 57 imo
216 1194 118 57 ne
275 1194 255 57 respectum
471 1194 196 57 quidem
608 1194 177 57 vllum
726 1194 235 57 rationis
883 1194 98 57 de-

142 1236 184 65 notari
270 1236 294 65 perMissionem
509 1236 202 65 putant.
656 1236 147 65 Quae
748 1236 202 65 vtraque
877 1236 110 65 sen-

147 1286 175 67 tentia
269 1286 157 67 certe
374 1286 175 67 quidem
496 1286 122 67 est
566 1286 175 67 quoque
688 1286 262 67 falsissima.
880 1286 105 67 Alij

146 1342 230 48 quaerunt,
323 1342 177 48 vtrum,
447 1342 212 48 originis
606 1342 212 48 duntaxat
765 1342 212 48 ratione,
907 1342 88 48 vna

139 1389 193 48 Persona
280 1389 175 48 diuina
403 1389 105 48 ab
455 1389 140 48 alia
543 1389 158 48 mitti
648 1389 211 48 dicatur,
806 1389 105 48 an
841 1389 158 48 ratione

149 1433 84 51 &
183 1433 101 51 vi
233 1433 202 51 imperij,
385 1433 168 51 Thomas
503 1433 101 51 in
553 1433 101 51 I.
604 1433 152 51 parte
705 1433 185 51 Quaest.
839 1433 118 51 48.
890 1433 101 51 art.

133 1484 112 56 I.
189 1484 130 56 Sic
264 1484 149 56 suos
357 1484 260 56 discipulos
561 1484 223 56 incertos
729 1484 93 56 &
766 1484 205 56 miseros
896 1484 93 56 di-

134 1523 183 66 mittit
262 1523 165 66 iste,
372 1523 128 66 dum
445 1523 165 66 nihil
555 1523 128 66 vel
628 1523 202 66 ordine,
775 1523 128 66 vel
830 1523 165 66 commode

141 1577 235 55 explicat:
321 1577 126 55 sed
394 1577 217 55 curiosas
556 1577 180 55 tantum
682 1577 271 55 quaestiones
881 1577 108 55 con-

146 1629 190 55 sectans
284 1629 225 55 ambitioni
457 1629 138 55 suae
543 1629 173 55 misere
664 1629 190 55 studet,
803 1629 121 55 non
872 1629 156 55 autem

148 1671 215 75 Ecclesiae
314 1671 298 75 aedificationi,
562 1671 83 75 &
596 1671 149 75 verae
695 1671 116 75 Dei
761 1671 182 75 gloriae
877 1671 116 75 illu

126 1721 202 63 strandae.
