1280 2039
302 94 138 68 Hoc
381 94 197 68 primum
519 94 197 68 igitur
656 94 118 68 in
715 94 138 68 hac
794 94 315 68 Distinctione
1030 94 98 68 me-

264 158 161 55 rito
364 158 362 55 reprehendendum
666 158 161 55 est,
766 158 281 55 praesertim
987 158 141 55 cum
1048 158 80 55 se

267 206 209 61 dogmata
419 206 171 61 fidei
533 206 209 61 tradere
685 206 247 61 Lombardus
856 206 266 61 profiteatur.

311 255 256 65 Secundum,
509 255 158 65 quod
607 255 118 65 ex
666 255 197 65 optimo
804 255 197 65 autore
923 255 197 65 Augusti-

267 301 111 55 no
322 301 203 55 quaedam
470 301 259 55 colligens,
673 301 203 55 seuiora
821 301 185 55 tantum
932 301 203 55 decerpit,

278 352 301 68 praetermittit
526 352 159 68 autem
632 352 212 68 vtiliora
791 352 88 68 &
826 352 159 68 magis
933 352 177 68 ardua,
1039 352 88 68 at-

274 397 128 75 que
347 397 165 75 etiam
457 397 165 75 magis
566 397 274 75 necessaria,
786 397 91 75 &
822 397 165 75 scitu
932 397 183 75 digna.
1042 397 91 75 Do-

278 451 122 69 cet
347 451 175 69 igitur
470 451 105 69 ex
522 451 227 69 Augustino
697 451 140 69 iste
784 451 122 69 hoc
837 451 122 69 loco,

378 492 188 70 Filium
510 492 94 70 a
547 492 169 70 Patre
660 492 150 70 esse
735 492 169 70 missum:

384 543 217 73 Aseipso
542 543 197 73 quoque
680 543 158 73 esse
759 543 178 73 missum:

321 593 144 71 Quis
411 593 144 71 vero
501 593 144 71 ista
572 593 216 71 ignorabat-

310 630 93 85 S
348 630 187 85 Filium
478 630 93 85 a
516 630 205 85 Spiritu
665 630 187 85 sancto
795 630 149 85 esse
870 630 168 85 missum.

389 671 179 88 Patrem
515 671 90 88 a
550 671 179 88 nemine
676 671 179 88 mitti,
801 671 108 88 id
855 671 143 88 est,
945 671 161 88 neque
1034 671 90 88 Fi-

269 738 136 71 lio,
354 738 153 71 neque
456 738 187 71 Spiritu
592 738 187 71 sancto.
727 738 136 71 Haec
812 738 119 71 est
880 738 170 71 breuis
982 738 136 71 κυαλu-

277 791 108 67 nς
331 791 180 67 totius
457 791 162 67 huius
566 791 325 67 Distinctionis.
836 791 108 67 At
890 791 198 67 quaerit
1017 791 108 67 Aug.

270 840 177 63 iisdem
394 840 106 63 in
447 840 177 63 libris
571 840 89 63 &
607 840 230 63 capitibus
784 840 142 63 alia
872 840 195 63 quaedam
996 840 124 63 maio-

269 884 119 62 ris
337 884 102 62 ad
388 884 238 62 refutandas
575 884 221 62 haereses,
745 884 136 62 quae
830 884 102 62 ex
881 884 153 62 istis
966 884 153 62 defini-

267 932 233 66 tionibus
441 932 272 66 nascuntur,
636 932 194 66 momenti.

394 976 175 74 Vtrum
510 976 175 74 minor
627 976 136 74 sit
704 976 155 74 quae
802 976 233 74 mittitur
957 976 175 74 Persona

270 1034 252 58 mittente.
464 1034 155 58 Iste
561 1034 136 58 per
638 1034 272 58 transennam
851 1034 136 58 tam
929 1034 194 58 arduam
1065 1034 97 58 &

272 1074 266 65 difficilem,
485 1074 160 65 atque
591 1074 142 65 omni
680 1074 177 65 seculo
804 1074 213 65 agitatam
963 1074 106 65 ab
999 1074 124 65 Aria-

276 1124 122 74 nis
345 1124 261 74 quaestionem
554 1124 139 74 leui
640 1124 174 74 cubito
745 1124 208 74 transigit.

363 1168 154 74 Quum
459 1168 211 74 dicitur
612 1168 211 74 Persona
766 1168 154 74 vna,
862 1168 173 74 aliam
958 1168 173 74 mitten-

280 1214 125 62 re,
352 1214 161 62 vtrum
459 1214 125 62 qui
530 1214 196 62 mittit,
673 1214 196 62 iubeat,
816 1214 125 62 vel
887 1214 161 62 roget
994 1214 125 62 eum
1048 1214 89 62 qui

278 1273 229 76 mittitur
450 1273 115 76 vt
507 1273 153 76 eat,
602 1273 153 76 quod
698 1273 191 76 Thomas
832 1273 210 76 olfecit
965 1273 172 76 quidem,

276 1319 126 73 sed
348 1319 126 73 non
402 1319 181 73 decidit.

316 1353 98 83 s
356 1353 176 83 Vtrum
473 1353 215 83 Persona
629 1353 156 83 quae
726 1353 234 83 mittitur
902 1353 156 83 alio
980 1353 156 83 mitta-

268 1418 136 49 tur,
353 1418 136 49 quam
437 1418 119 49 vbi
505 1418 102 49 ia
556 1418 152 49 erat,
658 1418 119 49 cum
725 1418 119 49 qui
793 1418 203 49 mittitur
946 1418 119 49 sit
1013 1418 152 49 Deus.

278 1471 151 62 Deus
372 1471 169 62 autem
485 1471 132 62 sit
560 1471 207 62 vbique:
711 1471 113 62 in
767 1471 132 62 qua
843 1471 226 62 postrema
993 1471 132 62 quae-

269 1514 180 51 stione
395 1514 144 51 vera
485 1514 162 51 ratio
593 1514 288 51 definitioque
827 1514 180 51 istius
935 1514 198 51 missionis

269 1563 134 51 est
345 1563 287 51 explicanda,
575 1563 115 51 ex
632 1563 134 51 qua
709 1563 172 51 nouum
824 1563 191 51 tantum
958 1563 172 51 modum
1053 1563 77 51 ma

273 1601 275 59 nifestationis
499 1601 194 59 Spiritus
644 1601 162 59 sancti
757 1601 81 59 &
790 1601 275 59 efficacitatis
1000 1601 129 59 illius

273 1664 275 57 significari
492 1664 146 57 voce
584 1664 238 57 Missionis
767 1664 311 57 intelligitur,
1005 1664 128 57 quem-

265 1712 220 61 admodum
425 1712 180 61 etiam
545 1712 220 61 August.
705 1712 160 61 ipse
805 1712 180 61 lib4.
905 1712 220 61 Trinitat.
