1279 2034
280 116 121 66 non
349 116 173 66 tantum
470 116 156 66 illic
574 116 208 66 dicatur,
730 116 173 66 Filius
851 116 156 66 minor
955 116 173 66 Patre,
1059 116 87 66 sed

283 166 156 66 minor
387 166 156 66 ipsis
491 166 208 66 Angelis.
647 166 173 66 Itaque
768 166 104 66 de
820 166 139 66 illo
906 166 156 66 statu
993 166 156 66 Christi

282 218 293 62 intelligendus
523 218 121 62 est
592 218 224 62 epistolae
765 218 103 62 ad
816 218 207 62 Hebraeos
972 218 172 62 locus,
1075 218 69 62 in

285 263 130 71 quo
360 263 149 71 tunc
453 263 167 71 fuit,
564 263 149 71 quum
657 263 279 71 grauissimas
881 263 149 71 irae
974 263 130 71 Dei
1029 263 112 71 poe-

284 325 133 56 nas
360 325 133 56 pro
436 325 171 56 nobis
551 325 267 56 pateretur,
760 325 95 56 &
798 325 152 56 quum
893 325 286 56 exclamaret,

279 359 142 73 Deus
368 359 124 73 mi,
439 359 142 73 Deus
527 359 124 73 mi,
598 359 159 73 quare
704 359 106 73 me
757 359 301 73 dereliquistis
987 359 159 73 Denique

278 409 157 75 quum
377 409 138 75 per
455 409 354 75 coarctationem,
750 409 98 75 &
789 409 236 75 iudicium
946 409 197 75 (quemad-

279 471 167 62 modum
391 471 223 62 loquitur
558 471 186 62 Isaias
689 471 130 62 82.
763 471 112 62 V.
819 471 112 62 8)
875 471 112 62 de
930 471 167 62 mundo
1023 471 112 62 tol-

280 503 229 74 leretur.
451 503 171 74 Alias
566 503 152 74 enim
661 503 210 74 naturam
813 503 95 74 a
851 503 210 74 Christo
985 503 152 74 assum-

278 562 173 62 ptam,
393 562 211 62 quanuis
546 562 153 62 vere
642 562 230 62 humanam,
815 562 153 62 esse
911 562 173 62 tamen
1007 562 134 62 supra

282 594 205 82 Angelos
432 594 168 82 ipsos
544 594 243 82 dignitate
730 594 205 82 euectam
880 594 243 82 praeclare
1048 594 93 82 do-

278 660 124 57 cet
349 660 247 57 Augustinus
543 660 141 57 lib.
631 660 106 57 2.
684 660 176 57 contra
808 660 212 57 Maximin.
967 660 141 57 cap.
1037 660 106 57 324.

279 695 143 66 Sed
360 695 123 66 ad
422 695 266 66 Lombardum
626 695 266 66 redeamus.
831 695 123 66 Is
892 695 164 66 enim
974 695 164 66 neces-

282 742 167 81 sariis
399 742 150 81 istis
500 742 284 81 quaestionibus
734 742 284 81 praetermissis
968 742 184 81 παpeρνα
1085 742 50 81 &

277 796 166 68 άνξum
387 796 203 68 quaedam
535 796 258 68 perturbate
738 796 129 68 hic
793 796 185 68 tractat.

319 843 225 66 Secudum
482 843 184 66 porro
604 843 245 66 Lombardi
788 843 204 66 vitium
931 843 163 66 est,
1013 843 122 66 quod

278 887 129 67 hic
351 887 185 67 quoque
481 887 148 67 suos
573 887 259 67 discipulos
777 887 222 67 dimittit
943 887 222 67 hiantes,

273 938 140 75 cum
353 938 200 75 nondum
493 938 259 75 explicet,
692 938 160 75 quod
792 938 160 75 illi
872 938 259 75 contentioso

282 998 221 59 quaerunt,
452 998 102 59 t.
503 998 153 59 Vtrum
605 998 221 59 apparitio
776 998 187 59 diuinae
912 998 204 59 Personae
1048 998 85 59 ide

270 1053 126 51 sit,
349 1053 142 51 atque
444 1053 174 51 missio.
571 1053 95 51 X.
618 1053 142 51 Vtrum
713 1053 126 51 sola
792 1053 95 51 ea
839 1053 174 51 Persona
966 1053 126 51 quae
1029 1053 95 51 ori-

273 1098 143 63 ginem
368 1098 95 63 ab
416 1098 127 63 alia
495 1098 159 63 habet,
607 1098 111 63 vel
670 1098 159 63 mitti,
781 1098 111 63 vel
845 1098 191 63 apparere
972 1098 143 63 possit.

279 1143 104 55 S.
331 1143 156 55 Vtrum
435 1143 156 55 Pater
539 1143 121 55 qui
608 1143 191 55 nunquam
747 1143 191 55 dicitur
886 1143 191 55 missus,
1008 1143 121 55 tamen

280 1195 238 63 apparuerit
467 1195 238 63 aliquando.
654 1195 102 63 4.
705 1195 153 63 Vtrum
806 1195 221 63 apparitio
976 1195 119 63 vel
1027 1195 102 63 mis-

269 1240 189 53 sio(quum
411 1240 110 53 sit
474 1240 252 53 significatio
679 1240 79 53 &
711 1240 189 53 ostensio
853 1240 237 53 spiritualis
1042 1240 79 53 &
1058 1240 79 53 in-

281 1290 199 55 uisibilis
434 1290 153 55 illius
541 1290 183 55 Personae
678 1290 199 55 actionis,
831 1290 260 55 incarnationem
1030 1290 107 55 Chri-

267 1331 119 72 sti
335 1331 187 72 excipio
471 1331 187 72 )Vtrum,
606 1331 187 72 inquam,
742 1331 136 72 haec
827 1331 170 72 missio
945 1331 204 72 differat
1081 1331 51 72 a

266 1388 248 65 sacramento,
465 1388 116 65 &si
531 1388 198 65 differt,
680 1388 182 65 quomodo
812 1388 215 65 differat.
977 1388 99 65 4.
1010 1388 116 65 Deni-

279 1432 106 57 que
339 1432 106 57 cur
400 1432 106 57 non
460 1432 106 57 sit
520 1432 151 57 missus
626 1432 181 57 Spiritus
762 1432 166 57 sanctus
883 1432 226 57 visibiliter
1049 1432 75 57 Pa-

277 1484 182 53 tribus
404 1484 128 53 sub
477 1484 182 53 veteri
605 1484 274 53 Testamento,
824 1484 274 53 quemadmodum
1025 1484 109 53 Apo-

259 1531 186 60 stolis
390 1531 130 60 sub
464 1531 167 60 Nouo.
576 1531 149 60 Haec
669 1531 93 60 &
706 1531 149 60 alia
799 1531 205 60 quaedam
929 1531 205 60 huiusmodi

266 1587 211 63 quaerunt
425 1587 176 63 istius
548 1587 211 63 magistri
706 1587 246 63 discipuli,
900 1587 106 63 ex
953 1587 176 63 quibus
1059 1587 70 63 4-

260 1626 102 65 &
300 1626 122 65 8.
361 1626 203 65 omnino
504 1626 183 65 scitu
626 1626 305 65 dignissimum
870 1626 163 65 est,
971 1626 102 65 &
992 1626 142 65 tamen

270 1682 198 61 prorsus
414 1682 108 61 ab
468 1682 144 61 isto
559 1682 108 61 ex
613 1682 217 61 professo
775 1682 144 61 ista
865 1682 217 61 tradente
1010 1682 126 61 prae-

259 1724 315 77 termissum.
506 1724 293 77 Quamobrem
731 1724 158 77 hoc
821 1724 225 77 quoque
979 1724 135 77 in
1024 1724 113 77 hac
