1287 2038
289 110 208 75 sancti,
441 110 151 75 quam
535 110 151 75 Dei.
630 110 151 75 Hanc
725 110 170 75 ipsam
819 110 341 75 interpretationem

294 168 207 68 nostram,
449 168 86 68 &
483 168 121 68 sui
552 168 258 68 refutatione
759 168 207 68 agnoscit
914 168 138 68 esse
983 168 172 68 verissi-

289 222 141 52 mam
370 222 222 52 ipsemet
531 222 283 52 Lombardus,
753 222 182 52 infra
874 222 262 52 Distinct.
1056 222 101 52 I7.

299 269 135 63 cap.
384 269 101 63 9.
434 269 118 63 his
502 269 186 63 verbis,
637 269 118 63 Non
704 269 135 63 enim
789 269 152 63 omnes
890 269 169 63 habent
991 269 169 63 Spiritum

299 315 207 58 sanctum,
454 315 103 58 in
506 315 172 58 quibus
626 315 138 58 est:
713 315 207 58 alioquin
868 315 86 58 &
885 315 276 58 irrationabiles

297 356 216 69 creaturae
463 356 182 69 haberet
596 356 199 69 Spiritum
745 356 199 69 sanctum,
895 356 133 69 quod
978 356 149 69 fidei
1060 356 100 69 pie-

292 425 127 47 tas
364 425 127 47 non
437 425 235 47 admittit.
617 425 145 47 Ergo
708 425 307 47 interpretatio
961 425 163 47 huius
1051 425 109 47 suae

288 460 290 54 locutionis
516 460 165 54 fuit
619 460 103 54 a
661 460 248 54 Lombardo
847 460 248 54 addenda.
1012 460 145 54 Porro

290 506 188 68 minime
422 506 263 68 intellecta
628 506 94 68 a
665 506 113 68 se
722 506 188 68 habet,
853 506 169 68 quale
965 506 131 68 est
1022 506 131 68 illud

289 558 133 56 quod
373 558 100 56 de
423 558 183 56 Hilario
556 558 167 56 affert
673 558 133 56 cap.
756 558 100 56 8.
806 558 150 56 huius
906 558 283 56 tractationis.

286 607 142 66 Sic
367 607 162 66 enim
468 607 223 66 Hilarij
630 607 203 66 mentem
772 607 263 66 proponit,
975 607 223 66 tanquam

287 663 230 54 euerteret
464 663 141 54 Aug.
552 663 124 54 cum
623 663 159 54 tamen
729 663 141 54 illi
817 663 177 54 optime
941 663 124 54 cum
1012 663 141 54 Aug.
1082 663 71 54 in

291 701 231 56 solutione
469 701 249 56 conueniat.
665 701 125 56 Sed
736 701 196 56 duplici
878 701 213 56 respectu
1038 701 89 56 &
1056 701 89 56 mo-

283 749 118 56 do
342 749 197 56 Patrem
480 749 177 56 Filio
599 749 217 56 maiorem
757 749 158 56 dici
855 749 177 56 docet
954 749 197 56 Hilarius

294 801 132 52 lib.
377 801 99 52 9.
427 801 248 52 Trinitatis,
625 801 99 52 ex
674 801 182 52 recepta
806 801 116 52 sui
872 801 165 52 seculi
971 801 182 52 sententia

292 844 97 71 &
330 844 368 71 interpretatione
640 844 232 71 aduersus
815 844 213 71 Arianos
970 844 97 71 &
989 844 155 71 Sabel-

292 894 206 54 lianos.
442 894 169 54 Primo
554 894 169 54 modo,
667 894 150 54 quia
760 894 187 54 Filius
892 894 150 54 homo
985 894 131 54 est
1041 894 94 54 fa-

296 943 156 55 ctus,
400 943 156 55 cuius
504 943 191 55 naturae
643 943 191 55 ratione
782 943 191 55 dicitur
920 943 174 55 Filius
1025 943 121 55 minor

288 994 187 63 Patre.
419 994 150 63 Hanc
513 994 187 63 igitur
644 994 262 63 solutionem
850 994 187 63 affert
962 994 187 63 Augusti-

289 1042 158 67 nus:
388 1042 158 67 hanc
487 1042 198 67 quoque
626 1042 198 67 eandem
765 1042 139 67 suo
844 1042 258 67 suffragio
1022 1042 119 67 com-

287 1093 175 62 probat
410 1093 210 62 Hilarius
568 1093 123 62 his
638 1093 193 62 verbis,
778 1093 158 62 Pater
883 1093 158 62 maior
988 1093 140 62 est,
1058 1093 88 62 dum

288 1137 193 66 gloriam
428 1137 210 66 assumpto
585 1137 175 66 homini
708 1137 193 66 rogatur
848 1137 105 66 vt
900 1137 193 66 reddat.
1023 1137 123 66 item,

291 1191 125 60 Nam
363 1191 89 60 &
398 1191 179 60 Pater,
523 1191 125 60 dum
595 1191 89 60 &
631 1191 161 60 Pater
738 1191 143 60 est,
827 1191 89 60 &
863 1191 250 60 glorificat
1042 1191 107 60 nunc

287 1240 176 57 Filium
411 1240 212 57 hominis,
569 1240 159 57 mauor
675 1240 141 57 est.
763 1240 159 57 item,
869 1240 176 57 Patrem
992 1240 194 57 matorem

296 1287 90 72 in
341 1287 240 72 glorificandi
536 1287 210 72 autoritate
701 1287 240 72 cognoscimus.
896 1287 135 72 Ioan.
986 1287 105 72 I2.
1046 1287 90 72 V.
1076 1287 75 72 38.

284 1332 208 71 Secundo
436 1332 151 71 modo
530 1332 170 71 etiam
644 1332 133 71 qua
720 1332 189 71 Filius
852 1332 151 71 Deus
947 1332 133 71 est
1022 1332 114 71 ex
1060 1332 95 71 Deo

293 1382 183 65 Patre,
421 1382 165 65 docet
531 1382 183 65 Hilar.
659 1382 183 65 Filium
787 1382 183 65 quoque
916 1382 147 65 dici
989 1382 165 65 minorum

293 1436 166 64 Patre,
409 1436 166 64 vtpote
525 1436 83 64 a
559 1436 116 64 quo
625 1436 166 64 Filius
741 1436 149 64 habet
840 1436 166 64 einus,
956 1436 116 64 qua
1022 1436 166 64 ratio

295 1477 107 56 ne
349 1477 178 56 Filius
473 1477 142 56 est:
562 1477 124 56 non
633 1477 160 56 autem
739 1477 142 56 quam
828 1477 195 56 ratione
970 1477 124 56 est
1024 1477 124 56 Deus.

289 1524 132 54 Sic
364 1524 151 54 enim
459 1524 169 54 vetus
572 1524 226 54 Ecclesia
741 1524 188 54 contra
873 1524 207 54 Arianos
1004 1524 151 54 dispu-

290 1579 143 59 tans
380 1579 233 59 concessit
559 1579 161 59 Patri
667 1579 197 59 quoddam
810 1579 197 59 ,
954 1579 108 59 &,
1008 1579 108 59 vt

295 1630 111 45 T
517 1630 142 45 ,
611 1630 174 45 DN,
849 1630 269 45 appellaretur,
1054 1630 95 45 que-

291 1671 202 57 admodum
437 1671 183 57 aperte
566 1671 202 57 scribit
713 1671 220 57 Basitius
878 1671 128 57 sub
951 1671 165 57 finem
1043 1671 110 57 lib.

293 1729 106 68 I.
346 1729 177 68 contra
471 1729 230 68 Eunomium.
648 1729 230 68 Etidv7,
825 1729 142 68 ait,
914 1729 106 68 &o
967 1729 124 68 od
1020 1729 142 68 o
