<?xml version="1.0" encoding="UTF-8"?>
<alto xmlns:xsi="http://www.w3.org/2001/XMLSchema-instance"
      xmlns="http://www.loc.gov/standards/alto/ns-v2#"
      xmlns:page="http://schema.primaresearch.org/PAGE/gts/pagecontent/2013-07-15"
      xsi:schemaLocation="http://www.loc.gov/standards/alto/ns-v2# http://www.loc.gov/standards/alto/alto.xsd">
   <Description>
      <MeasurementUnit>pixel</MeasurementUnit>
      <OCRProcessing ID="IdOcr">
         <ocrProcessingStep>
            <processingDateTime>2021-02-10T14:40:00.344-05:00</processingDateTime>
            <processingSoftware>
               <softwareCreator>READ COOP</softwareCreator>
               <softwareName>Transkribus</softwareName>
            </processingSoftware>
         </ocrProcessingStep>
      </OCRProcessing>
   </Description>
   <Tags/>
   <Layout>
      <Page ID="Page1" PHYSICAL_IMG_NR="1" HEIGHT="2019" WIDTH="1254">
         <TopMargin HEIGHT="0" WIDTH="1254" VPOS="0" HPOS="0"/>
         <LeftMargin HEIGHT="2019" WIDTH="0" VPOS="0" HPOS="0"/>
         <RightMargin HEIGHT="2019" WIDTH="0" VPOS="0" HPOS="1254"/>
         <BottomMargin HEIGHT="0" WIDTH="1254" VPOS="2019" HPOS="0"/>
         <PrintSpace HEIGHT="2019" WIDTH="1254" VPOS="0" HPOS="0">
            <TextBlock ID="r1" HEIGHT="1724" WIDTH="858" VPOS="45" HPOS="110">
               <Shape>
                  <Polygon POINTS="110,45 110,1769 968,1769 968,45"/>
               </Shape>
               <TextLine ID="r1l3"
                         BASELINE="155"
                         HEIGHT="66"
                         WIDTH="829"
                         VPOS="89"
                         HPOS="105">
                  <String HEIGHT="66" WIDTH="130" VPOS="89" HPOS="89" CONTENT="quid"/>
                  <SP HEIGHT="66" WIDTH="16" VPOS="89" HPOS="219"/>
                  <String HEIGHT="66"
                          WIDTH="195"
                          VPOS="89"
                          HPOS="170"
                          CONTENT="diligam,"/>
                  <SP HEIGHT="66" WIDTH="16" VPOS="89" HPOS="365"/>
                  <String HEIGHT="66"
                          WIDTH="195"
                          VPOS="89"
                          HPOS="316"
                          CONTENT="diligat."/>
                  <SP HEIGHT="66" WIDTH="16" VPOS="89" HPOS="511"/>
                  <String HEIGHT="66"
                          WIDTH="179"
                          VPOS="89"
                          HPOS="463"
                          CONTENT="fratrem"/>
                  <SP HEIGHT="66" WIDTH="16" VPOS="89" HPOS="641"/>
                  <String HEIGHT="66" WIDTH="81" VPOS="89" HPOS="593" CONTENT="&amp;"/>
                  <SP HEIGHT="66" WIDTH="16" VPOS="89" HPOS="674"/>
                  <String HEIGHT="66"
                          WIDTH="179"
                          VPOS="89"
                          HPOS="625"
                          CONTENT="diligat"/>
                  <SP HEIGHT="66" WIDTH="16" VPOS="89" HPOS="804"/>
                  <String HEIGHT="66"
                          WIDTH="163"
                          VPOS="89"
                          HPOS="755"
                          CONTENT="eandem"/>
                  <SP HEIGHT="66" WIDTH="16" VPOS="89" HPOS="918"/>
                  <String HEIGHT="66"
                          WIDTH="81"
                          VPOS="89"
                          HPOS="853"
                          CONTENT="di"
                          SUBS_TYPE="HypPart1"
                          SUBS_CONTENT="dilectionem."/>
                  <HYP CONTENT="-"/>
               </TextLine>
               <TextLine ID="r1l4"
                         BASELINE="209"
                         HEIGHT="63"
                         WIDTH="836"
                         VPOS="146"
                         HPOS="105">
                  <String HEIGHT="63"
                          WIDTH="239"
                          VPOS="146"
                          HPOS="88"
                          CONTENT="lectionem."
                          SUBS_TYPE="HypPart2"
                          SUBS_CONTENT="dilectionem."/>
                  <SP HEIGHT="63" WIDTH="17" VPOS="146" HPOS="327"/>
                  <String HEIGHT="63"
                          WIDTH="154"
                          VPOS="146"
                          HPOS="276"
                          CONTENT="Magis"/>
                  <SP HEIGHT="63" WIDTH="17" VPOS="146" HPOS="429"/>
                  <String HEIGHT="63"
                          WIDTH="136"
                          VPOS="146"
                          HPOS="378"
                          CONTENT="enim"/>
                  <SP HEIGHT="63" WIDTH="17" VPOS="146" HPOS="514"/>
                  <String HEIGHT="63"
                          WIDTH="154"
                          VPOS="146"
                          HPOS="463"
                          CONTENT="nouit"/>
                  <SP HEIGHT="63" WIDTH="17" VPOS="146" HPOS="617"/>
                  <String HEIGHT="63"
                          WIDTH="256"
                          VPOS="146"
                          HPOS="566"
                          CONTENT="dilectionem"/>
                  <SP HEIGHT="63" WIDTH="17" VPOS="146" HPOS="822"/>
                  <String HEIGHT="63" WIDTH="119" VPOS="146" HPOS="770" CONTENT="qua"/>
                  <SP HEIGHT="63" WIDTH="17" VPOS="146" HPOS="890"/>
                  <String HEIGHT="63"
                          WIDTH="119"
                          VPOS="146"
                          HPOS="822"
                          CONTENT="dili"
                          SUBS_TYPE="HypPart1"
                          SUBS_CONTENT="diligit,"/>
                  <HYP CONTENT="-"/>
               </TextLine>
               <TextLine ID="r1l5"
                         BASELINE="261"
                         HEIGHT="60"
                         WIDTH="827"
                         VPOS="201"
                         HPOS="108">
                  <String HEIGHT="60"
                          WIDTH="135"
                          VPOS="201"
                          HPOS="91"
                          CONTENT="git,"
                          SUBS_TYPE="HypPart2"
                          SUBS_CONTENT="diligit,"/>
                  <SP HEIGHT="60" WIDTH="17" VPOS="201" HPOS="226"/>
                  <String HEIGHT="60"
                          WIDTH="135"
                          VPOS="201"
                          HPOS="176"
                          CONTENT="quam"/>
                  <SP HEIGHT="60" WIDTH="17" VPOS="201" HPOS="311"/>
                  <String HEIGHT="60"
                          WIDTH="186"
                          VPOS="201"
                          HPOS="260"
                          CONTENT="fratrem"/>
                  <SP HEIGHT="60" WIDTH="17" VPOS="201" HPOS="446"/>
                  <String HEIGHT="60"
                          WIDTH="135"
                          VPOS="201"
                          HPOS="395"
                          CONTENT="quem"/>
                  <SP HEIGHT="60" WIDTH="17" VPOS="201" HPOS="530"/>
                  <String HEIGHT="60"
                          WIDTH="203"
                          VPOS="201"
                          HPOS="479"
                          CONTENT="diligit."/>
                  <SP HEIGHT="60" WIDTH="17" VPOS="201" HPOS="682"/>
                  <String HEIGHT="60"
                          WIDTH="135"
                          VPOS="201"
                          HPOS="631"
                          CONTENT="Ecce"/>
                  <SP HEIGHT="60" WIDTH="17" VPOS="201" HPOS="766"/>
                  <String HEIGHT="60"
                          WIDTH="203"
                          VPOS="201"
                          HPOS="716"
                          CONTENT="iampotes"/>
                  <SP HEIGHT="60" WIDTH="17" VPOS="201" HPOS="918"/>
                  <String HEIGHT="60"
                          WIDTH="84"
                          VPOS="201"
                          HPOS="851"
                          CONTENT="no"
                          SUBS_TYPE="HypPart1"
                          SUBS_CONTENT="notiorem"/>
                  <HYP CONTENT="-"/>
               </TextLine>
               <TextLine ID="r1l6"
                         BASELINE="301"
                         HEIGHT="54"
                         WIDTH="835"
                         VPOS="247"
                         HPOS="106">
                  <String HEIGHT="54"
                          WIDTH="174"
                          VPOS="247"
                          HPOS="89"
                          CONTENT="tiorem"
                          SUBS_TYPE="HypPart2"
                          SUBS_CONTENT="notiorem"/>
                  <SP HEIGHT="54" WIDTH="17" VPOS="247" HPOS="263"/>
                  <String HEIGHT="54"
                          WIDTH="139"
                          VPOS="247"
                          HPOS="210"
                          CONTENT="Deum"/>
                  <SP HEIGHT="54" WIDTH="17" VPOS="247" HPOS="350"/>
                  <String HEIGHT="54"
                          WIDTH="174"
                          VPOS="247"
                          HPOS="297"
                          CONTENT="habere"/>
                  <SP HEIGHT="54" WIDTH="17" VPOS="247" HPOS="471"/>
                  <String HEIGHT="54"
                          WIDTH="139"
                          VPOS="247"
                          HPOS="419"
                          CONTENT="quam"/>
                  <SP HEIGHT="54" WIDTH="17" VPOS="247" HPOS="558"/>
                  <String HEIGHT="54"
                          WIDTH="209"
                          VPOS="247"
                          HPOS="506"
                          CONTENT="fratrem."/>
                  <SP HEIGHT="54" WIDTH="17" VPOS="247" HPOS="715"/>
                  <String HEIGHT="54"
                          WIDTH="157"
                          VPOS="247"
                          HPOS="663"
                          CONTENT="Plane"/>
                  <SP HEIGHT="54" WIDTH="17" VPOS="247" HPOS="819"/>
                  <String HEIGHT="54"
                          WIDTH="191"
                          VPOS="247"
                          HPOS="750"
                          CONTENT="notiorem,"/>
               </TextLine>
               <TextLine ID="r1l7"
                         BASELINE="356"
                         HEIGHT="61"
                         WIDTH="835"
                         VPOS="295"
                         HPOS="106">
                  <String HEIGHT="61" WIDTH="128" VPOS="295" HPOS="90" CONTENT="quia"/>
                  <SP HEIGHT="61" WIDTH="16" VPOS="295" HPOS="218"/>
                  <String HEIGHT="61"
                          WIDTH="289"
                          VPOS="295"
                          HPOS="170"
                          CONTENT="praesentiorem,"/>
                  <SP HEIGHT="61" WIDTH="16" VPOS="295" HPOS="459"/>
                  <String HEIGHT="61"
                          WIDTH="128"
                          VPOS="295"
                          HPOS="411"
                          CONTENT="quia"/>
                  <SP HEIGHT="61" WIDTH="16" VPOS="295" HPOS="540"/>
                  <String HEIGHT="61"
                          WIDTH="241"
                          VPOS="295"
                          HPOS="491"
                          CONTENT="interiorem,"/>
                  <SP HEIGHT="61" WIDTH="16" VPOS="295" HPOS="732"/>
                  <String HEIGHT="61"
                          WIDTH="128"
                          VPOS="295"
                          HPOS="684"
                          CONTENT="quia"/>
                  <SP HEIGHT="61" WIDTH="16" VPOS="295" HPOS="813"/>
                  <String HEIGHT="61"
                          WIDTH="193"
                          VPOS="295"
                          HPOS="748"
                          CONTENT="certiorem."/>
               </TextLine>
               <TextLine ID="r1l8"
                         BASELINE="401"
                         HEIGHT="46"
                         WIDTH="833"
                         VPOS="355"
                         HPOS="112">
                  <String HEIGHT="46"
                          WIDTH="265"
                          VPOS="355"
                          HPOS="93"
                          CONTENT="Amplectere"/>
                  <SP HEIGHT="46" WIDTH="19" VPOS="355" HPOS="358"/>
                  <String HEIGHT="46"
                          WIDTH="284"
                          VPOS="355"
                          HPOS="301"
                          CONTENT="dilectionem"/>
                  <SP HEIGHT="46" WIDTH="19" VPOS="355" HPOS="585"/>
                  <String HEIGHT="46"
                          WIDTH="151"
                          VPOS="355"
                          HPOS="529"
                          CONTENT="Deum"/>
                  <SP HEIGHT="46" WIDTH="19" VPOS="355" HPOS="680"/>
                  <String HEIGHT="46" WIDTH="95" VPOS="355" HPOS="623" CONTENT="&amp;"/>
                  <SP HEIGHT="46" WIDTH="19" VPOS="355" HPOS="718"/>
                  <String HEIGHT="46"
                          WIDTH="265"
                          VPOS="355"
                          HPOS="661"
                          CONTENT="dilectione"/>
                  <SP HEIGHT="46" WIDTH="19" VPOS="355" HPOS="926"/>
                  <String HEIGHT="46"
                          WIDTH="95"
                          VPOS="355"
                          HPOS="850"
                          CONTENT="am"
                          SUBS_TYPE="HypPart1"
                          SUBS_CONTENT="amplectere"/>
                  <HYP CONTENT="-"/>
               </TextLine>
               <TextLine ID="r1l9"
                         BASELINE="458"
                         HEIGHT="70"
                         WIDTH="844"
                         VPOS="388"
                         HPOS="109">
                  <String HEIGHT="70"
                          WIDTH="203"
                          VPOS="388"
                          HPOS="92"
                          CONTENT="plectere"
                          SUBS_TYPE="HypPart2"
                          SUBS_CONTENT="amplectere"/>
                  <SP HEIGHT="70" WIDTH="17" VPOS="388" HPOS="295"/>
                  <String HEIGHT="70"
                          WIDTH="152"
                          VPOS="388"
                          HPOS="244"
                          CONTENT="Deum."/>
                  <SP HEIGHT="70" WIDTH="17" VPOS="388" HPOS="396"/>
                  <String HEIGHT="70"
                          WIDTH="135"
                          VPOS="388"
                          HPOS="345"
                          CONTENT="Ipsa"/>
                  <SP HEIGHT="70" WIDTH="17" VPOS="388" HPOS="480"/>
                  <String HEIGHT="70" WIDTH="118" VPOS="388" HPOS="430" CONTENT="est"/>
                  <SP HEIGHT="70" WIDTH="17" VPOS="388" HPOS="548"/>
                  <String HEIGHT="70"
                          WIDTH="219"
                          VPOS="388"
                          HPOS="497"
                          CONTENT="dilectio,"/>
                  <SP HEIGHT="70" WIDTH="17" VPOS="388" HPOS="717"/>
                  <String HEIGHT="70"
                          WIDTH="135"
                          VPOS="388"
                          HPOS="666"
                          CONTENT="quae"/>
                  <SP HEIGHT="70" WIDTH="17" VPOS="388" HPOS="801"/>
                  <String HEIGHT="70"
                          WIDTH="152"
                          VPOS="388"
                          HPOS="750"
                          CONTENT="omnes"/>
                  <SP HEIGHT="70" WIDTH="17" VPOS="388" HPOS="902"/>
                  <String HEIGHT="70"
                          WIDTH="118"
                          VPOS="388"
                          HPOS="835"
                          CONTENT="bonos"/>
               </TextLine>
               <TextLine ID="r1l10"
                         BASELINE="504"
                         HEIGHT="56"
                         WIDTH="837"
                         VPOS="448"
                         HPOS="111">
                  <String HEIGHT="56"
                          WIDTH="201"
                          VPOS="448"
                          HPOS="94"
                          CONTENT="Angelos,"/>
                  <SP HEIGHT="56" WIDTH="17" VPOS="448" HPOS="295"/>
                  <String HEIGHT="56" WIDTH="84" VPOS="448" HPOS="245" CONTENT="&amp;"/>
                  <SP HEIGHT="56" WIDTH="17" VPOS="448" HPOS="329"/>
                  <String HEIGHT="56"
                          WIDTH="151"
                          VPOS="448"
                          HPOS="278"
                          CONTENT="omnes"/>
                  <SP HEIGHT="56" WIDTH="17" VPOS="448" HPOS="429"/>
                  <String HEIGHT="56" WIDTH="117" VPOS="448" HPOS="379" CONTENT="Dei"/>
                  <SP HEIGHT="56" WIDTH="17" VPOS="448" HPOS="496"/>
                  <String HEIGHT="56"
                          WIDTH="167"
                          VPOS="448"
                          HPOS="446"
                          CONTENT="seruos"/>
                  <SP HEIGHT="56" WIDTH="17" VPOS="448" HPOS="613"/>
                  <String HEIGHT="56"
                          WIDTH="218"
                          VPOS="448"
                          HPOS="563"
                          CONTENT="consociat"/>
                  <SP HEIGHT="56" WIDTH="17" VPOS="448" HPOS="781"/>
                  <String HEIGHT="56"
                          WIDTH="184"
                          VPOS="448"
                          HPOS="730"
                          CONTENT="vinculo"/>
                  <SP HEIGHT="56" WIDTH="17" VPOS="448" HPOS="915"/>
                  <String HEIGHT="56"
                          WIDTH="100"
                          VPOS="448"
                          HPOS="848"
                          CONTENT="san"
                          SUBS_TYPE="HypPart1"
                          SUBS_CONTENT="sanctitatis."/>
                  <HYP CONTENT="-"/>
               </TextLine>
               <TextLine ID="r1l11"
                         BASELINE="562"
                         HEIGHT="77"
                         WIDTH="836"
                         VPOS="485"
                         HPOS="114">
                  <String HEIGHT="77"
                          WIDTH="205"
                          VPOS="485"
                          HPOS="98"
                          CONTENT="ctitatis."
                          SUBS_TYPE="HypPart2"
                          SUBS_CONTENT="sanctitatis."/>
                  <SP HEIGHT="77" WIDTH="16" VPOS="485" HPOS="303"/>
                  <String HEIGHT="77"
                          WIDTH="174"
                          VPOS="485"
                          HPOS="256"
                          CONTENT="Qugenio"/>
                  <SP HEIGHT="77" WIDTH="16" VPOS="485" HPOS="429"/>
                  <String HEIGHT="77"
                          WIDTH="126"
                          VPOS="485"
                          HPOS="382"
                          CONTENT="ergo"/>
                  <SP HEIGHT="77" WIDTH="16" VPOS="485" HPOS="508"/>
                  <String HEIGHT="77"
                          WIDTH="189"
                          VPOS="485"
                          HPOS="461"
                          CONTENT="saniores"/>
                  <SP HEIGHT="77" WIDTH="16" VPOS="485" HPOS="650"/>
                  <String HEIGHT="77"
                          WIDTH="142"
                          VPOS="485"
                          HPOS="603"
                          CONTENT="sumus"/>
                  <SP HEIGHT="77" WIDTH="16" VPOS="485" HPOS="745"/>
                  <String HEIGHT="77" WIDTH="79" VPOS="485" HPOS="698" CONTENT="a"/>
                  <SP HEIGHT="77" WIDTH="16" VPOS="485" HPOS="776"/>
                  <String HEIGHT="77"
                          WIDTH="158"
                          VPOS="485"
                          HPOS="729"
                          CONTENT="tumore"/>
                  <SP HEIGHT="77" WIDTH="16" VPOS="485" HPOS="887"/>
                  <String HEIGHT="77"
                          WIDTH="126"
                          VPOS="485"
                          HPOS="824"
                          CONTENT="super"
                          SUBS_TYPE="HypPart1"
                          SUBS_CONTENT="superbiae,"/>
                  <HYP CONTENT="-"/>
               </TextLine>
               <TextLine ID="r1l12"
                         BASELINE="586"
                         HEIGHT="44"
                         WIDTH="840"
                         VPOS="542"
                         HPOS="114">
                  <String HEIGHT="44"
                          WIDTH="143"
                          VPOS="542"
                          HPOS="98"
                          CONTENT="biae,"
                          SUBS_TYPE="HypPart2"
                          SUBS_CONTENT="superbiae,"/>
                  <SP HEIGHT="44" WIDTH="16" VPOS="542" HPOS="241"/>
                  <String HEIGHT="44"
                          WIDTH="127"
                          VPOS="542"
                          HPOS="193"
                          CONTENT="tato"/>
                  <SP HEIGHT="44" WIDTH="16" VPOS="542" HPOS="320"/>
                  <String HEIGHT="44"
                          WIDTH="143"
                          VPOS="542"
                          HPOS="272"
                          CONTENT="iumus"/>
                  <SP HEIGHT="44" WIDTH="16" VPOS="542" HPOS="415"/>
                  <String HEIGHT="44"
                          WIDTH="222"
                          VPOS="542"
                          HPOS="368"
                          CONTENT="dilectione"/>
                  <SP HEIGHT="44" WIDTH="16" VPOS="542" HPOS="589"/>
                  <String HEIGHT="44"
                          WIDTH="222"
                          VPOS="542"
                          HPOS="542"
                          CONTENT="pleniores:"/>
                  <SP HEIGHT="44" WIDTH="16" VPOS="542" HPOS="764"/>
                  <String HEIGHT="44" WIDTH="79" VPOS="542" HPOS="716" CONTENT="&amp;"/>
                  <SP HEIGHT="44" WIDTH="16" VPOS="542" HPOS="796"/>
                  <String HEIGHT="44" WIDTH="111" VPOS="542" HPOS="748" CONTENT="quo"/>
                  <SP HEIGHT="44" WIDTH="16" VPOS="542" HPOS="859"/>
                  <String HEIGHT="44"
                          WIDTH="127"
                          VPOS="542"
                          HPOS="811"
                          CONTENT="nisi"/>
                  <SP HEIGHT="44" WIDTH="16" VPOS="542" HPOS="938"/>
                  <String HEIGHT="44" WIDTH="79" VPOS="542" HPOS="875" CONTENT="Deo"/>
               </TextLine>
               <TextLine ID="r1l13"
                         BASELINE="657"
                         HEIGHT="66"
                         WIDTH="836"
                         VPOS="591"
                         HPOS="110">
                  <String HEIGHT="66"
                          WIDTH="152"
                          VPOS="591"
                          HPOS="95"
                          CONTENT="plenus"/>
                  <SP HEIGHT="66" WIDTH="15" VPOS="591" HPOS="247"/>
                  <String HEIGHT="66"
                          WIDTH="122"
                          VPOS="591"
                          HPOS="201"
                          CONTENT="est,"/>
                  <SP HEIGHT="66" WIDTH="15" VPOS="591" HPOS="323"/>
                  <String HEIGHT="66" WIDTH="106" VPOS="591" HPOS="277" CONTENT="qui"/>
                  <SP HEIGHT="66" WIDTH="15" VPOS="591" HPOS="384"/>
                  <String HEIGHT="66"
                          WIDTH="152"
                          VPOS="591"
                          HPOS="338"
                          CONTENT="plenus"/>
                  <SP HEIGHT="66" WIDTH="15" VPOS="591" HPOS="490"/>
                  <String HEIGHT="66" WIDTH="106" VPOS="591" HPOS="444" CONTENT="est"/>
                  <SP HEIGHT="66" WIDTH="15" VPOS="591" HPOS="551"/>
                  <String HEIGHT="66"
                          WIDTH="228"
                          VPOS="591"
                          HPOS="505"
                          CONTENT="dilectione:"/>
                  <SP HEIGHT="66" WIDTH="15" VPOS="591" HPOS="733"/>
                  <String HEIGHT="66" WIDTH="106" VPOS="591" HPOS="688" CONTENT="His"/>
                  <SP HEIGHT="66" WIDTH="15" VPOS="591" HPOS="794"/>
                  <String HEIGHT="66"
                          WIDTH="152"
                          VPOS="591"
                          HPOS="748"
                          CONTENT="verbis"/>
                  <SP HEIGHT="66" WIDTH="15" VPOS="591" HPOS="900"/>
                  <String HEIGHT="66"
                          WIDTH="106"
                          VPOS="591"
                          HPOS="840"
                          CONTENT="satis"/>
               </TextLine>
               <TextLine ID="r1l14"
                         BASELINE="702"
                         HEIGHT="66"
                         WIDTH="847"
                         VPOS="636"
                         HPOS="108">
                  <String HEIGHT="66"
                          WIDTH="195"
                          VPOS="636"
                          HPOS="92"
                          CONTENT="ostendit"/>
                  <SP HEIGHT="66" WIDTH="16" VPOS="636" HPOS="287"/>
                  <String HEIGHT="66"
                          WIDTH="130"
                          VPOS="636"
                          HPOS="238"
                          CONTENT="Aug."/>
                  <SP HEIGHT="66" WIDTH="16" VPOS="636" HPOS="369"/>
                  <String HEIGHT="66"
                          WIDTH="130"
                          VPOS="636"
                          HPOS="320"
                          CONTENT="quod"/>
                  <SP HEIGHT="66" WIDTH="16" VPOS="636" HPOS="450"/>
                  <String HEIGHT="66"
                          WIDTH="195"
                          VPOS="636"
                          HPOS="401"
                          CONTENT="dilectio"/>
                  <SP HEIGHT="66" WIDTH="16" VPOS="636" HPOS="597"/>
                  <String HEIGHT="66"
                          WIDTH="147"
                          VPOS="636"
                          HPOS="548"
                          CONTENT="ipsa,"/>
                  <SP HEIGHT="66" WIDTH="16" VPOS="636" HPOS="694"/>
                  <String HEIGHT="66" WIDTH="114" VPOS="636" HPOS="646" CONTENT="qua"/>
                  <SP HEIGHT="66" WIDTH="16" VPOS="636" HPOS="760"/>
                  <String HEIGHT="66"
                          WIDTH="212"
                          VPOS="636"
                          HPOS="711"
                          CONTENT="diligimus"/>
                  <SP HEIGHT="66" WIDTH="16" VPOS="636" HPOS="922"/>
                  <String HEIGHT="66" WIDTH="98" VPOS="636" HPOS="857" CONTENT="Deum"/>
               </TextLine>
               <TextLine ID="r1l15"
                         BASELINE="742"
                         HEIGHT="44"
                         WIDTH="839"
                         VPOS="698"
                         HPOS="118">
                  <String HEIGHT="44" WIDTH="113" VPOS="698" HPOS="102" CONTENT="uel"/>
                  <SP HEIGHT="44" WIDTH="16" VPOS="698" HPOS="215"/>
                  <String HEIGHT="44"
                          WIDTH="194"
                          VPOS="698"
                          HPOS="166"
                          CONTENT="proximu,"/>
                  <SP HEIGHT="44" WIDTH="16" VPOS="698" HPOS="360"/>
                  <String HEIGHT="44"
                          WIDTH="129"
                          VPOS="698"
                          HPOS="312"
                          CONTENT="Deus"/>
                  <SP HEIGHT="44" WIDTH="16" VPOS="698" HPOS="441"/>
                  <String HEIGHT="44"
                          WIDTH="129"
                          VPOS="698"
                          HPOS="392"
                          CONTENT="est."/>
                  <SP HEIGHT="44" WIDTH="16" VPOS="698" HPOS="521"/>
                  <String HEIGHT="44"
                          WIDTH="129"
                          VPOS="698"
                          HPOS="473"
                          CONTENT="Sest"/>
                  <SP HEIGHT="44" WIDTH="16" VPOS="698" HPOS="602"/>
                  <String HEIGHT="44"
                          WIDTH="145"
                          VPOS="698"
                          HPOS="554"
                          CONTENT="adhuc"/>
                  <SP HEIGHT="44" WIDTH="16" VPOS="698" HPOS="699"/>
                  <String HEIGHT="44"
                          WIDTH="194"
                          VPOS="698"
                          HPOS="650"
                          CONTENT="apertius"/>
                  <SP HEIGHT="44" WIDTH="16" VPOS="698" HPOS="844"/>
                  <String HEIGHT="44" WIDTH="97" VPOS="698" HPOS="796" CONTENT="in"/>
                  <SP HEIGHT="44" WIDTH="16" VPOS="698" HPOS="892"/>
                  <String HEIGHT="44"
                          WIDTH="145"
                          VPOS="698"
                          HPOS="844"
                          CONTENT="eodem"/>
                  <SP HEIGHT="44" WIDTH="16" VPOS="698" HPOS="989"/>
                  <String HEIGHT="44" WIDTH="32" VPOS="698" HPOS="925" CONTENT=""/>
               </TextLine>
               <TextLine ID="r1l16"
                         BASELINE="793"
                         HEIGHT="57"
                         WIDTH="821"
                         VPOS="736"
                         HPOS="120">
                  <String HEIGHT="57"
                          WIDTH="151"
                          VPOS="736"
                          HPOS="103"
                          CONTENT="libro"/>
                  <SP HEIGHT="57" WIDTH="17" VPOS="736" HPOS="254"/>
                  <String HEIGHT="57"
                          WIDTH="168"
                          VPOS="736"
                          HPOS="204"
                          CONTENT="subdit"/>
                  <SP HEIGHT="57" WIDTH="17" VPOS="736" HPOS="371"/>
                  <String HEIGHT="57"
                          WIDTH="201"
                          VPOS="736"
                          HPOS="321"
                          CONTENT="dicens::"/>
                  <SP HEIGHT="57" WIDTH="17" VPOS="736" HPOS="522"/>
                  <String HEIGHT="57"
                          WIDTH="251"
                          VPOS="736"
                          HPOS="472"
                          CONTENT="Dilectionem"/>
                  <SP HEIGHT="57" WIDTH="17" VPOS="736" HPOS="723"/>
                  <String HEIGHT="57"
                          WIDTH="184"
                          VPOS="736"
                          HPOS="673"
                          CONTENT="quantum"/>
                  <SP HEIGHT="57" WIDTH="17" VPOS="736" HPOS="857"/>
                  <String HEIGHT="57"
                          WIDTH="151"
                          VPOS="736"
                          HPOS="790"
                          CONTENT="commen"
                          SUBS_TYPE="HypPart1"
                          SUBS_CONTENT="commendat"/>
                  <HYP CONTENT="-"/>
               </TextLine>
               <TextLine ID="r1l17"
                         BASELINE="851"
                         HEIGHT="70"
                         WIDTH="824"
                         VPOS="781"
                         HPOS="112">
                  <String HEIGHT="70"
                          WIDTH="113"
                          VPOS="781"
                          HPOS="96"
                          CONTENT="dat"
                          SUBS_TYPE="HypPart2"
                          SUBS_CONTENT="commendat"/>
                  <SP HEIGHT="70" WIDTH="16" VPOS="781" HPOS="209"/>
                  <String HEIGHT="70"
                          WIDTH="194"
                          VPOS="781"
                          HPOS="160"
                          CONTENT="Ioannnes"/>
                  <SP HEIGHT="70" WIDTH="16" VPOS="781" HPOS="354"/>
                  <String HEIGHT="70"
                          WIDTH="210"
                          VPOS="781"
                          HPOS="306"
                          CONTENT="Apostolus"/>
                  <SP HEIGHT="70" WIDTH="16" VPOS="781" HPOS="516"/>
                  <String HEIGHT="70"
                          WIDTH="242"
                          VPOS="781"
                          HPOS="467"
                          CONTENT="atuendamus."/>
                  <SP HEIGHT="70" WIDTH="16" VPOS="781" HPOS="710"/>
                  <String HEIGHT="70" WIDTH="113" VPOS="781" HPOS="661" CONTENT="Qui"/>
                  <SP HEIGHT="70" WIDTH="16" VPOS="781" HPOS="774"/>
                  <String HEIGHT="70"
                          WIDTH="194"
                          VPOS="781"
                          HPOS="726"
                          CONTENT="diligit,"/>
                  <SP HEIGHT="70" WIDTH="16" VPOS="781" HPOS="920"/>
                  <String HEIGHT="70"
                          WIDTH="81"
                          VPOS="781"
                          HPOS="855"
                          CONTENT="in"
                          SUBS_TYPE="HypPart1"
                          SUBS_CONTENT="inquit,"/>
                  <HYP CONTENT="-"/>
               </TextLine>
               <TextLine ID="r1l18"
                         BASELINE="900"
                         HEIGHT="66"
                         WIDTH="830"
                         VPOS="834"
                         HPOS="114">
                  <String HEIGHT="66"
                          WIDTH="152"
                          VPOS="834"
                          HPOS="97"
                          CONTENT="quit,"
                          SUBS_TYPE="HypPart2"
                          SUBS_CONTENT="inquit,"/>
                  <SP HEIGHT="66" WIDTH="17" VPOS="834" HPOS="250"/>
                  <String HEIGHT="66"
                          WIDTH="203"
                          VPOS="834"
                          HPOS="199"
                          CONTENT="fratrem,"/>
                  <SP HEIGHT="66" WIDTH="17" VPOS="834" HPOS="402"/>
                  <String HEIGHT="66" WIDTH="102" VPOS="834" HPOS="351" CONTENT="in"/>
                  <SP HEIGHT="66" WIDTH="17" VPOS="834" HPOS="453"/>
                  <String HEIGHT="66"
                          WIDTH="169"
                          VPOS="834"
                          HPOS="402"
                          CONTENT="lumine"/>
                  <SP HEIGHT="66" WIDTH="17" VPOS="834" HPOS="571"/>
                  <String HEIGHT="66"
                          WIDTH="169"
                          VPOS="834"
                          HPOS="521"
                          CONTENT="manet,"/>
                  <SP HEIGHT="66" WIDTH="17" VPOS="834" HPOS="690"/>
                  <String HEIGHT="66" WIDTH="85" VPOS="834" HPOS="639" CONTENT="&amp;"/>
                  <SP HEIGHT="66" WIDTH="17" VPOS="834" HPOS="724"/>
                  <String HEIGHT="66"
                          WIDTH="220"
                          VPOS="834"
                          HPOS="673"
                          CONTENT="scandalum"/>
                  <SP HEIGHT="66" WIDTH="17" VPOS="834" HPOS="893"/>
                  <String HEIGHT="66" WIDTH="102" VPOS="834" HPOS="842" CONTENT="in"/>
                  <SP HEIGHT="66" WIDTH="17" VPOS="834" HPOS="944"/>
                  <String HEIGHT="66" WIDTH="68" VPOS="834" HPOS="876" CONTENT="eo"/>
               </TextLine>
               <TextLine ID="r1l19"
                         BASELINE="952"
                         HEIGHT="70"
                         WIDTH="838"
                         VPOS="882"
                         HPOS="114">
                  <String HEIGHT="70" WIDTH="115" VPOS="882" HPOS="98" CONTENT="non"/>
                  <SP HEIGHT="70" WIDTH="16" VPOS="882" HPOS="213"/>
                  <String HEIGHT="70"
                          WIDTH="131"
                          VPOS="882"
                          HPOS="163"
                          CONTENT="est."/>
                  <SP HEIGHT="70" WIDTH="16" VPOS="882" HPOS="295"/>
                  <String HEIGHT="70"
                          WIDTH="230"
                          VPOS="882"
                          HPOS="245"
                          CONTENT="Manifestum"/>
                  <SP HEIGHT="70" WIDTH="16" VPOS="882" HPOS="475"/>
                  <String HEIGHT="70" WIDTH="115" VPOS="882" HPOS="426" CONTENT="est"/>
                  <SP HEIGHT="70" WIDTH="16" VPOS="882" HPOS="541"/>
                  <String HEIGHT="70"
                          WIDTH="131"
                          VPOS="882"
                          HPOS="492"
                          CONTENT="quod"/>
                  <SP HEIGHT="70" WIDTH="16" VPOS="882" HPOS="623"/>
                  <String HEIGHT="70"
                          WIDTH="214"
                          VPOS="882"
                          HPOS="574"
                          CONTENT="iustitiae"/>
                  <SP HEIGHT="70" WIDTH="16" VPOS="882" HPOS="788"/>
                  <String HEIGHT="70"
                          WIDTH="230"
                          VPOS="882"
                          HPOS="722"
                          CONTENT="perfectionem"/>
               </TextLine>
               <TextLine ID="r1l20"
                         BASELINE="986"
                         HEIGHT="54"
                         WIDTH="833"
                         VPOS="932"
                         HPOS="121">
                  <String HEIGHT="54" WIDTH="96" VPOS="932" HPOS="105" CONTENT="in"/>
                  <SP HEIGHT="54" WIDTH="16" VPOS="932" HPOS="201"/>
                  <String HEIGHT="54"
                          WIDTH="176"
                          VPOS="932"
                          HPOS="153"
                          CONTENT="fratris"/>
                  <SP HEIGHT="54" WIDTH="16" VPOS="932" HPOS="329"/>
                  <String HEIGHT="54"
                          WIDTH="224"
                          VPOS="932"
                          HPOS="281"
                          CONTENT="dilectione"/>
                  <SP HEIGHT="54" WIDTH="16" VPOS="932" HPOS="505"/>
                  <String HEIGHT="54"
                          WIDTH="208"
                          VPOS="932"
                          HPOS="457"
                          CONTENT="posuerit."/>
                  <SP HEIGHT="54" WIDTH="16" VPOS="932" HPOS="666"/>
                  <String HEIGHT="54" WIDTH="112" VPOS="932" HPOS="618" CONTENT="Nam"/>
                  <SP HEIGHT="54" WIDTH="16" VPOS="932" HPOS="730"/>
                  <String HEIGHT="54" WIDTH="96" VPOS="932" HPOS="682" CONTENT="in"/>
                  <SP HEIGHT="54" WIDTH="16" VPOS="932" HPOS="778"/>
                  <String HEIGHT="54" WIDTH="112" VPOS="932" HPOS="730" CONTENT="quo"/>
                  <SP HEIGHT="54" WIDTH="16" VPOS="932" HPOS="842"/>
                  <String HEIGHT="54"
                          WIDTH="176"
                          VPOS="932"
                          HPOS="778"
                          CONTENT="scandalum"/>
               </TextLine>
               <TextLine ID="r1l21"
                         BASELINE="1039"
                         HEIGHT="55"
                         WIDTH="823"
                         VPOS="984"
                         HPOS="122">
                  <String HEIGHT="55" WIDTH="109" VPOS="984" HPOS="106" CONTENT="non"/>
                  <SP HEIGHT="55" WIDTH="16" VPOS="984" HPOS="215"/>
                  <String HEIGHT="55"
                          WIDTH="124"
                          VPOS="984"
                          HPOS="169"
                          CONTENT="est,"/>
                  <SP HEIGHT="55" WIDTH="16" VPOS="984" HPOS="293"/>
                  <String HEIGHT="55"
                          WIDTH="155"
                          VPOS="984"
                          HPOS="246"
                          CONTENT="vtique"/>
                  <SP HEIGHT="55" WIDTH="16" VPOS="984" HPOS="402"/>
                  <String HEIGHT="55"
                          WIDTH="202"
                          VPOS="984"
                          HPOS="355"
                          CONTENT="perfectus"/>
                  <SP HEIGHT="55" WIDTH="16" VPOS="984" HPOS="557"/>
                  <String HEIGHT="55"
                          WIDTH="124"
                          VPOS="984"
                          HPOS="510"
                          CONTENT="est."/>
                  <SP HEIGHT="55" WIDTH="16" VPOS="984" HPOS="634"/>
                  <String HEIGHT="55" WIDTH="93" VPOS="984" HPOS="588" CONTENT="Et"/>
                  <SP HEIGHT="55" WIDTH="16" VPOS="984" HPOS="681"/>
                  <String HEIGHT="55"
                          WIDTH="140"
                          VPOS="984"
                          HPOS="634"
                          CONTENT="tamen"/>
                  <SP HEIGHT="55" WIDTH="16" VPOS="984" HPOS="774"/>
                  <String HEIGHT="55"
                          WIDTH="171"
                          VPOS="984"
                          HPOS="728"
                          CONTENT="videtur"/>
                  <SP HEIGHT="55" WIDTH="16" VPOS="984" HPOS="898"/>
                  <String HEIGHT="55"
                          WIDTH="109"
                          VPOS="984"
                          HPOS="836"
                          CONTENT="dile"
                          SUBS_TYPE="HypPart1"
                          SUBS_CONTENT="dilectionem"/>
                  <HYP CONTENT="-"/>
               </TextLine>
               <TextLine ID="r1l22"
                         BASELINE="1085"
                         HEIGHT="57"
                         WIDTH="831"
                         VPOS="1028"
                         HPOS="122">
                  <String HEIGHT="57"
                          WIDTH="172"
                          VPOS="1028"
                          HPOS="106"
                          CONTENT="ctionem"
                          SUBS_TYPE="HypPart2"
                          SUBS_CONTENT="dilectionem"/>
                  <SP HEIGHT="57" WIDTH="16" VPOS="1028" HPOS="279"/>
                  <String HEIGHT="57"
                          WIDTH="110"
                          VPOS="1028"
                          HPOS="232"
                          CONTENT="Dei"/>
                  <SP HEIGHT="57" WIDTH="16" VPOS="1028" HPOS="342"/>
                  <String HEIGHT="57"
                          WIDTH="204"
                          VPOS="1028"
                          HPOS="294"
                          CONTENT="tacuisse:"/>
                  <SP HEIGHT="57" WIDTH="16" VPOS="1028" HPOS="498"/>
                  <String HEIGHT="57"
                          WIDTH="125"
                          VPOS="1028"
                          HPOS="451"
                          CONTENT="quod"/>
                  <SP HEIGHT="57" WIDTH="16" VPOS="1028" HPOS="577"/>
                  <String HEIGHT="57"
                          WIDTH="172"
                          VPOS="1028"
                          HPOS="530"
                          CONTENT="nunquam"/>
                  <SP HEIGHT="57" WIDTH="16" VPOS="1028" HPOS="702"/>
                  <String HEIGHT="57"
                          WIDTH="188"
                          VPOS="1028"
                          HPOS="655"
                          CONTENT="faceret,"/>
                  <SP HEIGHT="57" WIDTH="16" VPOS="1028" HPOS="843"/>
                  <String HEIGHT="57"
                          WIDTH="125"
                          VPOS="1028"
                          HPOS="796"
                          CONTENT="nisi"/>
                  <SP HEIGHT="57" WIDTH="16" VPOS="1028" HPOS="922"/>
                  <String HEIGHT="57"
                          WIDTH="94"
                          VPOS="1028"
                          HPOS="859"
                          CONTENT="quia"/>
               </TextLine>
               <TextLine ID="r1l23"
                         BASELINE="1135"
                         HEIGHT="56"
                         WIDTH="829"
                         VPOS="1079"
                         HPOS="124">
                  <String HEIGHT="56" WIDTH="98" VPOS="1079" HPOS="108" CONTENT="in"/>
                  <SP HEIGHT="56" WIDTH="16" VPOS="1079" HPOS="205"/>
                  <String HEIGHT="56"
                          WIDTH="130"
                          VPOS="1079"
                          HPOS="157"
                          CONTENT="ipsa"/>
                  <SP HEIGHT="56" WIDTH="16" VPOS="1079" HPOS="287"/>
                  <String HEIGHT="56"
                          WIDTH="195"
                          VPOS="1079"
                          HPOS="238"
                          CONTENT="fraterna"/>
                  <SP HEIGHT="56" WIDTH="16" VPOS="1079" HPOS="433"/>
                  <String HEIGHT="56"
                          WIDTH="228"
                          VPOS="1079"
                          HPOS="384"
                          CONTENT="dilectione"/>
                  <SP HEIGHT="56" WIDTH="16" VPOS="1079" HPOS="612"/>
                  <String HEIGHT="56"
                          WIDTH="130"
                          VPOS="1079"
                          HPOS="563"
                          CONTENT="vult"/>
                  <SP HEIGHT="56" WIDTH="16" VPOS="1079" HPOS="693"/>
                  <String HEIGHT="56"
                          WIDTH="211"
                          VPOS="1079"
                          HPOS="644"
                          CONTENT="intelligi"/>
                  <SP HEIGHT="56" WIDTH="16" VPOS="1079" HPOS="855"/>
                  <String HEIGHT="56"
                          WIDTH="146"
                          VPOS="1079"
                          HPOS="807"
                          CONTENT="Deum."/>
                  <SP HEIGHT="56" WIDTH="16" VPOS="1079" HPOS="953"/>
                  <String HEIGHT="56"
                          WIDTH="65"
                          VPOS="1079"
                          HPOS="888"
                          CONTENT="A"
                          SUBS_TYPE="HypPart1"
                          SUBS_CONTENT="Apertissime"/>
                  <HYP CONTENT="-"/>
               </TextLine>
               <TextLine ID="r1l24"
                         BASELINE="1193"
                         HEIGHT="65"
                         WIDTH="841"
                         VPOS="1128"
                         HPOS="115">
                  <String HEIGHT="65"
                          WIDTH="222"
                          VPOS="1128"
                          HPOS="99"
                          CONTENT="pertissime"
                          SUBS_TYPE="HypPart2"
                          SUBS_CONTENT="Apertissime"/>
                  <SP HEIGHT="65" WIDTH="16" VPOS="1128" HPOS="321"/>
                  <String HEIGHT="65"
                          WIDTH="127"
                          VPOS="1128"
                          HPOS="274"
                          CONTENT="enim"/>
                  <SP HEIGHT="65" WIDTH="16" VPOS="1128" HPOS="401"/>
                  <String HEIGHT="65" WIDTH="95" VPOS="1128" HPOS="353" CONTENT="in"/>
                  <SP HEIGHT="65" WIDTH="16" VPOS="1128" HPOS="448"/>
                  <String HEIGHT="65"
                          WIDTH="143"
                          VPOS="1128"
                          HPOS="401"
                          CONTENT="eadem"/>
                  <SP HEIGHT="65" WIDTH="16" VPOS="1128" HPOS="543"/>
                  <String HEIGHT="65"
                          WIDTH="190"
                          VPOS="1128"
                          HPOS="496"
                          CONTENT="epistola"/>
                  <SP HEIGHT="65" WIDTH="16" VPOS="1128" HPOS="686"/>
                  <String HEIGHT="65"
                          WIDTH="143"
                          VPOS="1128"
                          HPOS="639"
                          CONTENT="paulo"/>
                  <SP HEIGHT="65" WIDTH="16" VPOS="1128" HPOS="781"/>
                  <String HEIGHT="65"
                          WIDTH="127"
                          VPOS="1128"
                          HPOS="734"
                          CONTENT="post"/>
                  <SP HEIGHT="65" WIDTH="16" VPOS="1128" HPOS="861"/>
                  <String HEIGHT="65"
                          WIDTH="111"
                          VPOS="1128"
                          HPOS="813"
                          CONTENT="ait"/>
                  <SP HEIGHT="65" WIDTH="16" VPOS="1128" HPOS="924"/>
                  <String HEIGHT="65"
                          WIDTH="95"
                          VPOS="1128"
                          HPOS="861"
                          CONTENT="ita,"/>
               </TextLine>
               <TextLine ID="r1l25"
                         BASELINE="1240"
                         HEIGHT="65"
                         WIDTH="835"
                         VPOS="1175"
                         HPOS="120">
                  <String HEIGHT="65"
                          WIDTH="262"
                          VPOS="1175"
                          HPOS="104"
                          CONTENT="Dilectissimi"/>
                  <SP HEIGHT="65" WIDTH="16" VPOS="1175" HPOS="366"/>
                  <String HEIGHT="65"
                          WIDTH="213"
                          VPOS="1175"
                          HPOS="316"
                          CONTENT="diligamus"/>
                  <SP HEIGHT="65" WIDTH="16" VPOS="1175" HPOS="529"/>
                  <String HEIGHT="65"
                          WIDTH="180"
                          VPOS="1175"
                          HPOS="480"
                          CONTENT="inuice,"/>
                  <SP HEIGHT="65" WIDTH="16" VPOS="1175" HPOS="660"/>
                  <String HEIGHT="65"
                          WIDTH="131"
                          VPOS="1175"
                          HPOS="611"
                          CONTENT="quia"/>
                  <SP HEIGHT="65" WIDTH="16" VPOS="1175" HPOS="742"/>
                  <String HEIGHT="65"
                          WIDTH="196"
                          VPOS="1175"
                          HPOS="693"
                          CONTENT="dilectio"/>
                  <SP HEIGHT="65" WIDTH="16" VPOS="1175" HPOS="890"/>
                  <String HEIGHT="65" WIDTH="98" VPOS="1175" HPOS="840" CONTENT="ex"/>
                  <SP HEIGHT="65" WIDTH="16" VPOS="1175" HPOS="939"/>
                  <String HEIGHT="65" WIDTH="82" VPOS="1175" HPOS="873" CONTENT="Deo"/>
               </TextLine>
               <TextLine ID="r1l26"
                         BASELINE="1293"
                         HEIGHT="69"
                         WIDTH="821"
                         VPOS="1224"
                         HPOS="126">
                  <String HEIGHT="69"
                          WIDTH="129"
                          VPOS="1224"
                          HPOS="110"
                          CONTENT="est:"/>
                  <SP HEIGHT="69" WIDTH="16" VPOS="1224" HPOS="239"/>
                  <String HEIGHT="69" WIDTH="80" VPOS="1224" HPOS="190" CONTENT="&amp;"/>
                  <SP HEIGHT="69" WIDTH="16" VPOS="1224" HPOS="271"/>
                  <String HEIGHT="69"
                          WIDTH="145"
                          VPOS="1224"
                          HPOS="223"
                          CONTENT="omnis"/>
                  <SP HEIGHT="69" WIDTH="16" VPOS="1224" HPOS="367"/>
                  <String HEIGHT="69"
                          WIDTH="113"
                          VPOS="1224"
                          HPOS="319"
                          CONTENT="qui"/>
                  <SP HEIGHT="69" WIDTH="16" VPOS="1224" HPOS="432"/>
                  <String HEIGHT="69"
                          WIDTH="193"
                          VPOS="1224"
                          HPOS="384"
                          CONTENT="diligit,"/>
                  <SP HEIGHT="69" WIDTH="16" VPOS="1224" HPOS="577"/>
                  <String HEIGHT="69" WIDTH="80" VPOS="1224" HPOS="528" CONTENT="&amp;"/>
                  <SP HEIGHT="69" WIDTH="16" VPOS="1224" HPOS="609"/>
                  <String HEIGHT="69"
                          WIDTH="113"
                          VPOS="1224"
                          HPOS="561"
                          CONTENT="quo"/>
                  <SP HEIGHT="69" WIDTH="16" VPOS="1224" HPOS="673"/>
                  <String HEIGHT="69"
                          WIDTH="145"
                          VPOS="1224"
                          HPOS="625"
                          CONTENT="natus"/>
                  <SP HEIGHT="69" WIDTH="16" VPOS="1224" HPOS="770"/>
                  <String HEIGHT="69"
                          WIDTH="129"
                          VPOS="1224"
                          HPOS="722"
                          CONTENT="est,"/>
                  <SP HEIGHT="69" WIDTH="16" VPOS="1224" HPOS="850"/>
                  <String HEIGHT="69" WIDTH="80" VPOS="1224" HPOS="802" CONTENT="&amp;"/>
                  <SP HEIGHT="69" WIDTH="16" VPOS="1224" HPOS="883"/>
                  <String HEIGHT="69"
                          WIDTH="129"
                          VPOS="1224"
                          HPOS="818"
                          CONTENT="cogno"
                          SUBS_TYPE="HypPart1"
                          SUBS_CONTENT="cognouit"/>
                  <HYP CONTENT="-"/>
               </TextLine>
               <TextLine ID="r1l27"
                         BASELINE="1331"
                         HEIGHT="61"
                         WIDTH="828"
                         VPOS="1270"
                         HPOS="128">
                  <String HEIGHT="61"
                          WIDTH="116"
                          VPOS="1270"
                          HPOS="111"
                          CONTENT="uit"
                          SUBS_TYPE="HypPart2"
                          SUBS_CONTENT="cognouit"/>
                  <SP HEIGHT="61" WIDTH="17" VPOS="1270" HPOS="227"/>
                  <String HEIGHT="61"
                          WIDTH="149"
                          VPOS="1270"
                          HPOS="178"
                          CONTENT="Deum."/>
                  <SP HEIGHT="61" WIDTH="17" VPOS="1270" HPOS="327"/>
                  <String HEIGHT="61"
                          WIDTH="116"
                          VPOS="1270"
                          HPOS="277"
                          CONTENT="Qui"/>
                  <SP HEIGHT="61" WIDTH="17" VPOS="1270" HPOS="393"/>
                  <String HEIGHT="61"
                          WIDTH="116"
                          VPOS="1270"
                          HPOS="343"
                          CONTENT="non"/>
                  <SP HEIGHT="61" WIDTH="17" VPOS="1270" HPOS="459"/>
                  <String HEIGHT="61"
                          WIDTH="199"
                          VPOS="1270"
                          HPOS="410"
                          CONTENT="diligit,"/>
                  <SP HEIGHT="61" WIDTH="17" VPOS="1270" HPOS="608"/>
                  <String HEIGHT="61"
                          WIDTH="116"
                          VPOS="1270"
                          HPOS="559"
                          CONTENT="non"/>
                  <SP HEIGHT="61" WIDTH="17" VPOS="1270" HPOS="674"/>
                  <String HEIGHT="61"
                          WIDTH="199"
                          VPOS="1270"
                          HPOS="625"
                          CONTENT="cognouit"/>
                  <SP HEIGHT="61" WIDTH="17" VPOS="1270" HPOS="824"/>
                  <String HEIGHT="61"
                          WIDTH="149"
                          VPOS="1270"
                          HPOS="774"
                          CONTENT="Deum,"/>
                  <SP HEIGHT="61" WIDTH="17" VPOS="1270" HPOS="923"/>
                  <String HEIGHT="61"
                          WIDTH="99"
                          VPOS="1270"
                          HPOS="857"
                          CONTENT="quia"/>
               </TextLine>
               <TextLine ID="r1l28"
                         BASELINE="1375"
                         HEIGHT="55"
                         WIDTH="836"
                         VPOS="1320"
                         HPOS="123">
                  <String HEIGHT="55"
                          WIDTH="126"
                          VPOS="1320"
                          HPOS="107"
                          CONTENT="Deus"/>
                  <SP HEIGHT="55" WIDTH="16" VPOS="1320" HPOS="233"/>
                  <String HEIGHT="55"
                          WIDTH="189"
                          VPOS="1320"
                          HPOS="186"
                          CONTENT="dilectio"/>
                  <SP HEIGHT="55" WIDTH="16" VPOS="1320" HPOS="375"/>
                  <String HEIGHT="55"
                          WIDTH="126"
                          VPOS="1320"
                          HPOS="328"
                          CONTENT="est."/>
                  <SP HEIGHT="55" WIDTH="16" VPOS="1320" HPOS="454"/>
                  <String HEIGHT="55"
                          WIDTH="126"
                          VPOS="1320"
                          HPOS="407"
                          CONTENT="Ista"/>
                  <SP HEIGHT="55" WIDTH="16" VPOS="1320" HPOS="533"/>
                  <String HEIGHT="55"
                          WIDTH="205"
                          VPOS="1320"
                          HPOS="486"
                          CONTENT="contextio"/>
                  <SP HEIGHT="55" WIDTH="16" VPOS="1320" HPOS="691"/>
                  <String HEIGHT="55"
                          WIDTH="142"
                          VPOS="1320"
                          HPOS="644"
                          CONTENT="satis"/>
                  <SP HEIGHT="55" WIDTH="16" VPOS="1320" HPOS="785"/>
                  <String HEIGHT="55"
                          WIDTH="158"
                          VPOS="1320"
                          HPOS="738"
                          CONTENT="aperte"/>
                  <SP HEIGHT="55" WIDTH="16" VPOS="1320" HPOS="896"/>
                  <String HEIGHT="55"
                          WIDTH="126"
                          VPOS="1320"
                          HPOS="833"
                          CONTENT="decla"
                          SUBS_TYPE="HypPart1"
                          SUBS_CONTENT="declarat,"/>
                  <HYP CONTENT="-"/>
               </TextLine>
               <TextLine ID="r1l29"
                         BASELINE="1440"
                         HEIGHT="66"
                         WIDTH="835"
                         VPOS="1374"
                         HPOS="120">
                  <String HEIGHT="66"
                          WIDTH="136"
                          VPOS="1374"
                          HPOS="103"
                          CONTENT="rat,"
                          SUBS_TYPE="HypPart2"
                          SUBS_CONTENT="declarat,"/>
                  <SP HEIGHT="66" WIDTH="17" VPOS="1374" HPOS="239"/>
                  <String HEIGHT="66"
                          WIDTH="170"
                          VPOS="1374"
                          HPOS="188"
                          CONTENT="eandem"/>
                  <SP HEIGHT="66" WIDTH="17" VPOS="1374" HPOS="359"/>
                  <String HEIGHT="66"
                          WIDTH="153"
                          VPOS="1374"
                          HPOS="307"
                          CONTENT="ipsam"/>
                  <SP HEIGHT="66" WIDTH="17" VPOS="1374" HPOS="461"/>
                  <String HEIGHT="66"
                          WIDTH="222"
                          VPOS="1374"
                          HPOS="410"
                          CONTENT="fraternam"/>
                  <SP HEIGHT="66" WIDTH="17" VPOS="1374" HPOS="631"/>
                  <String HEIGHT="66"
                          WIDTH="256"
                          VPOS="1374"
                          HPOS="580"
                          CONTENT="dilectionem"/>
                  <SP HEIGHT="66" WIDTH="17" VPOS="1374" HPOS="836"/>
                  <String HEIGHT="66"
                          WIDTH="136"
                          VPOS="1374"
                          HPOS="785"
                          CONTENT="(nam"/>
                  <SP HEIGHT="66" WIDTH="17" VPOS="1374" HPOS="921"/>
                  <String HEIGHT="66"
                          WIDTH="102"
                          VPOS="1374"
                          HPOS="853"
                          CONTENT="fra"
                          SUBS_TYPE="HypPart1"
                          SUBS_CONTENT="fraterna"/>
                  <HYP CONTENT="-"/>
               </TextLine>
               <TextLine ID="r1l30"
                         BASELINE="1476"
                         HEIGHT="60"
                         WIDTH="840"
                         VPOS="1416"
                         HPOS="124">
                  <String HEIGHT="60"
                          WIDTH="145"
                          VPOS="1416"
                          HPOS="108"
                          CONTENT="terna"
                          SUBS_TYPE="HypPart2"
                          SUBS_CONTENT="fraterna"/>
                  <SP HEIGHT="60" WIDTH="16" VPOS="1416" HPOS="253"/>
                  <String HEIGHT="60"
                          WIDTH="194"
                          VPOS="1416"
                          HPOS="205"
                          CONTENT="dilectio"/>
                  <SP HEIGHT="60" WIDTH="16" VPOS="1416" HPOS="399"/>
                  <String HEIGHT="60"
                          WIDTH="129"
                          VPOS="1416"
                          HPOS="350"
                          CONTENT="est,"/>
                  <SP HEIGHT="60" WIDTH="16" VPOS="1416" HPOS="479"/>
                  <String HEIGHT="60"
                          WIDTH="113"
                          VPOS="1416"
                          HPOS="431"
                          CONTENT="qua"/>
                  <SP HEIGHT="60" WIDTH="16" VPOS="1416" HPOS="544"/>
                  <String HEIGHT="60"
                          WIDTH="210"
                          VPOS="1416"
                          HPOS="496"
                          CONTENT="diligimus"/>
                  <SP HEIGHT="60" WIDTH="16" VPOS="1416" HPOS="706"/>
                  <String HEIGHT="60"
                          WIDTH="194"
                          VPOS="1416"
                          HPOS="657"
                          CONTENT="inuicem)"/>
                  <SP HEIGHT="60" WIDTH="16" VPOS="1416" HPOS="851"/>
                  <String HEIGHT="60"
                          WIDTH="113"
                          VPOS="1416"
                          HPOS="802"
                          CONTENT="non"/>
                  <SP HEIGHT="60" WIDTH="16" VPOS="1416" HPOS="916"/>
                  <String HEIGHT="60"
                          WIDTH="113"
                          VPOS="1416"
                          HPOS="851"
                          CONTENT="solum"/>
               </TextLine>
               <TextLine ID="r1l31"
                         BASELINE="1525"
                         HEIGHT="50"
                         WIDTH="842"
                         VPOS="1475"
                         HPOS="123">
                  <String HEIGHT="50" WIDTH="99" VPOS="1475" HPOS="106" CONTENT="ex"/>
                  <SP HEIGHT="50" WIDTH="17" VPOS="1475" HPOS="206"/>
                  <String HEIGHT="50"
                          WIDTH="132"
                          VPOS="1475"
                          HPOS="156"
                          CONTENT="Deo,"/>
                  <SP HEIGHT="50" WIDTH="17" VPOS="1475" HPOS="288"/>
                  <String HEIGHT="50"
                          WIDTH="116"
                          VPOS="1475"
                          HPOS="239"
                          CONTENT="sed"/>
                  <SP HEIGHT="50" WIDTH="17" VPOS="1475" HPOS="354"/>
                  <String HEIGHT="50"
                          WIDTH="149"
                          VPOS="1475"
                          HPOS="305"
                          CONTENT="etiam"/>
                  <SP HEIGHT="50" WIDTH="17" VPOS="1475" HPOS="453"/>
                  <String HEIGHT="50"
                          WIDTH="132"
                          VPOS="1475"
                          HPOS="404"
                          CONTENT="Deum"/>
                  <SP HEIGHT="50" WIDTH="17" VPOS="1475" HPOS="536"/>
                  <String HEIGHT="50"
                          WIDTH="149"
                          VPOS="1475"
                          HPOS="486"
                          CONTENT="esse,"/>
                  <SP HEIGHT="50" WIDTH="17" VPOS="1475" HPOS="635"/>
                  <String HEIGHT="50"
                          WIDTH="149"
                          VPOS="1475"
                          HPOS="585"
                          CONTENT="tanta"/>
                  <SP HEIGHT="50" WIDTH="17" VPOS="1475" HPOS="734"/>
                  <String HEIGHT="50"
                          WIDTH="231"
                          VPOS="1475"
                          HPOS="684"
                          CONTENT="autoritate"/>
                  <SP HEIGHT="50" WIDTH="17" VPOS="1475" HPOS="915"/>
                  <String HEIGHT="50"
                          WIDTH="116"
                          VPOS="1475"
                          HPOS="849"
                          CONTENT="prae"
                          SUBS_TYPE="HypPart1"
                          SUBS_CONTENT="praedicari,"/>
                  <HYP CONTENT="-"/>
               </TextLine>
               <TextLine ID="r1l32"
                         BASELINE="1583"
                         HEIGHT="52"
                         WIDTH="847"
                         VPOS="1531"
                         HPOS="122">
                  <String HEIGHT="52"
                          WIDTH="186"
                          VPOS="1531"
                          HPOS="105"
                          CONTENT="dicari,"
                          SUBS_TYPE="HypPart2"
                          SUBS_CONTENT="praedicari,"/>
                  <SP HEIGHT="52" WIDTH="17" VPOS="1531" HPOS="291"/>
                  <String HEIGHT="52"
                          WIDTH="220"
                          VPOS="1531"
                          HPOS="241"
                          CONTENT="scilicet)"/>
                  <SP HEIGHT="52" WIDTH="17" VPOS="1531" HPOS="461"/>
                  <String HEIGHT="52"
                          WIDTH="203"
                          VPOS="1531"
                          HPOS="410"
                          CONTENT="Ioannis."/>
                  <SP HEIGHT="52" WIDTH="17" VPOS="1531" HPOS="613"/>
                  <String HEIGHT="52"
                          WIDTH="136"
                          VPOS="1531"
                          HPOS="562"
                          CONTENT="Quum"/>
                  <SP HEIGHT="52" WIDTH="17" VPOS="1531" HPOS="698"/>
                  <String HEIGHT="52"
                          WIDTH="136"
                          VPOS="1531"
                          HPOS="647"
                          CONTENT="ergo"/>
                  <SP HEIGHT="52" WIDTH="17" VPOS="1531" HPOS="783"/>
                  <String HEIGHT="52" WIDTH="102" VPOS="1531" HPOS="732" CONTENT="de"/>
                  <SP HEIGHT="52" WIDTH="17" VPOS="1531" HPOS="833"/>
                  <String HEIGHT="52"
                          WIDTH="203"
                          VPOS="1531"
                          HPOS="766"
                          CONTENT="dilectione"/>
               </TextLine>
               <TextLine ID="r1l33"
                         BASELINE="1628"
                         HEIGHT="59"
                         WIDTH="847"
                         VPOS="1569"
                         HPOS="121">
                  <String HEIGHT="59"
                          WIDTH="208"
                          VPOS="1569"
                          HPOS="105"
                          CONTENT="diligimus"/>
                  <SP HEIGHT="59" WIDTH="16" VPOS="1569" HPOS="313"/>
                  <String HEIGHT="59"
                          WIDTH="192"
                          VPOS="1569"
                          HPOS="265"
                          CONTENT="fratrem,"/>
                  <SP HEIGHT="59" WIDTH="16" VPOS="1569" HPOS="457"/>
                  <String HEIGHT="59" WIDTH="96" VPOS="1569" HPOS="409" CONTENT="de"/>
                  <SP HEIGHT="59" WIDTH="16" VPOS="1569" HPOS="505"/>
                  <String HEIGHT="59"
                          WIDTH="112"
                          VPOS="1569"
                          HPOS="457"
                          CONTENT="Deo"/>
                  <SP HEIGHT="59" WIDTH="16" VPOS="1569" HPOS="568"/>
                  <String HEIGHT="59"
                          WIDTH="208"
                          VPOS="1569"
                          HPOS="521"
                          CONTENT="diligimus"/>
                  <SP HEIGHT="59" WIDTH="16" VPOS="1569" HPOS="728"/>
                  <String HEIGHT="59"
                          WIDTH="176"
                          VPOS="1569"
                          HPOS="680"
                          CONTENT="fratre,"/>
                  <SP HEIGHT="59" WIDTH="16" VPOS="1569" HPOS="856"/>
                  <String HEIGHT="59"
                          WIDTH="112"
                          VPOS="1569"
                          HPOS="808"
                          CONTENT="nec"/>
                  <SP HEIGHT="59" WIDTH="16" VPOS="1569" HPOS="920"/>
                  <String HEIGHT="59"
                          WIDTH="112"
                          VPOS="1569"
                          HPOS="856"
                          CONTENT="fieri"/>
               </TextLine>
               <TextLine ID="r1l34"
                         BASELINE="1682"
                         HEIGHT="65"
                         WIDTH="835"
                         VPOS="1617"
                         HPOS="129">
                  <String HEIGHT="65"
                          WIDTH="167"
                          VPOS="1617"
                          HPOS="112"
                          CONTENT="potest"/>
                  <SP HEIGHT="65" WIDTH="17" VPOS="1617" HPOS="279"/>
                  <String HEIGHT="65" WIDTH="100" VPOS="1617" HPOS="229" CONTENT="vt"/>
                  <SP HEIGHT="65" WIDTH="17" VPOS="1617" HPOS="329"/>
                  <String HEIGHT="65"
                          WIDTH="167"
                          VPOS="1617"
                          HPOS="279"
                          CONTENT="eandem"/>
                  <SP HEIGHT="65" WIDTH="17" VPOS="1617" HPOS="446"/>
                  <String HEIGHT="65"
                          WIDTH="251"
                          VPOS="1617"
                          HPOS="396"
                          CONTENT="dilectionem"/>
                  <SP HEIGHT="65" WIDTH="17" VPOS="1617" HPOS="647"/>
                  <String HEIGHT="65"
                          WIDTH="117"
                          VPOS="1617"
                          HPOS="597"
                          CONTENT="non"/>
                  <SP HEIGHT="65" WIDTH="17" VPOS="1617" HPOS="714"/>
                  <String HEIGHT="65"
                          WIDTH="217"
                          VPOS="1617"
                          HPOS="663"
                          CONTENT="praecipue"/>
                  <SP HEIGHT="65" WIDTH="17" VPOS="1617" HPOS="881"/>
                  <String HEIGHT="65"
                          WIDTH="150"
                          VPOS="1617"
                          HPOS="814"
                          CONTENT="diliga"
                          SUBS_TYPE="HypPart1"
                          SUBS_CONTENT="diligamus,"/>
                  <HYP CONTENT="-"/>
               </TextLine>
               <TextLine ID="r1l35"
                         BASELINE="1720"
                         HEIGHT="47"
                         WIDTH="843"
                         VPOS="1673"
                         HPOS="130">
                  <String HEIGHT="47"
                          WIDTH="138"
                          VPOS="1673"
                          HPOS="113"
                          CONTENT="mus,"
                          SUBS_TYPE="HypPart2"
                          SUBS_CONTENT="diligamus,"/>
                  <SP HEIGHT="47" WIDTH="17" VPOS="1673" HPOS="250"/>
                  <String HEIGHT="47"
                          WIDTH="120"
                          VPOS="1673"
                          HPOS="199"
                          CONTENT="qua"/>
                  <SP HEIGHT="47" WIDTH="17" VPOS="1673" HPOS="319"/>
                  <String HEIGHT="47"
                          WIDTH="189"
                          VPOS="1673"
                          HPOS="268"
                          CONTENT="fratrem"/>
                  <SP HEIGHT="47" WIDTH="17" VPOS="1673" HPOS="457"/>
                  <String HEIGHT="47"
                          WIDTH="241"
                          VPOS="1673"
                          HPOS="405"
                          CONTENT="diligimus,"/>
                  <SP HEIGHT="47" WIDTH="17" VPOS="1673" HPOS="646"/>
                  <String HEIGHT="47"
                          WIDTH="189"
                          VPOS="1673"
                          HPOS="595"
                          CONTENT="quoniam"/>
                  <SP HEIGHT="47" WIDTH="17" VPOS="1673" HPOS="784"/>
                  <String HEIGHT="47"
                          WIDTH="138"
                          VPOS="1673"
                          HPOS="732"
                          CONTENT="Deus"/>
                  <SP HEIGHT="47" WIDTH="17" VPOS="1673" HPOS="870"/>
                  <String HEIGHT="47"
                          WIDTH="172"
                          VPOS="1673"
                          HPOS="801"
                          CONTENT="dilectio"/>
               </TextLine>
               <TextLine ID="r1l36"
                         BASELINE="1791"
                         HEIGHT="68"
                         WIDTH="835"
                         VPOS="1723"
                         HPOS="124">
                  <String HEIGHT="68"
                          WIDTH="121"
                          VPOS="1723"
                          HPOS="109"
                          CONTENT="est."/>
                  <SP HEIGHT="68" WIDTH="15" VPOS="1723" HPOS="230"/>
                  <String HEIGHT="68"
                          WIDTH="137"
                          VPOS="1723"
                          HPOS="185"
                          CONTENT="Item,"/>
                  <SP HEIGHT="68" WIDTH="15" VPOS="1723" HPOS="321"/>
                  <String HEIGHT="68"
                          WIDTH="106"
                          VPOS="1723"
                          HPOS="276"
                          CONTENT="Qui"/>
                  <SP HEIGHT="68" WIDTH="15" VPOS="1723" HPOS="382"/>
                  <String HEIGHT="68"
                          WIDTH="106"
                          VPOS="1723"
                          HPOS="337"
                          CONTENT="non"/>
                  <SP HEIGHT="68" WIDTH="15" VPOS="1723" HPOS="443"/>
                  <String HEIGHT="68"
                          WIDTH="273"
                          VPOS="1723"
                          HPOS="397"
                          CONTENT="diligitfratre,"/>
                  <SP HEIGHT="68" WIDTH="15" VPOS="1723" HPOS="671"/>
                  <String HEIGHT="68"
                          WIDTH="106"
                          VPOS="1723"
                          HPOS="625"
                          CONTENT="non"/>
                  <SP HEIGHT="68" WIDTH="15" VPOS="1723" HPOS="731"/>
                  <String HEIGHT="68"
                          WIDTH="106"
                          VPOS="1723"
                          HPOS="686"
                          CONTENT="est"/>
                  <SP HEIGHT="68" WIDTH="15" VPOS="1723" HPOS="792"/>
                  <String HEIGHT="68" WIDTH="91" VPOS="1723" HPOS="746" CONTENT="in"/>
                  <SP HEIGHT="68" WIDTH="15" VPOS="1723" HPOS="838"/>
                  <String HEIGHT="68"
                          WIDTH="197"
                          VPOS="1723"
                          HPOS="792"
                          CONTENT="dilectio"/>
                  <SP HEIGHT="68" WIDTH="15" VPOS="1723" HPOS="989"/>
                  <String HEIGHT="68" WIDTH="30" VPOS="1723" HPOS="929" CONTENT=""/>
               </TextLine>
            </TextBlock>
         </PrintSpace>
      </Page>
   </Layout>
</alto>
