1279 2039
362 104 294 67 CAP.
509 104 221 67 IIII

196 152 293 71 Testimonia
405 152 481 71 Sanctarumscripturarum

417 207 112 60 de
455 207 224 60 Trinitate.

159 238 443 73 PROPONAMVS
507 238 253 73 ergo
666 238 190 73 in
729 238 253 73 medium

119 304 181 56 Veteris
250 304 99 56 ac
300 304 132 56 Nous
382 304 231 56 testameti,
564 304 264 56 authoritates
778 304 165 56 quibus
877 304 99 56 diui

117 361 117 56 nae
184 361 200 56 vnitatis
334 361 150 56 atque
434 361 233 56 Trinitatis
617 361 183 56 veritas
734 361 233 56 demonstretur

122 401 102 63 ac
173 401 170 63 primum
292 401 136 63 ipsa
377 401 153 63 legis
479 401 187 63 exordia
615 401 238 63 occurrant,
802 401 119 63 vbi
853 401 119 63 Moses

121 463 145 53 ait,
212 463 145 53 Audi
303 463 200 53 lsrael,
448 463 200 53 Dominus
593 463 145 53 Deus
684 463 164 53 tuus,
793 463 145 53 Deus
866 463 109 53 unus

124 508 134 63 est.
208 508 150 63 Item,
308 508 117 63 Ego
375 508 117 63 sum
442 508 184 63 Dominus
576 508 134 63 Deus
659 508 150 63 tuus,
760 508 117 63 qui
827 508 150 63 eduxi
910 508 67 63 te

130 547 94 53 de
177 547 141 53 terra
271 547 187 53 AEgypti:
412 547 109 53 non
474 547 141 53 erunt
568 547 125 53 tibi
646 547 125 53 alij
724 547 109 53 dij
787 547 172 53 praeter
896 547 78 53 me-

118 605 127 59 Ecce
198 605 111 59 hic
261 605 254 59 significauit
468 605 191 59 vnitatem
611 605 175 59 diuinae
738 605 191 59 naturae.
882 605 127 59 Deus

119 652 151 49 enim,
220 652 100 49 vt
270 652 117 49 ait
337 652 218 49 Ambrosius
504 652 100 49 in
555 652 151 49 primo
655 652 151 49 libro
755 652 100 49 de
789 652 184 49 Trinitate

119 690 149 74 nomen
219 690 116 74 est
285 690 199 74 naturae:
435 690 183 74 Dominus
568 690 133 74 vero
651 690 149 74 nomen
750 690 116 74 est
800 690 166 74 potesta-

125 754 142 57 tis.
214 754 142 57 Item
302 754 159 57 alibi
409 754 142 57 Deus
497 754 195 57 loquens
639 754 106 57 ad
692 754 177 57 Moysen
816 754 142 57 ait.
886 754 89 57 Ego

134 789 122 70 sum
203 789 122 70 qui
273 789 122 70 sum
343 789 87 70 :
378 789 87 70 &
413 789 105 70 si
465 789 262 70 quaesierint
675 789 157 70 nomen
780 789 157 70 meum,
867 789 105 70 vadi

136 843 85 54 &
170 843 119 54 dic
238 843 136 54 eis,
322 843 119 54 Qui
390 843 136 54 est,
475 843 152 54 misit
576 843 102 54 me
627 843 102 54 ad
678 843 136 54 vos.
763 843 169 54 Dicens
864 843 119 54 enim,

127 888 120 70 Ego
195 888 137 70 sum:
281 888 137 70 non.
367 888 120 70 Nos
435 888 171 70 sumus:
555 888 103 70 &,
606 888 120 70 Qui
675 888 137 70 est:
760 888 137 70 non,
846 888 120 70 Qui
897 888 86 70 su-

130 953 137 53 mus,
216 953 257 53 apertissime
421 953 240 53 declarauit
610 953 137 53 vnum
696 953 154 53 solum
798 953 137 53 Deum
867 953 120 53 esse.

132 987 107 64 ln
186 987 196 64 Cantico
329 987 161 64 etiam
436 987 161 64 Exodi
543 987 214 64 legitur,
703 987 196 64 Dominus
828 987 161 64 omnipo-

124 1046 138 58 tens
210 1046 155 58 nomen
313 1046 155 58 eius,
417 1046 121 58 non
485 1046 138 58 ait,
572 1046 189 58 Domini,
709 1046 207 58 vnitatem
847 1046 138 58 volens

135 1089 270 60 significare.
354 1089 236 60 Personarum
540 1089 169 60 quoque
658 1089 270 60 pluralitatem
877 1089 84 60 &
894 1089 84 60 na-

128 1138 152 62 turae
230 1138 203 62 vnitatem
382 1138 152 62 simul
483 1138 203 62 ostendit
636 1138 186 62 Dominus
771 1138 102 62 in
822 1138 135 62 Gen.
889 1138 85 62 di-

134 1183 163 65 cens.
243 1183 218 65 Faciamus
406 1183 200 65 hominem
551 1183 109 65 ad
606 1183 218 65 imaginem
769 1183 91 65 &
787 1183 200 65 similitu-

129 1240 155 56 dinem
232 1240 207 56 nostram.
387 1240 172 56 Dicens
508 1240 155 56 enim,
611 1240 207 56 faciamus
766 1240 103 56 ad
818 1240 207 56 nostram,

130 1276 261 62 pluralitatem
342 1276 228 62 personarum
521 1276 212 62 ostendit:
684 1276 163 62 dicens
799 1276 147 62 vero,
880 1276 98 62 ima-

130 1333 170 62 ginem,
249 1333 204 62 vnitatem
402 1333 238 62 essentiae.
590 1333 102 62 Vt
641 1333 136 62 enim
726 1333 153 62 dicit
811 1333 170 62 Augusti-

128 1379 112 58 nus
192 1379 96 58 in
240 1379 128 58 lis.
320 1379 96 58 De
368 1379 128 58 Fide
448 1379 96 58 ad
496 1379 176 58 Petrum.
624 1379 96 58 Si
672 1379 96 58 in
720 1379 128 58 illa
800 1379 160 58 natura
896 1379 80 58 Pa-

129 1424 129 66 tris
209 1424 80 66 &
242 1424 145 66 Filij
338 1424 80 66 &
370 1424 193 66 Spiritus
515 1424 161 66 sancti
628 1424 113 66 vna
692 1424 145 66 esset
789 1424 161 66 tantum
885 1424 97 66 per-

119 1473 159 70 sona:
226 1473 124 70 non
296 1473 248 70 diceretur,
491 1473 213 70 Faciamus
651 1473 195 70 hominem
792 1473 106 70 ad
845 1473 177 70 imagi

126 1526 132 63 nem
202 1526 94 63 &
239 1526 321 63 similitudinem
503 1526 226 63 nostram.
673 1526 151 63 Quum
768 1526 151 63 enim
843 1526 151 63 dicit,

125 1568 108 71 ad
179 1568 233 71 imaginem,
358 1568 215 71 ostendit
520 1568 144 71 vnam
610 1568 198 71 naturam
754 1568 162 71 esse,
861 1568 108 71 ad
897 1568 90 71 cu-

125 1621 114 57 ius
190 1621 196 57 imaginem
337 1621 131 57 hemo
419 1621 180 57 fieret:
550 1621 131 57 quum
631 1621 131 57 vero
713 1621 163 57 dicit,
828 1621 196 57 nostram,

135 1672 219 69 ostendit
299 1672 183 69 eundem
427 1672 146 69 Deum
519 1672 128 69 non
592 1672 165 69 unam,
701 1672 128 69 sed
775 1672 183 69 plures
884 1672 110 69 esse

106 1715 210 76 personas.
