1280 2037
111 108 116 65 his
178 108 149 65 Hila.
277 108 264 65 pluralitatem
491 108 231 65 personarum
673 108 165 65 voluit
772 108 182 65 intelligi

114 169 156 56 nomine
224 169 219 56 consortij:
396 169 141 56 atque
490 169 250 56 significauit
693 169 156 56 nomine
787 169 172 56 consortij

113 216 109 60 vel
176 216 250 60 pluralitatis
379 216 109 60 non
441 216 125 60 poni
519 216 187 60 aliquid,
660 216 109 60 sed
722 216 203 60 remoueri.
862 216 94 60 Plu-

110 272 175 47 ralitas
237 272 127 47 enim
317 272 111 47 uel
380 272 222 47 consortium
555 272 222 47 personarum
730 272 127 47 quum
793 272 159 47 dicitur,

111 312 192 61 solitudo
255 312 112 61 vel
319 312 256 61 singularitas
527 312 192 61 negatur:
671 312 128 61 quum
751 312 176 61 dicimus
863 312 96 61 plu-

113 360 108 57 res
174 360 123 57 esse
251 360 201 57 personas,
406 360 247 57 significamus
606 360 123 57 quod
683 360 108 57 non
745 360 108 57 est
807 360 108 57 vna
853 360 108 57 sola-

115 399 122 74 Tdeo
191 399 182 74 Hilarius
328 399 152 74 volens
434 399 122 74 ista
510 399 213 74 subtiliter
677 399 76 74 &
708 399 122 74 sane
784 399 213 74 intelligi,

111 451 119 76 ait,
185 451 193 76 Professio
334 451 193 76 consortij
483 451 193 76 substulit
631 451 267 76 intelligentiam
839 451 119 76 singu-

109 507 222 53 laritatis.
284 507 111 53 non
347 507 159 53 dicit,
459 507 159 53 posuit
570 507 191 53 aliquid:
713 507 111 53 ita
776 507 143 53 etiam
872 507 127 53 quum

113 558 180 56 dicimus
244 558 131 56 tres
326 558 213 56 personas,
490 558 295 56 singularitatem
736 558 82 56 &
752 558 213 56 solitudinem

109 611 191 60 tollimus:
256 611 73 60 &
286 611 117 60 quod
359 611 132 60 Pater
447 611 103 60 non
506 611 117 60 est,
579 611 147 60 solus,
682 611 103 60 nec
741 611 147 60 Filius
844 611 103 60 est
888 611 73 60 so-

110 651 127 58 lus,
190 651 111 58 nec
253 651 191 58 Spiritus
397 651 175 58 sanctus
524 651 111 58 est
588 651 159 58 solus,
699 651 271 58 significamus:
906 651 48 58 &

109 702 133 56 quod
193 702 117 56 nec
259 702 150 56 Pater
359 702 167 56 tantum
476 702 117 56 est
543 702 83 56 &
576 702 183 56 Filius,
709 702 117 56 nec
776 702 150 56 Pater
859 702 100 56 tan-

101 755 122 55 tum
170 755 87 55 &
205 755 209 55 Spiritus
362 755 209 55 sanctus,
519 755 122 55 nec
589 755 174 55 Filius
711 755 174 55 tantum
833 755 87 55 &
850 755 105 55 Spi-

111 805 159 59 tritus
222 805 190 59 sanctus.
365 805 95 59 De
413 805 111 59 hoc
476 805 143 59 autem
571 805 95 59 in
619 805 190 59 sequenti
746 805 190 59 pleniusage

105 852 104 58 ur
157 852 122 58 vbi
226 852 156 58 etiam
331 852 209 58 secundum
487 852 139 58 quid
574 852 191 58 similes
713 852 209 58 dicantur
852 852 87 58 tre

100 902 199 54 personae,
253 902 92 54 vt
299 902 138 54 vtrum
390 902 153 54 aliquo
498 902 122 54 modo
574 902 122 54 sit,
651 902 122 54 sibi
727 902 214 54 diuersitas
880 902 92 54 vel-

111 941 247 70 differentia
291 941 214 70 ostendetur.

349 1005 323 75 CAP.
510 1005 162 75 VI

169 1072 106 78 Ad
222 1072 142 78 idem
311 1072 142 78 quod
399 1072 212 78 coeperat
559 1072 177 78 redit,
683 1072 106 78 vt
736 1072 159 78 alias
824 1072 89 78 au-

334 1127 256 75 thoritates
516 1127 201 75 supponat.

151 1161 166 91 NVNC
255 1161 166 91 uero
359 1161 124 91 ad
421 1161 290 91 propositum
649 1161 270 91 redeamus,
856 1161 104 91 &
877 1161 83 91 ad

114 1228 253 74 ostendendum
317 1228 237 74 personarum
503 1228 287 74 pluralitatem,
739 1228 152 74 atque
824 1228 135 74 essen-

103 1290 129 59 tiae
184 1290 178 59 Diuinae
313 1290 178 59 vnitate
442 1290 146 59 alias
540 1290 210 59 sanctorum
701 1290 259 59 authoritates
895 1290 65 59 in

102 1329 208 63 ducamus.
258 1329 174 63 Moyses
379 1329 174 63 dicit.
501 1329 104 63 In
553 1329 226 63 principio
726 1329 139 63 Deus
796 1329 156 63 creauit

104 1384 166 55 caelum
221 1384 100 55 et
271 1384 183 55 terram:
404 1384 116 55 per
470 1384 133 55 Deum
553 1384 249 55 significans
753 1384 183 55 Patrem:
869 1384 83 55 per

104 1428 258 59 principium,
310 1428 189 59 Filium.
448 1428 172 59 Etppro
568 1428 103 59 eo
620 1428 138 59 quod
706 1428 138 59 apud
792 1428 120 59 nos
844 1428 103 59 Deus

101 1484 208 59 dicitur,
257 1484 208 59 Hebraica
413 1484 191 59 veritas
552 1484 156 59 habet
656 1484 191 59 Heloim:
795 1484 139 59 quod
864 1484 87 59 est

103 1526 183 67 plurale
236 1526 150 67 huius
336 1526 249 67 singularis,
536 1526 183 67 quodest
669 1526 133 67 Hel.
752 1526 133 67 Quod
835 1526 133 67 ergo
901 1526 67 67 no

106 1574 109 67 est
168 1574 155 67 dictam
276 1574 124 67 Hel,
354 1574 124 67 quod
431 1574 109 67 est
493 1574 140 67 Deus:
586 1574 109 67 sed
648 1574 171 67 Heloim,
772 1574 124 67 quod
834 1574 124 67 inter-

106 1627 169 66 pretari
229 1627 154 66 potest
337 1627 169 66 Dijsiue
460 1627 185 66 ludices:
599 1627 92 66 ad
645 1627 247 66 pluralitatem
830 1627 123 66 perso-

105 1675 153 69 narum
207 1675 222 69 refertur.
378 1675 102 69 Ad
429 1675 136 69 quam
514 1675 153 69 etiam
616 1675 290 69 illudattinere
838 1675 119 69 vide-

102 1723 145 82 tur,
193 1723 145 82 quod
283 1723 218 82 diabolus
447 1723 127 82 per
519 1723 236 82 serpentem
701 1723 181 82 dixit.
810 1723 163 82 Eritisc
