1310 2033
132 119 167 73 quam
236 119 271 73 Cymmerias
445 119 250 73 tenebras
632 119 250 73 pareret,
799 119 187 73 animad-

135 181 236 60 uerteret,
317 181 145 60 ipsi
407 181 164 60 totam
516 181 109 60 in
571 181 127 60 duo
644 181 200 60 quaedam
789 181 145 60 alia
862 181 145 60 capita

133 238 243 44 aliterque
320 238 318 44 distinxerunt.
582 238 112 44 Et
638 238 150 44 haec
731 238 187 44 quidem
862 238 112 44 de
900 238 93 44 me-

130 276 195 50 thodo
260 276 260 50 Lombardi
455 276 151 50 hoc
520 276 151 50 loco,

174 311 261 73 Dogmatum
370 311 174 73 uero
479 311 196 73 ieddς
610 311 196 73 nullo
741 311 174 73 modo
828 311 174 73 negari

137 364 206 75 potest,
287 364 150 75 quum
381 364 112 75 ab
437 364 168 75 ipsis
549 364 225 75 Lombardi
699 364 299 75 studiosissimis

145 427 303 45 interpretibus
395 427 214 45 doctrina
555 427 160 45 huius
662 427 142 45 loci
751 427 232 45 manifeste
911 427 89 45 da-

134 462 226 67 mnetur,
299 462 308 67 quemadmodum
545 462 123 67 in
606 462 185 67 calce
729 462 185 67 huius
832 462 164 67 operis

154 513 153 56 (vbi
249 513 229 56 Articuli
422 513 115 56 in
479 513 229 56 Magistro
651 513 306 56 sententiarum
880 513 115 56 con-

138 568 214 49 damnati
293 568 311 49 recensentur)
546 568 233 49 apparet.
721 568 156 49 Vnus
818 568 156 49 modo
896 568 97 49 Oc-

143 615 122 54 can
212 615 227 54 Quaestio.
387 615 105 54 2.
440 615 122 54 hoc
510 615 140 54 loco
597 615 210 54 tentauit
737 615 262 54 absurdissimae

138 656 92 70 &
174 656 275 70 faliissimae
394 656 183 70 illius
522 656 220 70 Lombardi
687 656 275 70 sententiae,
888 656 110 70 Quod

144 704 120 67 quae
219 704 90 67 in
264 704 135 67 nobis
353 704 105 67 est
413 704 194 67 charitas,
563 704 105 67 est
622 704 284 67 substantialiter
847 704 149 67 Spiritus

141 751 223 69 sanctus,
308 751 297 69 mitigationem
550 751 167 69 atque
661 751 278 69 excusatione
865 751 130 69 quan-

145 806 132 53 dam
221 806 246 53 inuenire,
410 806 151 53 quam
504 806 170 53 tamen
618 806 208 53 caeteri
769 806 170 53 omnes
864 806 132 53 scho-

144 847 187 54 lastici
280 847 272 54 ἀπαφαἰτατον,
501 847 85 54 &
535 847 289 54 inexcusabilem
772 847 136 54 esse
840 847 153 54 iampri-

139 897 139 62 dem
218 897 297 62 iudicarunt:
456 897 158 62 sed,
555 897 297 62 quemadmodum
793 897 139 62 ait
852 897 139 62 Quin-

141 947 227 62 tilianus,
316 947 175 62 nullus
438 947 123 62 est
508 947 123 62 tam
578 947 210 62 absurdus
736 947 175 62 error,
858 947 123 62 qui
911 947 88 62 non

144 994 164 54 suum
246 994 245 54 autorem,
430 994 102 54 &
471 994 245 54 patronum
655 994 204 54 tandem
777 994 225 54 reperiat.

147 1042 107 69 Et
201 1042 161 69 certe
308 1042 197 69 poterat
452 1042 125 69 vel
523 1042 233 69 Lombardus
702 1042 233 69 ipsecnisi
864 1042 125 69 pror-

142 1089 115 57 sus
207 1089 262 57 caecutiisset
420 1089 148 57 falsa
519 1089 131 57 illa
601 1089 131 57 sua,
683 1089 82 57 &
715 1089 115 57 iam
765 1089 229 57 praeiudicata

139 1139 232 60 sententia
317 1139 232 60 abreptus)
496 1139 125 60 per
567 1139 107 60 se
621 1139 321 60 animaduertere,
888 1139 143 60 quam

134 1188 162 55 ἁτοπα
242 1188 126 55 hoc
314 1188 144 55 loco
404 1188 234 55 tueretur,
584 1188 126 55 cum
656 1188 126 55 tam
728 1188 162 55 multa
836 1188 144 55 sibi
908 1188 90 55 ad-

137 1232 223 59 uersari,
305 1232 93 59 &
342 1232 223 59 aduersus
510 1232 149 59 suam
603 1232 168 59 illam
715 1232 261 59 sententiam
901 1232 93 59 ob-

139 1290 140 58 iici
226 1290 263 58 obseruaret,
436 1290 140 58 quae
524 1290 123 58 per
594 1290 140 58 tota
681 1290 158 58 nouem
786 1290 175 58 capita
891 1290 105 58 per-

145 1337 236 52 sequitur.
326 1337 163 52 Neque
435 1337 163 52 tamen
544 1337 163 52 omnia
653 1337 127 52 sui
726 1337 182 52 illius
835 1337 163 52 erroris

146 1381 235 64 incommoda
327 1381 181 64 vidit,
453 1381 109 64 vt
508 1381 127 64 mox
580 1381 163 64 dicam
689 1381 90 64 :
725 1381 90 64 &
761 1381 145 64 quae
851 1381 181 64 vidit,

145 1425 193 57 eludit
280 1425 212 57 potius,
434 1425 154 57 quam
531 1425 270 57 dissoluit.
743 1425 116 57 In
801 1425 174 57 summa
897 1425 97 57 re-

138 1477 129 64 cte
211 1477 203 64 scribit
359 1477 221 64 Irenaeus
524 1477 166 64 libro
635 1477 184 64 quarto
764 1477 184 64 capite
874 1477 129 64 sexa-

132 1525 334 62 gesimotertio,
407 1525 138 62 eam
486 1525 177 62 demum
604 1525 157 62 esse
702 1525 177 62 veram
820 1525 98 62 &
840 1525 157 62 ortho-

146 1565 174 77 doxam
262 1565 387 77 interpretationem
591 1565 290 77 Scripturae,
823 1565 155 77 quae
900 1565 97 77 ne-

139 1623 158 53 que
230 1623 271 53 absurdum
433 1623 113 53 &
478 1623 293 53 repugnans
704 1623 271 53 quicquam
884 1623 113 53 cum

151 1672 141 64 Dei
232 1672 182 64 verbo
353 1672 222 64 habeat,
514 1672 182 64 neque
635 1672 182 64 etiam
736 1672 263 64 blasphemum,
