<?xml version="1.0" encoding="UTF-8"?>
<alto xmlns:xsi="http://www.w3.org/2001/XMLSchema-instance"
      xmlns="http://www.loc.gov/standards/alto/ns-v2#"
      xmlns:page="http://schema.primaresearch.org/PAGE/gts/pagecontent/2013-07-15"
      xsi:schemaLocation="http://www.loc.gov/standards/alto/ns-v2# http://www.loc.gov/standards/alto/alto.xsd">
   <Description>
      <MeasurementUnit>pixel</MeasurementUnit>
      <OCRProcessing ID="IdOcr">
         <ocrProcessingStep>
            <processingDateTime>2021-02-10T14:40:06.516-05:00</processingDateTime>
            <processingSoftware>
               <softwareCreator>READ COOP</softwareCreator>
               <softwareName>Transkribus</softwareName>
            </processingSoftware>
         </ocrProcessingStep>
      </OCRProcessing>
   </Description>
   <Tags/>
   <Layout>
      <Page ID="Page1" PHYSICAL_IMG_NR="1" HEIGHT="2032" WIDTH="1299">
         <TopMargin HEIGHT="0" WIDTH="1299" VPOS="0" HPOS="0"/>
         <LeftMargin HEIGHT="2032" WIDTH="0" VPOS="0" HPOS="0"/>
         <RightMargin HEIGHT="2032" WIDTH="0" VPOS="0" HPOS="1299"/>
         <BottomMargin HEIGHT="0" WIDTH="1299" VPOS="2032" HPOS="0"/>
         <PrintSpace HEIGHT="2032" WIDTH="1299" VPOS="0" HPOS="0">
            <TextBlock ID="r1" HEIGHT="1648" WIDTH="847" VPOS="92" HPOS="155">
               <Shape>
                  <Polygon POINTS="155,92 155,1740 1002,1740 1002,92"/>
               </Shape>
               <TextLine ID="r1l3"
                         BASELINE="206"
                         HEIGHT="81"
                         WIDTH="835"
                         VPOS="125"
                         HPOS="165">
                  <String HEIGHT="81"
                          WIDTH="249"
                          VPOS="125"
                          HPOS="147"
                          CONTENT="charitate,"/>
                  <SP HEIGHT="81" WIDTH="18" VPOS="125" HPOS="396"/>
                  <String HEIGHT="81"
                          WIDTH="160"
                          VPOS="125"
                          HPOS="343"
                          CONTENT="Vtrum"/>
                  <SP HEIGHT="81" WIDTH="18" VPOS="125" HPOS="503"/>
                  <String HEIGHT="81"
                          WIDTH="231"
                          VPOS="125"
                          HPOS="449"
                          CONTENT="meritoria"/>
                  <SP HEIGHT="81" WIDTH="18" VPOS="125" HPOS="680"/>
                  <String HEIGHT="81"
                          WIDTH="142"
                          VPOS="125"
                          HPOS="627"
                          CONTENT="sit:"/>
                  <SP HEIGHT="81" WIDTH="18" VPOS="125" HPOS="769"/>
                  <String HEIGHT="81" WIDTH="124" VPOS="125" HPOS="716" CONTENT="qua"/>
                  <SP HEIGHT="81" WIDTH="18" VPOS="125" HPOS="840"/>
                  <String HEIGHT="81"
                          WIDTH="195"
                          VPOS="125"
                          HPOS="787"
                          CONTENT="ratione"/>
                  <SP HEIGHT="81" WIDTH="18" VPOS="125" HPOS="982"/>
                  <String HEIGHT="81"
                          WIDTH="89"
                          VPOS="125"
                          HPOS="911"
                          CONTENT="me"
                          SUBS_TYPE="HypPart1"
                          SUBS_CONTENT="meritoria:"/>
                  <HYP CONTENT="-"/>
               </TextLine>
               <TextLine ID="r1l4"
                         BASELINE="250"
                         HEIGHT="61"
                         WIDTH="839"
                         VPOS="189"
                         HPOS="163">
                  <String HEIGHT="61"
                          WIDTH="205"
                          VPOS="189"
                          HPOS="146"
                          CONTENT="ritoria:"
                          SUBS_TYPE="HypPart2"
                          SUBS_CONTENT="meritoria:"/>
                  <SP HEIGHT="61" WIDTH="17" VPOS="189" HPOS="351"/>
                  <String HEIGHT="61"
                          WIDTH="154"
                          VPOS="189"
                          HPOS="300"
                          CONTENT="vtrum"/>
                  <SP HEIGHT="61" WIDTH="17" VPOS="189" HPOS="454"/>
                  <String HEIGHT="61"
                          WIDTH="205"
                          VPOS="189"
                          HPOS="403"
                          CONTENT="quanquam"/>
                  <SP HEIGHT="61" WIDTH="17" VPOS="189" HPOS="608"/>
                  <String HEIGHT="61" WIDTH="120" VPOS="189" HPOS="557" CONTENT="est"/>
                  <SP HEIGHT="61" WIDTH="17" VPOS="189" HPOS="677"/>
                  <String HEIGHT="61"
                          WIDTH="171"
                          VPOS="189"
                          HPOS="625"
                          CONTENT="meriti"/>
                  <SP HEIGHT="61" WIDTH="17" VPOS="189" HPOS="797"/>
                  <String HEIGHT="61" WIDTH="120" VPOS="189" HPOS="745" CONTENT="(vt"/>
                  <SP HEIGHT="61" WIDTH="17" VPOS="189" HPOS="865"/>
                  <String HEIGHT="61"
                          WIDTH="137"
                          VPOS="189"
                          HPOS="814"
                          CONTENT="isti"/>
                  <SP HEIGHT="61" WIDTH="17" VPOS="189" HPOS="951"/>
                  <String HEIGHT="61"
                          WIDTH="120"
                          VPOS="189"
                          HPOS="882"
                          CONTENT="impie"/>
               </TextLine>
               <TextLine ID="r1l5"
                         BASELINE="290"
                         HEIGHT="56"
                         WIDTH="846"
                         VPOS="234"
                         HPOS="156">
                  <String HEIGHT="56"
                          WIDTH="239"
                          VPOS="234"
                          HPOS="138"
                          CONTENT="sentiunt)"/>
                  <SP HEIGHT="56" WIDTH="18" VPOS="234" HPOS="377"/>
                  <String HEIGHT="56"
                          WIDTH="147"
                          VPOS="234"
                          HPOS="322"
                          CONTENT="apud"/>
                  <SP HEIGHT="56" WIDTH="18" VPOS="234" HPOS="469"/>
                  <String HEIGHT="56" WIDTH="129" VPOS="234" HPOS="413" CONTENT="Deu"/>
                  <SP HEIGHT="56" WIDTH="18" VPOS="234" HPOS="542"/>
                  <String HEIGHT="56"
                          WIDTH="184"
                          VPOS="234"
                          HPOS="487"
                          CONTENT="nostri"/>
                  <SP HEIGHT="56" WIDTH="18" VPOS="234" HPOS="671"/>
                  <String HEIGHT="56"
                          WIDTH="202"
                          VPOS="234"
                          HPOS="616"
                          CONTENT="caussa,"/>
                  <SP HEIGHT="56" WIDTH="18" VPOS="234" HPOS="818"/>
                  <String HEIGHT="56"
                          WIDTH="184"
                          VPOS="234"
                          HPOS="763"
                          CONTENT="possit"/>
                  <SP HEIGHT="56" WIDTH="18" VPOS="234" HPOS="947"/>
                  <String HEIGHT="56"
                          WIDTH="129"
                          VPOS="234"
                          HPOS="873"
                          CONTENT="tamen"/>
               </TextLine>
               <TextLine ID="r1l6"
                         BASELINE="350"
                         HEIGHT="70"
                         WIDTH="828"
                         VPOS="280"
                         HPOS="161">
                  <String HEIGHT="70"
                          WIDTH="151"
                          VPOS="280"
                          HPOS="142"
                          CONTENT="Deus"/>
                  <SP HEIGHT="70" WIDTH="19" VPOS="280" HPOS="293"/>
                  <String HEIGHT="70"
                          WIDTH="151"
                          VPOS="280"
                          HPOS="236"
                          CONTENT="sine"/>
                  <SP HEIGHT="70" WIDTH="19" VPOS="280" HPOS="387"/>
                  <String HEIGHT="70"
                          WIDTH="245"
                          VPOS="280"
                          HPOS="330"
                          CONTENT="charitate"/>
                  <SP HEIGHT="70" WIDTH="19" VPOS="280" HPOS="575"/>
                  <String HEIGHT="70" WIDTH="132" VPOS="280" HPOS="519" CONTENT="nos"/>
                  <SP HEIGHT="70" WIDTH="19" VPOS="280" HPOS="650"/>
                  <String HEIGHT="70"
                          WIDTH="188"
                          VPOS="280"
                          HPOS="594"
                          CONTENT="charos"/>
                  <SP HEIGHT="70" WIDTH="19" VPOS="280" HPOS="782"/>
                  <String HEIGHT="70" WIDTH="94" VPOS="280" HPOS="726" CONTENT="&amp;"/>
                  <SP HEIGHT="70" WIDTH="19" VPOS="280" HPOS="820"/>
                  <String HEIGHT="70"
                          WIDTH="188"
                          VPOS="280"
                          HPOS="763"
                          CONTENT="gratos"/>
                  <SP HEIGHT="70" WIDTH="19" VPOS="280" HPOS="951"/>
                  <String HEIGHT="70"
                          WIDTH="113"
                          VPOS="280"
                          HPOS="876"
                          CONTENT="habe"/>
               </TextLine>
               <TextLine ID="r1l7"
                         BASELINE="398"
                         HEIGHT="70"
                         WIDTH="838"
                         VPOS="328"
                         HPOS="161">
                  <String HEIGHT="70" WIDTH="120" VPOS="328" HPOS="144" CONTENT="re:"/>
                  <SP HEIGHT="70" WIDTH="17" VPOS="328" HPOS="264"/>
                  <String HEIGHT="70" WIDTH="86" VPOS="328" HPOS="212" CONTENT="&amp;"/>
                  <SP HEIGHT="70" WIDTH="17" VPOS="328" HPOS="298"/>
                  <String HEIGHT="70" WIDTH="103" VPOS="328" HPOS="247" CONTENT="si"/>
                  <SP HEIGHT="70" WIDTH="17" VPOS="328" HPOS="349"/>
                  <String HEIGHT="70" WIDTH="120" VPOS="328" HPOS="298" CONTENT="nos"/>
                  <SP HEIGHT="70" WIDTH="17" VPOS="328" HPOS="418"/>
                  <String HEIGHT="70"
                          WIDTH="171"
                          VPOS="328"
                          HPOS="366"
                          CONTENT="gratos"/>
                  <SP HEIGHT="70" WIDTH="17" VPOS="328" HPOS="537"/>
                  <String HEIGHT="70"
                          WIDTH="171"
                          VPOS="328"
                          HPOS="486"
                          CONTENT="habet,"/>
                  <SP HEIGHT="70" WIDTH="17" VPOS="328" HPOS="657"/>
                  <String HEIGHT="70"
                          WIDTH="154"
                          VPOS="328"
                          HPOS="606"
                          CONTENT="vtrum"/>
                  <SP HEIGHT="70" WIDTH="17" VPOS="328" HPOS="760"/>
                  <String HEIGHT="70" WIDTH="103" VPOS="328" HPOS="708" CONTENT="de"/>
                  <SP HEIGHT="70" WIDTH="17" VPOS="328" HPOS="811"/>
                  <String HEIGHT="70"
                          WIDTH="222"
                          VPOS="328"
                          HPOS="760"
                          CONTENT="potestate"/>
                  <SP HEIGHT="70" WIDTH="17" VPOS="328" HPOS="982"/>
                  <String HEIGHT="70"
                          WIDTH="86"
                          VPOS="328"
                          HPOS="913"
                          CONTENT="ab"
                          SUBS_TYPE="HypPart1"
                          SUBS_CONTENT="absoluta,"/>
                  <HYP CONTENT="-"/>
               </TextLine>
               <TextLine ID="r1l8"
                         BASELINE="430"
                         HEIGHT="55"
                         WIDTH="840"
                         VPOS="375"
                         HPOS="164">
                  <String HEIGHT="55"
                          WIDTH="189"
                          VPOS="375"
                          HPOS="147"
                          CONTENT="soluta,"
                          SUBS_TYPE="HypPart2"
                          SUBS_CONTENT="absoluta,"/>
                  <SP HEIGHT="55" WIDTH="17" VPOS="375" HPOS="335"/>
                  <String HEIGHT="55" WIDTH="103" VPOS="375" HPOS="284" CONTENT="an"/>
                  <SP HEIGHT="55" WIDTH="17" VPOS="375" HPOS="387"/>
                  <String HEIGHT="55"
                          WIDTH="223"
                          VPOS="375"
                          HPOS="335"
                          CONTENT="ordinaria"/>
                  <SP HEIGHT="55" WIDTH="17" VPOS="375" HPOS="558"/>
                  <String HEIGHT="55" WIDTH="103" VPOS="375" HPOS="507" CONTENT="id"/>
                  <SP HEIGHT="55" WIDTH="17" VPOS="375" HPOS="610"/>
                  <String HEIGHT="55"
                          WIDTH="189"
                          VPOS="375"
                          HPOS="558"
                          CONTENT="faciat."/>
                  <SP HEIGHT="55" WIDTH="17" VPOS="375" HPOS="747"/>
                  <String HEIGHT="55" WIDTH="120" VPOS="375" HPOS="695" CONTENT="Hae"/>
                  <SP HEIGHT="55" WIDTH="17" VPOS="375" HPOS="815"/>
                  <String HEIGHT="55"
                          WIDTH="137"
                          VPOS="375"
                          HPOS="764"
                          CONTENT="sunt"/>
                  <SP HEIGHT="55" WIDTH="17" VPOS="375" HPOS="901"/>
                  <String HEIGHT="55" WIDTH="120" VPOS="375" HPOS="850" CONTENT="hoc"/>
                  <SP HEIGHT="55" WIDTH="17" VPOS="375" HPOS="970"/>
                  <String HEIGHT="55"
                          WIDTH="103"
                          VPOS="375"
                          HPOS="901"
                          CONTENT="loco"/>
               </TextLine>
               <TextLine ID="r1l9"
                         BASELINE="485"
                         HEIGHT="56"
                         WIDTH="849"
                         VPOS="429"
                         HPOS="159">
                  <String HEIGHT="56"
                          WIDTH="303"
                          VPOS="429"
                          HPOS="139"
                          CONTENT="interpretum"/>
                  <SP HEIGHT="56" WIDTH="20" VPOS="429" HPOS="442"/>
                  <String HEIGHT="56"
                          WIDTH="243"
                          VPOS="429"
                          HPOS="381"
                          CONTENT="Lombardi"/>
                  <SP HEIGHT="56" WIDTH="20" VPOS="429" HPOS="624"/>
                  <String HEIGHT="56"
                          WIDTH="202"
                          VPOS="429"
                          HPOS="563"
                          CONTENT="nugae."/>
                  <SP HEIGHT="56" WIDTH="20" VPOS="429" HPOS="765"/>
                  <String HEIGHT="56"
                          WIDTH="222"
                          VPOS="429"
                          HPOS="705"
                          CONTENT="Denique"/>
                  <SP HEIGHT="56" WIDTH="20" VPOS="429" HPOS="927"/>
                  <String HEIGHT="56" WIDTH="121" VPOS="429" HPOS="867" CONTENT="ne"/>
                  <SP HEIGHT="56" WIDTH="20" VPOS="429" HPOS="988"/>
                  <String HEIGHT="56" WIDTH="101" VPOS="429" HPOS="907" CONTENT="non"/>
               </TextLine>
               <TextLine ID="r1l10"
                         BASELINE="536"
                         HEIGHT="61"
                         WIDTH="834"
                         VPOS="475"
                         HPOS="165">
                  <String HEIGHT="61"
                          WIDTH="153"
                          VPOS="475"
                          HPOS="148"
                          CONTENT="satis"/>
                  <SP HEIGHT="61" WIDTH="17" VPOS="475" HPOS="301"/>
                  <String HEIGHT="61"
                          WIDTH="221"
                          VPOS="475"
                          HPOS="250"
                          CONTENT="materiae,"/>
                  <SP HEIGHT="61" WIDTH="17" VPOS="475" HPOS="471"/>
                  <String HEIGHT="61"
                          WIDTH="153"
                          VPOS="475"
                          HPOS="420"
                          CONTENT="etiam"/>
                  <SP HEIGHT="61" WIDTH="17" VPOS="475" HPOS="573"/>
                  <String HEIGHT="61"
                          WIDTH="204"
                          VPOS="475"
                          HPOS="522"
                          CONTENT="neglecto"/>
                  <SP HEIGHT="61" WIDTH="17" VPOS="475" HPOS="727"/>
                  <String HEIGHT="61"
                          WIDTH="204"
                          VPOS="475"
                          HPOS="676"
                          CONTENT="Lombardi"/>
                  <SP HEIGHT="61" WIDTH="17" VPOS="475" HPOS="880"/>
                  <String HEIGHT="61"
                          WIDTH="187"
                          VPOS="475"
                          HPOS="812"
                          CONTENT="argumeto,"/>
               </TextLine>
               <TextLine ID="r1l11"
                         BASELINE="572"
                         HEIGHT="53"
                         WIDTH="836"
                         VPOS="519"
                         HPOS="169">
                  <String HEIGHT="53" WIDTH="105" VPOS="519" HPOS="152" CONTENT="ad"/>
                  <SP HEIGHT="53" WIDTH="17" VPOS="519" HPOS="256"/>
                  <String HEIGHT="53"
                          WIDTH="192"
                          VPOS="519"
                          HPOS="204"
                          CONTENT="insanas"/>
                  <SP HEIGHT="53" WIDTH="17" VPOS="519" HPOS="395"/>
                  <String HEIGHT="53"
                          WIDTH="157"
                          VPOS="519"
                          HPOS="343"
                          CONTENT="illas"/>
                  <SP HEIGHT="53" WIDTH="17" VPOS="519" HPOS="500"/>
                  <String HEIGHT="53"
                          WIDTH="261"
                          VPOS="519"
                          HPOS="448"
                          CONTENT="quaestiones"/>
                  <SP HEIGHT="53" WIDTH="17" VPOS="519" HPOS="709"/>
                  <String HEIGHT="53"
                          WIDTH="261"
                          VPOS="519"
                          HPOS="657"
                          CONTENT="congerendas"/>
                  <SP HEIGHT="53" WIDTH="17" VPOS="519" HPOS="918"/>
                  <String HEIGHT="53"
                          WIDTH="139"
                          VPOS="519"
                          HPOS="866"
                          CONTENT="ipsi"/>
                  <SP HEIGHT="53" WIDTH="17" VPOS="519" HPOS="1005"/>
                  <String HEIGHT="53" WIDTH="70" VPOS="519" HPOS="935" CONTENT="ex"/>
               </TextLine>
               <TextLine ID="r1l12"
                         BASELINE="624"
                         HEIGHT="56"
                         WIDTH="837"
                         VPOS="568"
                         HPOS="162">
                  <String HEIGHT="56"
                          WIDTH="142"
                          VPOS="568"
                          HPOS="144"
                          CONTENT="sese"/>
                  <SP HEIGHT="56" WIDTH="18" VPOS="568" HPOS="287"/>
                  <String HEIGHT="56"
                          WIDTH="178"
                          VPOS="568"
                          HPOS="233"
                          CONTENT="habere"/>
                  <SP HEIGHT="56" WIDTH="18" VPOS="568" HPOS="411"/>
                  <String HEIGHT="56"
                          WIDTH="267"
                          VPOS="568"
                          HPOS="358"
                          CONTENT="viderentur,"/>
                  <SP HEIGHT="56" WIDTH="18" VPOS="568" HPOS="625"/>
                  <String HEIGHT="56"
                          WIDTH="232"
                          VPOS="568"
                          HPOS="572"
                          CONTENT="accersunt"/>
                  <SP HEIGHT="56" WIDTH="18" VPOS="568" HPOS="803"/>
                  <String HEIGHT="56" WIDTH="107" VPOS="568" HPOS="750" CONTENT="in"/>
                  <SP HEIGHT="56" WIDTH="18" VPOS="568" HPOS="857"/>
                  <String HEIGHT="56"
                          WIDTH="142"
                          VPOS="568"
                          HPOS="803"
                          CONTENT="hunc"/>
                  <SP HEIGHT="56" WIDTH="18" VPOS="568" HPOS="946"/>
                  <String HEIGHT="56"
                          WIDTH="125"
                          VPOS="568"
                          HPOS="874"
                          CONTENT="locum"/>
               </TextLine>
               <TextLine ID="r1l13"
                         BASELINE="685"
                         HEIGHT="62"
                         WIDTH="834"
                         VPOS="623"
                         HPOS="159">
                  <String HEIGHT="62"
                          WIDTH="209"
                          VPOS="623"
                          HPOS="142"
                          CONTENT="pueriles"/>
                  <SP HEIGHT="62" WIDTH="17" VPOS="623" HPOS="350"/>
                  <String HEIGHT="62"
                          WIDTH="191"
                          VPOS="623"
                          HPOS="298"
                          CONTENT="prorsus"/>
                  <SP HEIGHT="62" WIDTH="17" VPOS="623" HPOS="489"/>
                  <String HEIGHT="62"
                          WIDTH="226"
                          VPOS="623"
                          HPOS="437"
                          CONTENT="ματαολἰας"/>
                  <SP HEIGHT="62" WIDTH="17" VPOS="623" HPOS="663"/>
                  <String HEIGHT="62"
                          WIDTH="174"
                          VPOS="623"
                          HPOS="611"
                          CONTENT="quales"/>
                  <SP HEIGHT="62" WIDTH="17" VPOS="623" HPOS="785"/>
                  <String HEIGHT="62"
                          WIDTH="139"
                          VPOS="623"
                          HPOS="732"
                          CONTENT="sunt"/>
                  <SP HEIGHT="62" WIDTH="17" VPOS="623" HPOS="871"/>
                  <String HEIGHT="62"
                          WIDTH="174"
                          VPOS="623"
                          HPOS="819"
                          CONTENT="istae,"/>
                  <SP HEIGHT="62" WIDTH="17" VPOS="623" HPOS="993"/>
                  <String HEIGHT="62"
                          WIDTH="70"
                          VPOS="623"
                          HPOS="924"
                          CONTENT="v"
                          SUBS_TYPE="HypPart1"
                          SUBS_CONTENT="vbi"/>
                  <HYP CONTENT="-"/>
               </TextLine>
               <TextLine ID="r1l14"
                         BASELINE="723"
                         HEIGHT="55"
                         WIDTH="809"
                         VPOS="668"
                         HPOS="168">
                  <String HEIGHT="55"
                          WIDTH="108"
                          VPOS="668"
                          HPOS="150"
                          CONTENT="bi"
                          SUBS_TYPE="HypPart2"
                          SUBS_CONTENT="vbi"/>
                  <SP HEIGHT="55" WIDTH="18" VPOS="668" HPOS="258"/>
                  <String HEIGHT="55"
                          WIDTH="216"
                          VPOS="668"
                          HPOS="204"
                          CONTENT="quaerunt"/>
                  <SP HEIGHT="55" WIDTH="18" VPOS="668" HPOS="420"/>
                  <String HEIGHT="55" WIDTH="108" VPOS="668" HPOS="366" CONTENT="de"/>
                  <SP HEIGHT="55" WIDTH="18" VPOS="668" HPOS="474"/>
                  <String HEIGHT="55"
                          WIDTH="252"
                          VPOS="668"
                          HPOS="420"
                          CONTENT="incremento"/>
                  <SP HEIGHT="55" WIDTH="18" VPOS="668" HPOS="671"/>
                  <String HEIGHT="55"
                          WIDTH="198"
                          VPOS="668"
                          HPOS="617"
                          CONTENT="nostrae"/>
                  <SP HEIGHT="55" WIDTH="18" VPOS="668" HPOS="815"/>
                  <String HEIGHT="55"
                          WIDTH="234"
                          VPOS="668"
                          HPOS="743"
                          CONTENT="charitatis)"/>
               </TextLine>
               <TextLine ID="r1l15"
                         BASELINE="781"
                         HEIGHT="69"
                         WIDTH="713"
                         VPOS="712"
                         HPOS="291">
                  <String HEIGHT="69"
                          WIDTH="173"
                          VPOS="712"
                          HPOS="272"
                          CONTENT="Vtrum"/>
                  <SP HEIGHT="69" WIDTH="19" VPOS="712" HPOS="445"/>
                  <String HEIGHT="69"
                          WIDTH="231"
                          VPOS="712"
                          HPOS="387"
                          CONTENT="charitas"/>
                  <SP HEIGHT="69" WIDTH="19" VPOS="712" HPOS="619"/>
                  <String HEIGHT="69"
                          WIDTH="173"
                          VPOS="712"
                          HPOS="561"
                          CONTENT="quoad"/>
                  <SP HEIGHT="69" WIDTH="19" VPOS="712" HPOS="734"/>
                  <String HEIGHT="69"
                          WIDTH="270"
                          VPOS="712"
                          HPOS="676"
                          CONTENT="substantia"/>
                  <SP HEIGHT="69" WIDTH="19" VPOS="712" HPOS="946"/>
                  <String HEIGHT="69" WIDTH="96" VPOS="712" HPOS="888" CONTENT="&amp;"/>
                  <SP HEIGHT="69" WIDTH="19" VPOS="712" HPOS="985"/>
                  <String HEIGHT="69"
                          WIDTH="96"
                          VPOS="712"
                          HPOS="908"
                          CONTENT="ha"
                          SUBS_TYPE="HypPart1"
                          SUBS_CONTENT="habitum,"/>
                  <HYP CONTENT="-"/>
               </TextLine>
               <TextLine ID="r1l17"
                         BASELINE="830"
                         HEIGHT="69"
                         WIDTH="847"
                         VPOS="761"
                         HPOS="161">
                  <String HEIGHT="69"
                          WIDTH="166"
                          VPOS="761"
                          HPOS="144"
                          CONTENT="bitum,"
                          SUBS_TYPE="HypPart2"
                          SUBS_CONTENT="habitum,"/>
                  <SP HEIGHT="69" WIDTH="17" VPOS="761" HPOS="310"/>
                  <String HEIGHT="69" WIDTH="100" VPOS="761" HPOS="261" CONTENT="an"/>
                  <SP HEIGHT="69" WIDTH="17" VPOS="761" HPOS="360"/>
                  <String HEIGHT="69"
                          WIDTH="166"
                          VPOS="761"
                          HPOS="310"
                          CONTENT="tantum"/>
                  <SP HEIGHT="69" WIDTH="17" VPOS="761" HPOS="477"/>
                  <String HEIGHT="69"
                          WIDTH="149"
                          VPOS="761"
                          HPOS="427"
                          CONTENT="quoad"/>
                  <SP HEIGHT="69" WIDTH="17" VPOS="761" HPOS="576"/>
                  <String HEIGHT="69"
                          WIDTH="199"
                          VPOS="761"
                          HPOS="526"
                          CONTENT="affectum"/>
                  <SP HEIGHT="69" WIDTH="17" VPOS="761" HPOS="726"/>
                  <String HEIGHT="69"
                          WIDTH="216"
                          VPOS="761"
                          HPOS="676"
                          CONTENT="augeatur,"/>
                  <SP HEIGHT="69" WIDTH="17" VPOS="761" HPOS="892"/>
                  <String HEIGHT="69"
                          WIDTH="149"
                          VPOS="761"
                          HPOS="842"
                          CONTENT="quasi"/>
                  <SP HEIGHT="69" WIDTH="17" VPOS="761" HPOS="991"/>
                  <String HEIGHT="69" WIDTH="83" VPOS="761" HPOS="925" CONTENT="cha"/>
               </TextLine>
               <TextLine ID="r1l18"
                         BASELINE="874"
                         HEIGHT="59"
                         WIDTH="816"
                         VPOS="815"
                         HPOS="168">
                  <String HEIGHT="59"
                          WIDTH="153"
                          VPOS="815"
                          HPOS="151"
                          CONTENT="ritas"/>
                  <SP HEIGHT="59" WIDTH="17" VPOS="815" HPOS="304"/>
                  <String HEIGHT="59"
                          WIDTH="153"
                          VPOS="815"
                          HPOS="253"
                          CONTENT="aliud"/>
                  <SP HEIGHT="59" WIDTH="17" VPOS="815" HPOS="406"/>
                  <String HEIGHT="59"
                          WIDTH="136"
                          VPOS="815"
                          HPOS="355"
                          CONTENT="sit,"/>
                  <SP HEIGHT="59" WIDTH="17" VPOS="815" HPOS="491"/>
                  <String HEIGHT="59"
                          WIDTH="136"
                          VPOS="815"
                          HPOS="440"
                          CONTENT="quam"/>
                  <SP HEIGHT="59" WIDTH="17" VPOS="815" HPOS="576"/>
                  <String HEIGHT="59"
                          WIDTH="153"
                          VPOS="815"
                          HPOS="525"
                          CONTENT="animi"/>
                  <SP HEIGHT="59" WIDTH="17" VPOS="815" HPOS="678"/>
                  <String HEIGHT="59"
                          WIDTH="204"
                          VPOS="815"
                          HPOS="627"
                          CONTENT="affectus"/>
                  <SP HEIGHT="59" WIDTH="17" VPOS="815" HPOS="831"/>
                  <String HEIGHT="59" WIDTH="85" VPOS="815" HPOS="780" CONTENT="&amp;"/>
                  <SP HEIGHT="59" WIDTH="17" VPOS="815" HPOS="865"/>
                  <String HEIGHT="59"
                          WIDTH="187"
                          VPOS="815"
                          HPOS="797"
                          CONTENT="qualitas."/>
               </TextLine>
               <TextLine ID="r1l19"
                         BASELINE="915"
                         HEIGHT="56"
                         WIDTH="696"
                         VPOS="859"
                         HPOS="298">
                  <String HEIGHT="56"
                          WIDTH="179"
                          VPOS="859"
                          HPOS="278"
                          CONTENT="Vtrum"/>
                  <SP HEIGHT="56" WIDTH="20" VPOS="859" HPOS="457"/>
                  <String HEIGHT="56"
                          WIDTH="159"
                          VPOS="859"
                          HPOS="397"
                          CONTENT="homo"/>
                  <SP HEIGHT="56" WIDTH="20" VPOS="859" HPOS="557"/>
                  <String HEIGHT="56"
                          WIDTH="239"
                          VPOS="859"
                          HPOS="497"
                          CONTENT="mutetur,"/>
                  <SP HEIGHT="56" WIDTH="20" VPOS="859" HPOS="735"/>
                  <String HEIGHT="56"
                          WIDTH="159"
                          VPOS="859"
                          HPOS="676"
                          CONTENT="quum"/>
                  <SP HEIGHT="56" WIDTH="20" VPOS="859" HPOS="835"/>
                  <String HEIGHT="56" WIDTH="119" VPOS="859" HPOS="775" CONTENT="in"/>
                  <SP HEIGHT="56" WIDTH="20" VPOS="859" HPOS="895"/>
                  <String HEIGHT="56" WIDTH="119" VPOS="859" HPOS="835" CONTENT="eo"/>
                  <SP HEIGHT="56" WIDTH="20" VPOS="859" HPOS="954"/>
                  <String HEIGHT="56"
                          WIDTH="119"
                          VPOS="859"
                          HPOS="875"
                          CONTENT="cha"
                          SUBS_TYPE="HypPart1"
                          SUBS_CONTENT="charitas"/>
                  <HYP CONTENT="-"/>
               </TextLine>
               <TextLine ID="r1l21"
                         BASELINE="976"
                         HEIGHT="69"
                         WIDTH="608"
                         VPOS="907"
                         HPOS="168">
                  <String HEIGHT="69"
                          WIDTH="166"
                          VPOS="907"
                          HPOS="150"
                          CONTENT="ritas"
                          SUBS_TYPE="HypPart2"
                          SUBS_CONTENT="charitas"/>
                  <SP HEIGHT="69" WIDTH="18" VPOS="907" HPOS="315"/>
                  <String HEIGHT="69"
                          WIDTH="221"
                          VPOS="907"
                          HPOS="260"
                          CONTENT="augetur."/>
                  <SP HEIGHT="69" WIDTH="18" VPOS="907" HPOS="481"/>
                  <String HEIGHT="69"
                          WIDTH="184"
                          VPOS="907"
                          HPOS="426"
                          CONTENT="Mutari"/>
                  <SP HEIGHT="69" WIDTH="18" VPOS="907" HPOS="610"/>
                  <String HEIGHT="69" WIDTH="129" VPOS="907" HPOS="555" CONTENT="non"/>
                  <SP HEIGHT="69" WIDTH="18" VPOS="907" HPOS="684"/>
                  <String HEIGHT="69"
                          WIDTH="166"
                          VPOS="907"
                          HPOS="610"
                          CONTENT="putant."/>
               </TextLine>
               <TextLine ID="r1l22"
                         BASELINE="1021"
                         HEIGHT="64"
                         WIDTH="714"
                         VPOS="957"
                         HPOS="285">
                  <String HEIGHT="64"
                          WIDTH="157"
                          VPOS="957"
                          HPOS="268"
                          CONTENT="Vtrum"/>
                  <SP HEIGHT="64" WIDTH="17" VPOS="957" HPOS="424"/>
                  <String HEIGHT="64"
                          WIDTH="139"
                          VPOS="957"
                          HPOS="372"
                          CONTENT="quum"/>
                  <SP HEIGHT="64" WIDTH="17" VPOS="957" HPOS="511"/>
                  <String HEIGHT="64"
                          WIDTH="209"
                          VPOS="957"
                          HPOS="459"
                          CONTENT="charitas"/>
                  <SP HEIGHT="64" WIDTH="17" VPOS="957" HPOS="668"/>
                  <String HEIGHT="64"
                          WIDTH="209"
                          VPOS="957"
                          HPOS="616"
                          CONTENT="augetur,"/>
                  <SP HEIGHT="64" WIDTH="17" VPOS="957" HPOS="825"/>
                  <String HEIGHT="64"
                          WIDTH="192"
                          VPOS="957"
                          HPOS="773"
                          CONTENT="aliquid"/>
                  <SP HEIGHT="64" WIDTH="17" VPOS="957" HPOS="964"/>
                  <String HEIGHT="64"
                          WIDTH="104"
                          VPOS="957"
                          HPOS="895"
                          CONTENT="ipsi"/>
               </TextLine>
               <TextLine ID="r1l24"
                         BASELINE="1067"
                         HEIGHT="65"
                         WIDTH="824"
                         VPOS="1002"
                         HPOS="168">
                  <String HEIGHT="65"
                          WIDTH="233"
                          VPOS="1002"
                          HPOS="150"
                          CONTENT="charitati"/>
                  <SP HEIGHT="65" WIDTH="18" VPOS="1002" HPOS="383"/>
                  <String HEIGHT="65"
                          WIDTH="215"
                          VPOS="1002"
                          HPOS="329"
                          CONTENT="addatur:"/>
                  <SP HEIGHT="65" WIDTH="18" VPOS="1002" HPOS="544"/>
                  <String HEIGHT="65"
                          WIDTH="143"
                          VPOS="1002"
                          HPOS="490"
                          CONTENT="Quis"/>
                  <SP HEIGHT="65" WIDTH="18" VPOS="1002" HPOS="634"/>
                  <String HEIGHT="65"
                          WIDTH="143"
                          VPOS="1002"
                          HPOS="580"
                          CONTENT="vero"/>
                  <SP HEIGHT="65" WIDTH="18" VPOS="1002" HPOS="723"/>
                  <String HEIGHT="65"
                          WIDTH="197"
                          VPOS="1002"
                          HPOS="670"
                          CONTENT="dubitat"/>
                  <SP HEIGHT="65" WIDTH="18" VPOS="1002" HPOS="867"/>
                  <String HEIGHT="65"
                          WIDTH="143"
                          VPOS="1002"
                          HPOS="813"
                          CONTENT="nifi"/>
                  <SP HEIGHT="65" WIDTH="18" VPOS="1002" HPOS="956"/>
                  <String HEIGHT="65"
                          WIDTH="107"
                          VPOS="1002"
                          HPOS="885"
                          CONTENT="bar"
                          SUBS_TYPE="HypPart1"
                          SUBS_CONTENT="bardus"/>
                  <HYP CONTENT="-"/>
               </TextLine>
               <TextLine ID="r1l25"
                         BASELINE="1120"
                         HEIGHT="57"
                         WIDTH="763"
                         VPOS="1063"
                         HPOS="164">
                  <String HEIGHT="57"
                          WIDTH="134"
                          VPOS="1063"
                          HPOS="145"
                          CONTENT="dus"
                          SUBS_TYPE="HypPart2"
                          SUBS_CONTENT="bardus"/>
                  <SP HEIGHT="57" WIDTH="19" VPOS="1063" HPOS="278"/>
                  <String HEIGHT="57"
                          WIDTH="229"
                          VPOS="1063"
                          HPOS="221"
                          CONTENT="quispiam"/>
                  <SP HEIGHT="57" WIDTH="19" VPOS="1063" HPOS="450"/>
                  <String HEIGHT="57"
                          WIDTH="324"
                          VPOS="1063"
                          HPOS="393"
                          CONTENT="scholasticus:"/>
                  <SP HEIGHT="57" WIDTH="19" VPOS="1063" HPOS="717"/>
                  <String HEIGHT="57"
                          WIDTH="191"
                          VPOS="1063"
                          HPOS="660"
                          CONTENT="Negant"/>
                  <SP HEIGHT="57" WIDTH="19" VPOS="1063" HPOS="851"/>
                  <String HEIGHT="57"
                          WIDTH="153"
                          VPOS="1063"
                          HPOS="774"
                          CONTENT="tamen."/>
               </TextLine>
               <TextLine ID="r1l26"
                         BASELINE="1168"
                         HEIGHT="65"
                         WIDTH="710"
                         VPOS="1103"
                         HPOS="286">
                  <String HEIGHT="65"
                          WIDTH="168"
                          VPOS="1103"
                          HPOS="267"
                          CONTENT="Vtrum"/>
                  <SP HEIGHT="65" WIDTH="19" VPOS="1103" HPOS="435"/>
                  <String HEIGHT="65"
                          WIDTH="149"
                          VPOS="1103"
                          HPOS="379"
                          CONTENT="quod"/>
                  <SP HEIGHT="65" WIDTH="19" VPOS="1103" HPOS="529"/>
                  <String HEIGHT="65"
                          WIDTH="206"
                          VPOS="1103"
                          HPOS="473"
                          CONTENT="additur"/>
                  <SP HEIGHT="65" WIDTH="19" VPOS="1103" HPOS="678"/>
                  <String HEIGHT="65"
                          WIDTH="131"
                          VPOS="1103"
                          HPOS="622"
                          CONTENT="sit"/>
                  <SP HEIGHT="65" WIDTH="19" VPOS="1103" HPOS="753"/>
                  <String HEIGHT="65"
                          WIDTH="206"
                          VPOS="1103"
                          HPOS="697"
                          CONTENT="eiusdem"/>
                  <SP HEIGHT="65" WIDTH="19" VPOS="1103" HPOS="903"/>
                  <String HEIGHT="65"
                          WIDTH="168"
                          VPOS="1103"
                          HPOS="828"
                          CONTENT="species"/>
               </TextLine>
               <TextLine ID="r1l28"
                         BASELINE="1208"
                         HEIGHT="54"
                         WIDTH="838"
                         VPOS="1154"
                         HPOS="165">
                  <String HEIGHT="54"
                          WIDTH="128"
                          VPOS="1154"
                          HPOS="147"
                          CONTENT="cum"/>
                  <SP HEIGHT="54" WIDTH="18" VPOS="1154" HPOS="274"/>
                  <String HEIGHT="54"
                          WIDTH="237"
                          VPOS="1154"
                          HPOS="220"
                          CONTENT="charitate"/>
                  <SP HEIGHT="54" WIDTH="18" VPOS="1154" HPOS="456"/>
                  <String HEIGHT="54"
                          WIDTH="128"
                          VPOS="1154"
                          HPOS="402"
                          CONTENT="iam"/>
                  <SP HEIGHT="54" WIDTH="18" VPOS="1154" HPOS="529"/>
                  <String HEIGHT="54"
                          WIDTH="273"
                          VPOS="1154"
                          HPOS="475"
                          CONTENT="inhaerente,"/>
                  <SP HEIGHT="54" WIDTH="18" VPOS="1154" HPOS="748"/>
                  <String HEIGHT="54" WIDTH="109" VPOS="1154" HPOS="693" CONTENT="an"/>
                  <SP HEIGHT="54" WIDTH="18" VPOS="1154" HPOS="803"/>
                  <String HEIGHT="54"
                          WIDTH="237"
                          VPOS="1154"
                          HPOS="748"
                          CONTENT="alterius)"/>
                  <SP HEIGHT="54" WIDTH="18" VPOS="1154" HPOS="985"/>
                  <String HEIGHT="54" WIDTH="91" VPOS="1154" HPOS="912" CONTENT="Hac"/>
               </TextLine>
               <TextLine ID="r1l29"
                         BASELINE="1250"
                         HEIGHT="54"
                         WIDTH="841"
                         VPOS="1196"
                         HPOS="154">
                  <String HEIGHT="54"
                          WIDTH="293"
                          VPOS="1196"
                          HPOS="136"
                          CONTENT="difficillima"/>
                  <SP HEIGHT="54" WIDTH="18" VPOS="1196" HPOS="428"/>
                  <String HEIGHT="54"
                          WIDTH="146"
                          VPOS="1196"
                          HPOS="373"
                          CONTENT="esse"/>
                  <SP HEIGHT="54" WIDTH="18" VPOS="1196" HPOS="520"/>
                  <String HEIGHT="54"
                          WIDTH="274"
                          VPOS="1196"
                          HPOS="465"
                          CONTENT="quaestionem"/>
                  <SP HEIGHT="54" WIDTH="18" VPOS="1196" HPOS="739"/>
                  <String HEIGHT="54"
                          WIDTH="128"
                          VPOS="1196"
                          HPOS="684"
                          CONTENT="per"/>
                  <SP HEIGHT="54" WIDTH="18" VPOS="1196" HPOS="812"/>
                  <String HEIGHT="54"
                          WIDTH="219"
                          VPOS="1196"
                          HPOS="757"
                          CONTENT="plusquam"/>
                  <SP HEIGHT="54" WIDTH="18" VPOS="1196" HPOS="977"/>
                  <String HEIGHT="54" WIDTH="91" VPOS="1196" HPOS="904" CONTENT="sex"/>
               </TextLine>
               <TextLine ID="r1l30"
                         BASELINE="1318"
                         HEIGHT="56"
                         WIDTH="832"
                         VPOS="1262"
                         HPOS="160">
                  <String HEIGHT="56"
                          WIDTH="203"
                          VPOS="1262"
                          HPOS="142"
                          CONTENT="paginas"/>
                  <SP HEIGHT="56" WIDTH="18" VPOS="1262" HPOS="345"/>
                  <String HEIGHT="56"
                          WIDTH="222"
                          VPOS="1262"
                          HPOS="289"
                          CONTENT="ostendit"/>
                  <SP HEIGHT="56" WIDTH="18" VPOS="1262" HPOS="511"/>
                  <String HEIGHT="56"
                          WIDTH="185"
                          VPOS="1262"
                          HPOS="456"
                          CONTENT="Occan."/>
                  <SP HEIGHT="56" WIDTH="18" VPOS="1262" HPOS="641"/>
                  <String HEIGHT="56"
                          WIDTH="166"
                          VPOS="1262"
                          HPOS="585"
                          CONTENT="Nugae"/>
                  <SP HEIGHT="56" WIDTH="18" VPOS="1262" HPOS="752"/>
                  <String HEIGHT="56"
                          WIDTH="148"
                          VPOS="1262"
                          HPOS="696"
                          CONTENT="vero"/>
                  <SP HEIGHT="56" WIDTH="18" VPOS="1262" HPOS="844"/>
                  <String HEIGHT="56"
                          WIDTH="148"
                          VPOS="1262"
                          HPOS="789"
                          CONTENT="sunt"/>
                  <SP HEIGHT="56" WIDTH="18" VPOS="1262" HPOS="937"/>
                  <String HEIGHT="56"
                          WIDTH="129"
                          VPOS="1262"
                          HPOS="863"
                          CONTENT="ista."/>
               </TextLine>
               <TextLine ID="r1l31"
                         BASELINE="1362"
                         HEIGHT="68"
                         WIDTH="710"
                         VPOS="1294"
                         HPOS="283">
                  <String HEIGHT="68"
                          WIDTH="178"
                          VPOS="1294"
                          HPOS="263"
                          CONTENT="Vtrum"/>
                  <SP HEIGHT="68" WIDTH="20" VPOS="1294" HPOS="441"/>
                  <String HEIGHT="68"
                          WIDTH="237"
                          VPOS="1294"
                          HPOS="382"
                          CONTENT="charitas"/>
                  <SP HEIGHT="68" WIDTH="20" VPOS="1294" HPOS="618"/>
                  <String HEIGHT="68" WIDTH="118" VPOS="1294" HPOS="559" CONTENT="in"/>
                  <SP HEIGHT="68" WIDTH="20" VPOS="1294" HPOS="677"/>
                  <String HEIGHT="68"
                          WIDTH="138"
                          VPOS="1294"
                          HPOS="618"
                          CONTENT="hac"/>
                  <SP HEIGHT="68" WIDTH="20" VPOS="1294" HPOS="756"/>
                  <String HEIGHT="68"
                          WIDTH="158"
                          VPOS="1294"
                          HPOS="697"
                          CONTENT="vita"/>
                  <SP HEIGHT="68" WIDTH="20" VPOS="1294" HPOS="855"/>
                  <String HEIGHT="68" WIDTH="118" VPOS="1294" HPOS="796" CONTENT="ad"/>
                  <SP HEIGHT="68" WIDTH="20" VPOS="1294" HPOS="914"/>
                  <String HEIGHT="68"
                          WIDTH="158"
                          VPOS="1294"
                          HPOS="835"
                          CONTENT="summum"/>
               </TextLine>
               <TextLine ID="r1l33"
                         BASELINE="1401"
                         HEIGHT="66"
                         WIDTH="839"
                         VPOS="1335"
                         HPOS="156">
                  <String HEIGHT="66"
                          WIDTH="168"
                          VPOS="1335"
                          HPOS="139"
                          CONTENT="gradum"/>
                  <SP HEIGHT="66" WIDTH="17" VPOS="1335" HPOS="307"/>
                  <String HEIGHT="66" WIDTH="101" VPOS="1335" HPOS="257" CONTENT="in"/>
                  <SP HEIGHT="66" WIDTH="17" VPOS="1335" HPOS="357"/>
                  <String HEIGHT="66"
                          WIDTH="151"
                          VPOS="1335"
                          HPOS="307"
                          CONTENT="nobis"/>
                  <SP HEIGHT="66" WIDTH="17" VPOS="1335" HPOS="458"/>
                  <String HEIGHT="66"
                          WIDTH="134"
                          VPOS="1335"
                          HPOS="408"
                          CONTENT="esse"/>
                  <SP HEIGHT="66" WIDTH="17" VPOS="1335" HPOS="542"/>
                  <String HEIGHT="66"
                          WIDTH="185"
                          VPOS="1335"
                          HPOS="492"
                          CONTENT="possit."/>
                  <SP HEIGHT="66" WIDTH="17" VPOS="1335" HPOS="676"/>
                  <String HEIGHT="66"
                          WIDTH="151"
                          VPOS="1335"
                          HPOS="626"
                          CONTENT="Posse"/>
                  <SP HEIGHT="66" WIDTH="17" VPOS="1335" HPOS="777"/>
                  <String HEIGHT="66"
                          WIDTH="185"
                          VPOS="1335"
                          HPOS="727"
                          CONTENT="putant,"/>
                  <SP HEIGHT="66" WIDTH="17" VPOS="1335" HPOS="911"/>
                  <String HEIGHT="66"
                          WIDTH="151"
                          VPOS="1335"
                          HPOS="844"
                          CONTENT="falsum:"/>
               </TextLine>
               <TextLine ID="r1l34"
                         BASELINE="1451"
                         HEIGHT="57"
                         WIDTH="835"
                         VPOS="1394"
                         HPOS="160">
                  <String HEIGHT="57"
                          WIDTH="178"
                          VPOS="1394"
                          HPOS="142"
                          CONTENT="ltaque"/>
                  <SP HEIGHT="57" WIDTH="18" VPOS="1394" HPOS="320"/>
                  <String HEIGHT="57" WIDTH="107" VPOS="1394" HPOS="267" CONTENT="ex"/>
                  <SP HEIGHT="57" WIDTH="18" VPOS="1394" HPOS="373"/>
                  <String HEIGHT="57"
                          WIDTH="160"
                          VPOS="1394"
                          HPOS="320"
                          CONTENT="istis"/>
                  <SP HEIGHT="57" WIDTH="18" VPOS="1394" HPOS="480"/>
                  <String HEIGHT="57"
                          WIDTH="195"
                          VPOS="1394"
                          HPOS="426"
                          CONTENT="omnibus"/>
                  <SP HEIGHT="57" WIDTH="18" VPOS="1394" HPOS="622"/>
                  <String HEIGHT="57"
                          WIDTH="195"
                          VPOS="1394"
                          HPOS="569"
                          CONTENT="apparet"/>
                  <SP HEIGHT="57" WIDTH="18" VPOS="1394" HPOS="764"/>
                  <String HEIGHT="57"
                          WIDTH="160"
                          VPOS="1394"
                          HPOS="711"
                          CONTENT="verum"/>
                  <SP HEIGHT="57" WIDTH="18" VPOS="1394" HPOS="871"/>
                  <String HEIGHT="57"
                          WIDTH="142"
                          VPOS="1394"
                          HPOS="817"
                          CONTENT="esse"/>
                  <SP HEIGHT="57" WIDTH="18" VPOS="1394" HPOS="959"/>
                  <String HEIGHT="57"
                          WIDTH="107"
                          VPOS="1394"
                          HPOS="888"
                          CONTENT="quod"/>
               </TextLine>
               <TextLine ID="r1l35"
                         BASELINE="1506"
                         HEIGHT="70"
                         WIDTH="850"
                         VPOS="1436"
                         HPOS="150">
                  <String HEIGHT="70"
                          WIDTH="135"
                          VPOS="1436"
                          HPOS="131"
                          CONTENT="uit"/>
                  <SP HEIGHT="70" WIDTH="19" VPOS="1436" HPOS="266"/>
                  <String HEIGHT="70"
                          WIDTH="270"
                          VPOS="1436"
                          HPOS="208"
                          CONTENT="Psalmista,"/>
                  <SP HEIGHT="70" WIDTH="19" VPOS="1436" HPOS="478"/>
                  <String HEIGHT="70"
                          WIDTH="193"
                          VPOS="1436"
                          HPOS="420"
                          CONTENT="Abssus"/>
                  <SP HEIGHT="70" WIDTH="19" VPOS="1436" HPOS="614"/>
                  <String HEIGHT="70"
                          WIDTH="213"
                          VPOS="1436"
                          HPOS="556"
                          CONTENT="abyssum"/>
                  <SP HEIGHT="70" WIDTH="19" VPOS="1436" HPOS="768"/>
                  <String HEIGHT="70"
                          WIDTH="193"
                          VPOS="1436"
                          HPOS="710"
                          CONTENT="vocat:"/>
                  <SP HEIGHT="70" WIDTH="19" VPOS="1436" HPOS="903"/>
                  <String HEIGHT="70"
                          WIDTH="174"
                          VPOS="1436"
                          HPOS="826"
                          CONTENT="quodque"/>
               </TextLine>
               <TextLine ID="r1l36"
                         BASELINE="1555"
                         HEIGHT="66"
                         WIDTH="834"
                         VPOS="1489"
                         HPOS="152">
                  <String HEIGHT="66"
                          WIDTH="156"
                          VPOS="1489"
                          HPOS="135"
                          CONTENT="habet"/>
                  <SP HEIGHT="66" WIDTH="17" VPOS="1489" HPOS="291"/>
                  <String HEIGHT="66"
                          WIDTH="243"
                          VPOS="1489"
                          HPOS="239"
                          CONTENT="prouerbium"/>
                  <SP HEIGHT="66" WIDTH="17" VPOS="1489" HPOS="482"/>
                  <String HEIGHT="66"
                          WIDTH="174"
                          VPOS="1489"
                          HPOS="430"
                          CONTENT="vetus,"/>
                  <SP HEIGHT="66" WIDTH="17" VPOS="1489" HPOS="604"/>
                  <String HEIGHT="66"
                          WIDTH="191"
                          VPOS="1489"
                          HPOS="552"
                          CONTENT="Similes"/>
                  <SP HEIGHT="66" WIDTH="17" VPOS="1489" HPOS="743"/>
                  <String HEIGHT="66"
                          WIDTH="174"
                          VPOS="1489"
                          HPOS="691"
                          CONTENT="habent"/>
                  <SP HEIGHT="66" WIDTH="17" VPOS="1489" HPOS="864"/>
                  <String HEIGHT="66"
                          WIDTH="156"
                          VPOS="1489"
                          HPOS="812"
                          CONTENT="labra"/>
                  <SP HEIGHT="66" WIDTH="17" VPOS="1489" HPOS="969"/>
                  <String HEIGHT="66"
                          WIDTH="87"
                          VPOS="1489"
                          HPOS="899"
                          CONTENT="la"
                          SUBS_TYPE="HypPart1"
                          SUBS_CONTENT="lactucas."/>
                  <HYP CONTENT="-"/>
               </TextLine>
               <TextLine ID="r1l37"
                         BASELINE="1599"
                         HEIGHT="59"
                         WIDTH="718"
                         VPOS="1540"
                         HPOS="212">
                  <String HEIGHT="59"
                          WIDTH="180"
                          VPOS="1540"
                          HPOS="196"
                          CONTENT="ctucas."
                          SUBS_TYPE="HypPart2"
                          SUBS_CONTENT="lactucas."/>
                  <SP HEIGHT="59" WIDTH="16" VPOS="1540" HPOS="375"/>
                  <String HEIGHT="59" WIDTH="98" VPOS="1540" HPOS="326" CONTENT="Et"/>
                  <SP HEIGHT="59" WIDTH="16" VPOS="1540" HPOS="424"/>
                  <String HEIGHT="59"
                          WIDTH="147"
                          VPOS="1540"
                          HPOS="375"
                          CONTENT="tamen"/>
                  <SP HEIGHT="59" WIDTH="16" VPOS="1540" HPOS="522"/>
                  <String HEIGHT="59" WIDTH="98" VPOS="1540" HPOS="473" CONTENT="in"/>
                  <SP HEIGHT="59" WIDTH="16" VPOS="1540" HPOS="571"/>
                  <String HEIGHT="59"
                          WIDTH="147"
                          VPOS="1540"
                          HPOS="522"
                          CONTENT="istis"/>
                  <SP HEIGHT="59" WIDTH="16" VPOS="1540" HPOS="669"/>
                  <String HEIGHT="59"
                          WIDTH="147"
                          VPOS="1540"
                          HPOS="620"
                          CONTENT="nugis"/>
                  <SP HEIGHT="59" WIDTH="16" VPOS="1540" HPOS="767"/>
                  <String HEIGHT="59"
                          WIDTH="163"
                          VPOS="1540"
                          HPOS="718"
                          CONTENT="posita"/>
                  <SP HEIGHT="59" WIDTH="16" VPOS="1540" HPOS="881"/>
                  <String HEIGHT="59"
                          WIDTH="131"
                          VPOS="1540"
                          HPOS="832"
                          CONTENT="est,"/>
                  <SP HEIGHT="59" WIDTH="16" VPOS="1540" HPOS="963"/>
                  <String HEIGHT="59" WIDTH="33" VPOS="1540" HPOS="897" CONTENT=""/>
               </TextLine>
               <TextLine ID="r1l38"
                         BASELINE="1659"
                         HEIGHT="76"
                         WIDTH="509"
                         VPOS="1583"
                         HPOS="323">
                  <String HEIGHT="76" WIDTH="109" VPOS="1583" HPOS="305" CONTENT="si"/>
                  <SP HEIGHT="76" WIDTH="18" VPOS="1583" HPOS="414"/>
                  <String HEIGHT="76"
                          WIDTH="127"
                          VPOS="1583"
                          HPOS="359"
                          CONTENT="Deo"/>
                  <SP HEIGHT="76" WIDTH="18" VPOS="1583" HPOS="487"/>
                  <String HEIGHT="76"
                          WIDTH="200"
                          VPOS="1583"
                          HPOS="432"
                          CONTENT="placet,"/>
                  <SP HEIGHT="76" WIDTH="18" VPOS="1583" HPOS="632"/>
                  <String HEIGHT="76"
                          WIDTH="200"
                          VPOS="1583"
                          HPOS="578"
                          CONTENT="istorum"/>
                  <SP HEIGHT="76" WIDTH="18" VPOS="1583" HPOS="777"/>
                  <String HEIGHT="76"
                          WIDTH="127"
                          VPOS="1583"
                          HPOS="705"
                          CONTENT="homi"
                          SUBS_TYPE="HypPart1"
                          SUBS_CONTENT="hominum"/>
                  <HYP CONTENT="-"/>
               </TextLine>
               <TextLine ID="r1l39"
                         BASELINE="1702"
                         HEIGHT="68"
                         WIDTH="270"
                         VPOS="1634"
                         HPOS="438">
                  <String HEIGHT="68"
                          WIDTH="172"
                          VPOS="1634"
                          HPOS="413"
                          CONTENT="num"
                          SUBS_TYPE="HypPart2"
                          SUBS_CONTENT="hominum"/>
                  <SP HEIGHT="68" WIDTH="25" VPOS="1634" HPOS="585"/>
                  <String HEIGHT="68"
                          WIDTH="221"
                          VPOS="1634"
                          HPOS="487"
                          CONTENT="Theolo"/>
               </TextLine>
               <TextLine ID="r1l40"
                         BASELINE="1749"
                         HEIGHT="62"
                         WIDTH="85"
                         VPOS="1687"
                         HPOS="539">
                  <String HEIGHT="62"
                          WIDTH="128"
                          VPOS="1687"
                          HPOS="497"
                          CONTENT="gia."/>
               </TextLine>
            </TextBlock>
         </PrintSpace>
      </Page>
   </Layout>
</alto>
