1255 2039
312 97 146 88 sicut
409 97 129 88 dij.
490 97 113 88 Pro
554 97 113 88 quo
619 97 97 88 in
668 97 194 88 Hebraico
813 97 178 88 habetur
943 97 178 88 Heloim:
1072 97 97 88 ac
1104 97 65 88 si

309 182 178 44 diceret:
443 182 149 44 Eritis
547 182 134 44 sicut
636 182 163 44 diuinae
755 182 193 44 personae.
903 182 119 44 Ille
978 182 134 44 etiam
1052 182 104 44 maxi-

294 219 144 51 smus
384 219 270 51 prophetarum
600 219 90 51 &
636 219 162 51 regum
744 219 180 51 Dauid,
870 219 126 51 qui
942 219 144 51 suam
1014 219 144 51 caete-

310 263 105 66 ris
370 263 180 66 praefert
505 263 269 66 intelligentiam
729 263 165 66 dicens,
849 263 135 66 Super
939 263 135 66 senes
1013 263 150 66 intelle-

316 319 119 47 xi:
384 319 203 47 vnitatem
536 319 186 47 diuinae
672 319 186 47 naturae
807 319 220 47 ostendens
977 319 136 47 ait,
1044 319 119 47 Domi-

313 364 207 49 nusonomen
472 364 111 49 est
536 364 143 49 illi:
632 364 111 49 non
695 364 143 49 dicit
791 364 175 49 Domini.
918 364 143 49 Alibi
1014 364 143 49 etiam
1093 364 64 49 e-

310 408 167 59 iusdem
427 408 200 59 vnitatem
577 408 83 59 &
611 408 267 59 aeternitatem
827 408 150 59 simul
927 408 217 59 ostendens
1078 408 83 59 ait

314 467 96 55 ex
362 467 177 55 persona
491 467 128 55 Dei,
571 467 193 55 Israelsi
715 467 96 55 me
764 467 209 55 audieris,
924 467 112 55 non
988 467 128 55 erit
1069 467 96 55 in
1101 467 64 55 te

313 510 142 57 Deus
402 510 195 57 recens,
543 510 159 57 neque
650 510 212 57 adorabis
809 510 142 57 Deum
897 510 212 57 alienum.
1039 510 124 57 Aliud

314 560 156 51 horum,
424 560 94 51 vt
470 560 140 51 dicit
564 560 125 51 Amb.
642 560 94 51 in
689 560 125 51 lib.
767 560 94 51 Ix
814 560 94 51 de
861 560 172 51 Trinit,
970 560 187 51 significat

317 611 260 59 aeternitatem:
531 611 138 59 aliud
623 611 184 59 vnitatem
760 611 229 59 substantiae
929 611 229 59 indifferentis

314 655 100 56 vt
364 655 151 56 neque
465 655 251 56 posteriorem
666 655 167 56 Patre,
783 655 151 56 neque
883 655 201 56 alterius
1017 655 151 56 diuini-

306 712 155 52 tatis
409 712 190 52 Filium,
547 712 121 52 vel
617 712 207 52 Spiritum
772 712 190 52 sanctum
910 712 138 52 esse
979 712 190 52 credamus:

310 759 107 55 nam
371 759 92 55 si
417 759 138 55 Patre
509 759 199 55 posteruor
662 759 107 55 est
723 759 168 55 Filius,
846 759 107 55 vel
907 759 184 55 Spiritus
1029 759 138 55 sanctus

310 802 150 52 recens
415 802 120 52 est:
490 802 75 52 &
520 802 90 52 si
565 802 135 52 vnius
655 802 105 52 non
715 802 105 52 est
774 802 240 52 diuinitatis,
969 802 165 52 alienus
1074 802 90 52 est.

306 855 103 59 sed
365 855 103 59 nec
424 855 192 59 posterior
572 855 118 59 est,
646 855 118 59 quia
719 855 148 59 recens
823 855 103 59 non
882 855 118 59 est,
955 855 103 59 nec
1014 855 177 59 alienus,

311 901 136 59 quia
396 901 102 59 ex
447 901 153 59 Patre
550 901 153 59 natus
652 901 119 59 est
720 901 187 59 Filius,
856 901 102 59 ex
907 901 153 59 Patre
993 901 170 59 procedip

313 952 191 54 Spiritus
457 952 191 54 sanctus.
600 952 159 54 Alibil
712 952 159 54 quoque
823 952 271 54 distinctionem
1030 952 128 54 perso-

310 1001 162 55 narum
418 1001 234 55 insinuans
598 1001 144 55 ait,
688 1001 162 55 Verbo
795 1001 180 55 Domini
921 1001 162 55 coeli
1011 1001 162 55 firmati

317 1045 146 63 sunt,
414 1045 81 63 &
447 1045 179 63 spiritu
577 1045 130 63 oris
658 1045 130 63 eius
740 1045 146 63 omnis
838 1045 163 63 virtus
951 1045 163 63 eorum.
1049 1045 114 63 Alibi

310 1090 248 62 etiameait,
505 1090 230 62 Benedicat
682 1090 124 62 nos
753 1090 142 62 Deus
841 1090 142 62 Deus
930 1090 195 62 noster,
1054 1090 106 62 bene

316 1148 152 65 dicat
417 1148 118 65 nos
485 1148 152 65 Deus,
586 1148 84 65 &
620 1148 186 65 metuant
755 1148 118 65 eum
822 1148 152 65 omnes
924 1148 152 65 fines
1008 1148 152 65 terrae:

319 1187 150 64 Trina
419 1187 134 64 enim
503 1187 217 64 confessio
670 1187 117 64 Dei
737 1187 234 64 Trinitatem
920 1187 200 64 exprimit
1054 1187 100 64 per-

310 1242 192 69 sonarum:
454 1242 192 69 vnitatem
598 1242 128 69 vero
678 1242 208 69 essentiae
838 1242 176 69 aperit,
966 1242 128 69 quum
1030 1242 128 69 singu-

312 1291 173 56 lariter
438 1291 220 56 subiungit,
611 1291 126 56 eum,
690 1291 268 56 Esaiastquoque
910 1291 142 56 dicit
1005 1291 94 56 se
1036 1291 126 56 audis-

306 1341 97 64 se
354 1341 194 64 Seraphin
500 1341 226 64 clamantia,
677 1341 194 64 Sanctus,
823 1341 194 64 sanctus,
968 1341 178 64 sanctus
1081 1341 81 64 Do-

309 1388 152 56 minus
410 1388 152 56 Deus.
511 1388 118 56 Per
579 1388 118 56 hoc
646 1388 135 56 quod
731 1388 219 56 dicitter,
899 1388 202 56 Sanctus,
1034 1388 118 56 Trin-

306 1434 141 60 tatem
401 1434 236 60 significat.
589 1434 110 60 per
652 1434 110 60 hoc
715 1434 126 60 quod
794 1434 173 60 subdit,
919 1434 94 60 D,
966 1434 141 60 minus
1061 1434 126 60 Deus

312 1487 196 63 vnitatem
459 1487 228 63 essentiae.
638 1487 147 63 Dauid
736 1487 163 63 quoque
850 1487 196 63 aeternam
981 1487 163 63 Filijge-

306 1529 226 64 nerationem
483 1529 161 64 aperte
596 1529 194 64 insinuat
742 1529 97 64 ex
790 1529 177 64 persona
919 1529 161 64 Filij,
1016 1529 145 64 dicens:

313 1582 192 49 Dominus
452 1582 157 49 dixit
557 1582 105 49 ad
609 1582 122 49 me:
679 1582 192 49 Filius:
818 1582 139 49 meus
905 1582 157 49 estu:
1010 1582 122 49 ego
1062 1582 87 49 ho-

312 1627 117 58 die
379 1627 200 58 genuite.
529 1627 100 58 De
579 1627 117 58 hac
646 1627 250 58 generatione
847 1627 234 58 ineffabili
1013 1627 134 58 Esaias

310 1683 126 63 ait:
389 1683 267 63 :Generationem
608 1683 126 63 eius
687 1683 126 63 quis
765 1683 220 63 enarrabite
938 1683 94 63 In
985 1683 126 63 lib.
1048 1683 94 63 quo-

311 1717 114 84 que
376 1717 131 84 Sap.
458 1717 228 84 aeternitas
637 1717 147 84 Filij
735 1717 114 84 cum
800 1717 147 84 Patre
898 1717 245 84 monstratur,
1077 1717 82 84 vbi
