1267 2030
86 106 124 76 num
157 106 195 76 dicitur
299 106 88 76 &
334 106 159 76 datum
440 106 142 76 siue
529 106 212 76 donatum:
688 106 124 76 sed
758 106 159 76 datum
847 106 106 76 siue

91 166 185 58 donatum
226 166 101 58 ex
276 166 101 58 eo
326 166 168 58 tantum
444 166 202 58 dicitur,
595 166 134 58 quia
679 166 151 58 datur
780 166 118 58 vel
830 166 118 58 dona-

86 217 140 68 tur,
173 217 140 68 quod
260 217 157 68 habet
365 217 174 68 tantum
487 217 105 68 ex
522 217 174 68 tempore.

318 305 269 86 CAP.
453 305 202 86 IIII

325 364 149 94 Hic
410 364 192 94 quare
517 364 171 94 donum.

160 441 192 71 DONVM
288 441 170 71 vero
394 441 234 71 dicitur
565 441 149 71 non
650 441 128 71 ex
714 441 128 71 eo
778 441 213 71 tantum

103 502 131 64 quod
184 502 196 64 donetur,
332 502 115 64 sed
397 502 98 64 ex
446 502 245 64 proprietate
643 502 131 64 quam
724 502 164 64 habuit
839 502 98 64 ab
872 502 65 64 ae

109 552 178 63 terno,
234 552 142 63 unde
323 552 89 63 &
358 552 107 63 ab
412 552 196 63 aeterno
554 552 142 63 fuit
643 552 178 63 donum.
749 552 196 63 Sempitern

105 600 131 60 enim
186 600 147 60 donum
284 600 147 60 fuit,
382 600 114 60 non
447 600 131 60 quia
529 600 196 60 daretur,
676 600 114 60 sed
741 600 131 60 quia
806 600 147 60 proces-

101 649 116 61 sit
168 649 99 61 a.
217 649 149 61 Patre
316 649 83 61 &
350 649 165 61 Filio,
465 649 132 61 Vnde
548 649 132 61 Aug.
631 649 99 61 in
680 649 99 61 4.
730 649 99 61 de
763 649 182 61 Trinitate

109 692 124 71 ait,
187 692 140 71 Sicut
280 692 140 71 natum
373 692 124 71 esse
451 692 109 71 est
513 692 140 71 Filio
606 692 78 71 a
637 692 140 71 Patre
730 692 140 71 esse:
823 692 109 71 ita
869 692 78 71 Spi

112 743 148 62 ritui
210 743 164 62 sancto
325 743 148 62 donum
424 743 115 62 Dei
489 743 148 62 esse,
588 743 115 62 est
653 743 82 62 a
686 743 148 62 Patre
785 743 82 62 &
818 743 82 62 a
834 743 115 62 Filio

114 788 224 70 procedere.
290 788 112 70 Hic
354 788 160 70 aperte
466 788 224 70 ostenditur
643 788 128 70 quod
723 788 192 70 Spiritus
851 788 96 70 san-

112 836 137 63 ctus
198 836 103 63 eo
249 836 155 63 donum
352 836 137 63 est,
438 836 137 63 quod
524 836 206 63 procedit
678 836 86 63 a
713 836 155 63 Patre
816 836 86 63 &
850 836 86 63 a
867 836 86 63 Fi-

115 885 130 63 lio:
196 885 146 63 sicut
294 885 163 63 Filius
407 885 98 63 eo
456 885 114 63 est
521 885 81 63 a
554 885 163 63 Patre,
667 885 130 63 quod
749 885 146 63 natus
846 885 114 63 est
895 885 65 63 ab

116 935 121 67 eo.
185 935 121 67 Non
254 935 138 67 enim
340 935 138 67 idem
426 935 121 67 est
495 935 155 67 Filio
599 935 138 67 esse
685 935 86 67 a
720 935 173 67 Patre,
840 935 86 67 &
858 935 104 67 Spi-

115 988 139 63 rttui
207 988 170 63 sancto,
331 988 93 63 id
378 988 124 63 est,
455 988 108 63 non
517 988 93 63 ea
563 988 232 63 proprietate
749 988 155 63 Filius
842 988 108 63 dici-

109 1043 117 57 tur
176 1043 134 57 esse
260 1043 84 57 a
294 1043 168 57 Patre,
411 1043 117 57 qua
478 1043 201 57 Spiritus
629 1043 201 57 sanctus.
780 1043 117 57 Nam
831 1043 134 57 Filius

106 1090 171 59 dicitur
231 1090 124 59 esse
309 1090 78 59 a
340 1090 156 59 Patre,
449 1090 124 59 quia
526 1090 171 59 genitus
651 1090 109 59 est
713 1090 93 59 ab
760 1090 109 59 eo.
806 1090 156 59 Spiritus

104 1145 176 57 sanctus
232 1145 128 57 vero
312 1145 176 57 dicitur
440 1145 128 57 esse
520 1145 80 57 a
551 1145 144 57 Patre
647 1145 80 57 &
679 1145 80 57 a
711 1145 160 57 Filio,
823 1145 128 57 quia
887 1145 80 57 Spi

110 1182 135 70 ritus
200 1182 164 70 sanctus
319 1182 105 70 est
379 1182 120 70 donu
454 1182 149 70 Patris
558 1182 75 70 &
588 1182 149 70 Filij,
693 1182 90 70 id
738 1182 120 70 est,
812 1182 120 70 quia
872 1182 75 70 pro

110 1232 147 61 cedit
207 1232 98 61 ab
256 1232 196 61 vtroque.
403 1232 98 61 Eo
452 1232 130 61 enim
533 1232 179 61 dicitur
664 1232 212 61 Spiritus,
827 1232 114 61 quo
876 1232 81 61 do-

113 1289 142 62 num:
202 1289 89 62 &
238 1289 107 62 eo
291 1289 178 62 donum,
416 1289 125 62 quo
487 1289 249 62 procedens.
682 1289 142 62 Vnde
771 1289 196 62 August.
896 1289 71 62 in

113 1338 91 60 v.
158 1338 121 60 lib.
234 1338 91 60 de
279 1338 212 60 Trinitate,
446 1338 121 60 ait,
521 1338 182 60 Spiritus
657 1338 166 60 sanctus
778 1338 106 60 qui
839 1338 106 60 non
884 1338 76 60 est

121 1375 210 74 Trinitas,
282 1375 113 74 sed
347 1375 97 74 in
395 1375 210 74 Trinitate
556 1375 274 74 intelligitur,
782 1375 97 74 in
830 1375 97 74 eo
862 1375 97 74 quod

110 1431 164 64 proprie
229 1431 164 64 dicitur
348 1431 179 64 Spiritus
482 1431 179 64 sanctus,
616 1431 179 64 relatiue
751 1431 179 64 dicitur,
870 1431 89 64 quum

111 1475 85 70 &
145 1475 102 70 ad
196 1475 170 70 Patrem
315 1475 85 70 &
348 1475 170 70 Filium
467 1475 220 70 refertur:
637 1475 136 70 quia
722 1475 204 70 Spiritus
857 1475 102 70 san-

107 1532 129 62 ctus
187 1532 80 62 &
220 1532 161 62 Patris
332 1532 80 62 &
364 1532 145 62 Filij
461 1532 193 62 Spiritus
606 1532 129 62 est:
686 1532 113 62 sed
751 1532 129 62 ipsa
815 1532 145 62 relatio

108 1568 128 59 non
181 1568 201 59 apparet
327 1568 109 59 in
381 1568 128 59 hoc
454 1568 201 59 nomine.
600 1568 201 59 Apparet
746 1568 164 59 autem
856 1568 146 59 quum

116 1622 187 71 dicitur
252 1622 153 71 donum
354 1622 136 71 Dei:
439 1622 153 71 donum
541 1622 119 71 est
610 1622 136 71 enim
695 1622 170 71 Patris
814 1622 85 71 &
831 1622 119 71 Filij

113 1670 135 65 quia
198 1670 85 65 &
232 1670 85 65 a
265 1670 152 65 Patre
367 1670 220 65 procedit,
536 1670 85 65 &
570 1670 85 65 a
604 1670 169 65 Filio.
722 1670 135 65 Ecce
807 1670 118 65 his
857 1670 102 65 ver-

119 1718 111 63 bis
182 1718 158 63 aperte
293 1718 237 63 ostenditur,
482 1718 142 63 eadem
577 1718 205 63 relatione
735 1718 126 63 dici
798 1718 158 63 Spiritum
