1259 2024
280 98 220 61 sanctum,
445 98 92 61 &
482 98 184 61 donum.
610 98 165 61 Donum
721 98 184 61 autem,
849 98 147 61 quia
941 98 220 61 procedit
1088 98 55 61 a

281 143 153 73 Patre
383 143 85 73 &
417 143 170 73 Filio.
537 143 239 73 Proprietas
724 143 136 73 ergo
809 143 119 73 qua
877 143 187 73 dicitur
997 143 136 73 Spiri-

279 191 113 70 tus
344 191 178 70 sanctus
473 191 113 70 vel
538 191 146 70 donum
635 191 211 70 processio
798 191 130 70 ipsa
879 191 130 70 est,
960 191 97 70 de
992 191 146 70 quapost

278 245 184 66 plenius
412 245 168 66 agemus
530 245 117 66 cum
597 245 168 66 aliis.
714 245 117 66 Quu
781 245 134 66 ergo
865 245 101 66 ab
915 245 184 66 aeterno
1032 245 101 66 pro-

281 299 188 52 cesserit
422 299 94 52 ab
469 299 188 52 vtroque,
610 299 78 52 &
641 299 94 52 ab
688 299 172 52 aeterno
813 299 141 52 donum
907 299 141 52 fuit:
1001 299 109 52 non
1048 299 78 52 er.

284 350 102 54 go
335 350 203 54 Spiritus
487 350 186 54 sanctus
622 350 102 54 eo
673 350 169 54 tantum
792 350 186 54 dicitur
927 350 169 54 donum,
1028 350 102 54 quia

279 400 218 47 donatur:
442 400 127 47 nam
515 400 91 47 &
551 400 145 47 ante
642 400 145 47 fuit
733 400 163 47 donum
842 400 145 47 quam
914 400 218 47 donaretur.

277 442 131 54 Vnde
359 442 131 54 Aug.
441 442 99 54 in
490 442 99 54 v.
539 442 131 54 lib.
622 442 99 54 de
671 442 230 54 Trinitate.
852 442 181 54 ISemper
967 442 164 54 Spiritus

277 495 172 59 sanctus
403 495 204 59 procedit,
559 495 78 59 &
591 495 110 59 non
653 495 94 59 ex
700 495 188 59 tempore,
841 495 110 59 sed
904 495 94 59 ab
935 495 188 59 aeternita-

269 536 97 53 te
317 536 210 53 procedit.
479 536 113 53 Sed
544 536 129 53 quia
625 536 113 53 sic
689 536 243 53 procedebat,
883 536 97 53 vt
932 536 146 53 esset
1013 536 113 53 dona-

272 592 152 48 bile,
373 592 118 48 iam
441 592 152 48 donum
542 592 135 48 erat
626 592 202 48 antequam
777 592 152 48 esset
878 592 118 48 cui
929 592 202 48 donaretur.

268 644 148 55 Aliter
372 644 119 55 enim
446 644 252 55 intelligitur,
654 644 119 55 quum
728 644 163 55 dicitur
847 644 148 55 donum,
951 644 148 55 aliter
1040 644 89 55 quum

270 687 185 59 dicitur
405 687 202 59 donatum:
556 687 118 59 nam
624 687 152 59 donum
725 687 168 59 potest
843 687 135 59 esse
927 687 152 59 etiam
1011 687 118 59 ante-

267 736 134 62 quam
351 736 168 62 detur:
469 736 185 62 donatum
603 736 168 62 autem,
721 736 134 62 nisi
805 736 151 62 datum
906 736 185 62 fuerit,
1023 736 101 62 nul-

270 790 95 53 lo
318 790 127 53 modo
397 790 127 53 dici
476 790 174 53 potest.
603 790 222 53 Sempiterne
777 790 127 53 ergo
857 790 190 53 Spiritus
983 790 143 53 sanctus

266 839 124 59 est
337 839 178 59 donum,
462 839 284 59 temporaliter
693 839 160 59 autem
799 839 213 59 donatum.
959 839 124 59 His
1012 839 107 59 ver-

268 877 110 54 bis
331 877 158 54 aperte
442 877 237 54 ostenditur,
631 877 126 54 quod
710 877 142 54 sicut
805 877 189 54 Spiritus
946 877 174 54 sanctus
1057 877 63 54 ab

273 927 177 53 aeterno
402 927 210 53 procedit:
563 927 113 53 ita
628 927 97 53 ab
676 927 177 53 aeterno
805 927 145 53 donum
902 927 129 53 est:
983 927 113 53 non
1031 927 97 53 quia

269 975 212 58 donaretur
431 975 81 58 a
464 975 146 58 Patre
562 975 163 58 Filio,
675 975 114 58 vel
741 975 81 58 a
773 975 146 58 Filio
871 975 163 58 Patri,
985 975 114 58 sed
1033 975 98 58 quia

276 1025 91 76 ab
321 1025 167 76 aeterno
443 1025 198 76 processit
580 1025 182 76 donabilis.

522 1115 299 75 CAP.
671 1115 150 75 V.

440 1175 242 81 Quaeritur
626 1175 130 81 cui
682 1175 223 81 donabilis.

305 1257 133 57 SED
381 1257 248 57 quaeritur
572 1257 133 57 cui
648 1257 267 57 donabilis:
857 1257 171 57 vtrum
972 1257 171 57 Patri
1067 1257 57 57 &

266 1303 172 65 Filio,
386 1303 103 65 an
438 1303 172 65 tantum
559 1303 172 65 nobis,
679 1303 121 65 qui
748 1303 172 65 nondum
869 1303 189 65 eramus:
1006 1303 103 65 Si
1041 1303 86 65 au-

265 1368 113 49 tem
329 1368 113 49 non
394 1368 129 49 erat
474 1368 209 49 donabilis
635 1368 145 49 Patri
731 1368 80 49 &
763 1368 161 49 Filio:
876 1368 113 49 sed
940 1368 161 49 tantum
1037 1368 80 49 no-

260 1401 128 52 bis,
340 1401 80 52 &
372 1401 96 52 ex
420 1401 96 52 eo
468 1401 144 52 donum
564 1401 144 52 erat,
660 1401 128 52 quia
741 1401 112 52 sic
805 1401 208 52 donabilis
949 1401 160 52 procede.

263 1449 136 61 bat,
348 1449 187 61 videtur
484 1449 136 61 quod
568 1449 170 61 Filius
687 1449 170 61 semper
806 1449 153 61 eadem
907 1449 187 61 ratione
1026 1449 85 61 do-

263 1501 111 55 num
326 1501 174 55 fuerit:
453 1501 127 55 quia
532 1501 95 55 ab
580 1501 174 55 aeterno
706 1501 206 55 processit
865 1501 79 55 a
896 1501 142 55 Patre
976 1501 142 55 donabi-

267 1549 120 54 lis
335 1549 154 54 nobis
438 1549 103 54 in
489 1549 205 54 tempore,
644 1549 120 54 nam
712 1549 86 54 &
746 1549 103 54 de
798 1549 154 54 Filio
900 1549 188 54 legitur
1020 1549 103 54 quod

268 1593 161 68 datus
375 1593 125 68 est
447 1593 179 68 nobis.
572 1593 107 68 Ad
626 1593 143 68 quod
715 1593 214 68 dicimus,
876 1593 143 68 quia
947 1593 179 68 Spiritus

267 1643 182 62 sanctus
400 1643 149 62 nobis
499 1643 182 62 tantum,
632 1643 116 62 non
698 1643 149 62 Patri
797 1643 116 62 uel
863 1643 149 62 Filio
946 1643 182 62 donabilis

260 1694 229 80 processit,
439 1694 147 80 sicut
538 1694 82 80 &
570 1694 147 80 nobis
668 1694 163 80 tantum
783 1694 147 80 datus
881 1694 131 80 est.
963 1694 98 80 Et
995 1694 131 80 Filius
