1271 2027
104 86 126 73 vere
183 86 142 73 datus
277 86 110 73 est
340 86 157 73 nobis,
450 86 79 73 &
482 86 94 73 ab
529 86 173 73 aeterno
655 86 205 73 processit
812 86 79 73 a
828 86 126 73 Patre,

108 152 120 56 non
176 152 103 56 vt
228 152 223 56 donabilis
399 152 189 56 tantum,
536 152 120 56 sed
605 152 103 56 vt
656 152 189 56 genitus
794 152 120 56 qui
862 152 86 56 &
879 152 86 56 do-

101 199 129 59 nari
182 199 178 59 posset.
311 199 210 59 Processit
472 199 129 59 ergo
553 199 97 59 vi
602 199 178 59 genitus
731 199 81 59 &
763 199 226 59 donabilis:

99 244 110 66 sed
162 244 188 66 Spiritus
303 244 172 66 sanctus
428 244 110 66 non
491 244 188 66 proceait
632 244 94 66 vt
679 244 188 66 genitus,
820 244 110 66 sed
867 244 94 66 tan-

104 295 122 60 tum
173 295 105 60 vt
226 295 175 60 donum.
348 295 157 60 Donum
453 295 157 60 autem
558 295 175 60 semper
680 295 157 60 fuit,
785 295 122 60 non
838 295 122 60 solum

106 341 129 67 quia
187 341 226 67 donabilis:
364 341 113 67 sed
429 341 129 67 quia
510 341 97 67 ab
558 341 178 67 vtroque
687 341 226 67 processit,
865 341 81 67 &
881 341 81 67 do-

108 395 178 51 nabilis
237 395 145 51 fuit.
334 395 129 51 Vnde
414 395 226 51 Augustinus
592 395 97 51 in
640 395 97 51 v.
689 395 129 51 lib.
769 395 97 51 de
802 395 145 51 Trinit.

110 447 133 58 ait.
194 447 100 58 Eo
244 447 133 58 ipfo
327 447 133 58 quod
410 447 183 58 daturus
544 447 133 58 erat
627 447 117 58 eum
694 447 150 58 Deus,
794 447 117 58 iam
844 447 100 58 doni

113 498 145 49 erat,
210 498 145 49 etiam
307 498 194 49 antequam
452 498 194 49 daretur,
597 498 81 49 &
629 498 129 49 ideo
710 498 210 49 donabilis
855 498 97 49 est.

108 541 113 64 sed
172 541 161 64 aliter
285 541 225 64 donabilis,
462 541 129 64 quam
542 541 177 64 Filius.
671 541 113 64 nam
735 541 80 64 &
767 541 161 64 aliter
864 541 80 64 da-

108 600 128 50 tur,
188 600 80 50 &
220 600 160 50 aliter
332 600 208 50 processit
492 600 128 50 quam
571 600 176 50 Filius.
699 600 144 50 Filij
795 600 128 50 enim
859 600 96 50 pro-

108 639 150 66 cessio
213 639 180 66 genitura
348 639 120 66 est,
423 639 105 66 vel
483 639 210 66 natiuitas:
647 639 180 66 Spiritus
782 639 150 66 sancti
872 639 75 66 ve-

102 684 94 68 ro
149 684 220 68 processio,
322 684 204 68 natiuitas
479 684 110 68 non
541 684 125 68 est:
620 684 172 68 vtraque
745 684 125 68 vero
808 684 141 68 ineffa-

111 735 131 73 bilis
184 735 88 73 est.

343 748 315 95 CAP.
500 748 158 95 VI

119 833 144 60 Quod
209 833 162 60 sicut
317 833 180 60 Filius
443 833 216 60 nascendo
606 833 198 60 accepit
750 833 126 60 non
822 833 180 60 tantum

188 882 98 66 vt
237 882 147 66 esset
335 882 180 66 Filius:
465 882 114 66 sed
531 882 147 66 etiam
629 882 212 66 essentia:
792 882 114 66 ita
841 882 49 66 &

263 928 232 75 Spiritus
436 928 212 75 sanctus
571 928 232 75 procedendo

314 975 213 58 accepit
468 975 135 58 non
546 975 193 58 tantum
662 975 77 58 vt

376 1025 166 61 esset
486 1025 184 61 donum,
597 1025 92 61 sed

412 1073 139 57 aetia
504 1073 93 57 vt
535 1073 108 57 esset

421 1120 193 57 essentia.

152 1154 114 76 ET
209 1154 248 76 notandum,
400 1154 152 76 quod
495 1154 171 76 sicut
609 1154 190 76 Filius
742 1154 229 76 nascendo
895 1154 76 76 ac

113 1229 140 51 cepit
207 1229 124 51 non.
284 1229 155 51 tantum
393 1229 93 51 vt
439 1229 155 51 Filius
548 1229 124 51 sit,
625 1229 109 51 sed
687 1229 155 51 omnino
796 1229 93 51 vt
842 1229 124 51 sit,
904 1229 47 51 &

104 1276 95 47 vt
152 1276 127 47 ipsa
231 1276 222 47 substantia
405 1276 127 47 sit:
484 1276 111 47 ita
547 1276 79 47 &
579 1276 190 47 Spiritus
721 1276 174 47 sanctus
848 1276 79 47 a
864 1276 79 47 Pa-

109 1318 116 61 tre
176 1318 83 61 &
209 1318 149 61 Filio
308 1318 248 61 procedendo,
507 1318 182 61 accepit
639 1318 116 61 non
705 1318 166 61 tantum
821 1318 99 61 vt
854 1318 83 61 Spi

111 1367 137 58 ritus
202 1367 167 58 sanctus
324 1367 122 58 sit,
400 1367 107 58 vel
461 1367 152 58 donum:
567 1367 107 58 sed
628 1367 137 58 etiam
720 1367 91 58 vt
765 1367 152 58 omnino
857 1367 91 58 sit,

110 1417 83 53 &
144 1417 100 53 vt
193 1417 100 53 su
243 1417 183 53 stantia
376 1417 133 53 sit,
459 1417 133 53 quod
542 1417 166 53 vtique
658 1417 116 53 non
725 1417 183 53 accepit
857 1417 100 53 ex
891 1417 66 53 eo

103 1464 135 55 quod
187 1464 168 55 datur.
305 1464 118 55 nam
373 1464 135 55 quum
457 1464 118 55 non
524 1464 152 55 detur
625 1464 135 55 nisi
709 1464 101 55 ex
760 1464 202 55 tempore,
895 1464 67 55 si

106 1520 112 58 hoc
170 1520 176 58 haberet
298 1520 96 58 ex
346 1520 96 58 oo
394 1520 128 58 quod
474 1520 160 58 datur,
587 1520 224 58 accepisset
763 1520 128 58 ergo
843 1520 96 58 ex
875 1520 80 58 te-

103 1559 136 67 pore
188 1559 102 67 vt
239 1559 170 67 esset.
358 1559 136 67 Vnde
443 1559 238 67 Augustinus
630 1559 102 67 in
681 1559 170 67 quinto
800 1559 153 67 libro
885 1559 68 67 de

112 1605 242 57 Trinitate.
302 1605 173 57 Filius
423 1605 121 57 non
492 1605 121 57 hoc
561 1605 173 57 tantum
682 1605 155 57 habet
768 1605 190 57 nascendo,

113 1664 93 58 ut
160 1664 109 58 sit
222 1664 171 58 Filius,
346 1664 109 58 sed
408 1664 155 58 omnino
517 1664 93 58 vt
563 1664 124 58 sit.
641 1664 202 58 Quaeritur
796 1664 124 58 ergo
858 1664 93 58 vtru

113 1708 198 73 Spiritus
262 1708 182 73 sanctus
394 1708 99 73 eo
444 1708 132 73 quod
526 1708 165 73 datur,
642 1708 165 73 habeat
758 1708 116 73 non
824 1708 165 73 tantum
