1279 2035
355 127 75 64 S

340 116 138 87 g

311 131 347 106 Sreroragga
559 131 298 106 sfesξξggg-

391 222 568 106 DISTINCTIO
797 222 203 106 XIX

409 319 146 94 Hic
493 319 125 94 de
555 319 272 94 qualitate
764 319 188 94 trium
869 319 125 94 Per

545 399 255 74 sonarum:

547 504 268 71 CAP.
714 504 201 71 I.
781 504 100 71 V

355 573 141 82 VNC
436 573 243 82 postquam
618 573 364 82 coaeternitatem
921 573 182 82 trium
1022 573 121 82 Per-

373 633 216 82 igsonarum
539 633 116 82 pro
606 633 166 82 modulo
722 633 232 82 facultatis
904 633 182 82 nostrae
1020 633 116 82 insi-

403 684 222 54 nuauimus,
574 684 120 54 iam
642 684 102 54 de
693 684 205 54 earundem
847 684 256 54 aequalitate
1035 684 102 54 ali-

296 735 126 57 quid
375 735 158 57 eloqui
486 735 205 57 superest.
644 735 142 57 Fides
738 735 126 57 enim
817 735 205 57 Catholica
975 735 142 57 sicut
1054 735 79 57 co-

300 791 189 52 eternas,
442 791 111 52 ita
505 791 79 52 &
537 791 221 52 coaequales
711 791 126 52 tres
790 791 189 52 Personas
932 791 189 52 asserit.
1058 791 79 52 AE-

293 831 166 58 qualis
409 831 116 58 est
476 831 132 58 enim
558 831 99 58 in
608 831 182 58 omnibus
741 831 149 58 Patri
840 831 182 58 Filius,
972 831 83 58 &
1006 831 149 58 Patri
1088 831 50 58 &

303 883 142 66 Filio
398 883 190 66 Spiritus
541 883 190 66 sanctus.
683 883 127 66 Quia
762 883 111 66 (vt
825 883 222 66 Augustinus
999 883 95 66 in
1031 883 95 66 lib.

295 927 103 53 de
346 927 137 53 Fide
432 927 103 53 ad
483 927 189 53 Petrum,
621 927 206 53 breuiter
775 927 206 53 aperiens
929 927 189 53 quomodo
1049 927 86 53 in-

287 987 226 45 telligatur
464 987 242 45 aequalitas,
658 987 161 45 docet)
770 987 161 45 nullus
883 987 145 45 horum
980 987 145 45 alium
1060 987 81 45 aut

293 1034 213 56 praecedit
456 1034 262 56 aeternitate,
669 1034 114 56 aut
734 1034 180 56 excedit
865 1034 262 56 magnitudine,
1061 1034 82 56 aut

299 1075 165 61 superat
419 1075 210 61 potestate:
584 1075 120 61 quia
659 1075 105 61 nec
719 1075 150 61 Filio,
825 1075 105 61 nec
885 1075 180 61 Spiritui
1005 1075 135 61 sancto,

297 1135 187 55 quantum
433 1135 102 55 ad
484 1135 187 55 naturae
619 1135 187 55 diuinae
755 1135 204 55 vnitatem
908 1135 220 55 pertinet,
1060 1135 85 55 aut

296 1181 220 55 anterior,
465 1181 119 55 aut
533 1181 152 55 mator
635 1181 119 55 est
703 1181 169 55 Pater:
821 1181 119 55 nec
889 1181 169 55 Filius
991 1181 152 55 Spiritu

293 1230 180 56 sancto.
424 1230 197 56 AEternum
571 1230 164 56 quippe
686 1230 82 56 &
719 1230 131 56 sine
801 1230 164 56 initio
916 1230 131 56 est,
997 1230 131 56 quod
1063 1230 82 56 Fi-

296 1275 128 62 lius
376 1275 96 62 de
424 1275 160 62 natura
537 1275 160 62 Patris
649 1275 192 62 extitit:
793 1275 80 62 &
825 1275 192 62 aeternum
970 1275 96 62 ac
1018 1275 128 62 sine
1082 1275 64 62 i-

297 1318 141 55 nitio
391 1318 126 55 est,
470 1318 126 55 quod
548 1318 188 55 Spiritus
690 1318 173 55 sanctus
815 1318 94 55 de
862 1318 157 55 natura
972 1318 157 55 Patris
1067 1318 78 55 Fi-

294 1368 157 52 liique
404 1368 205 52 procedit.
562 1368 94 52 Ob
609 1368 110 52 hoc
672 1368 126 52 ergo
751 1368 126 52 tres
829 1368 110 52 vnu
892 1368 142 52 recte
971 1368 173 52 credimus,

295 1423 87 53 &
329 1423 192 53 dicimus
469 1423 157 53 Deum:
574 1423 140 53 quia
661 1423 122 53 vna
731 1423 192 53 prorsus
870 1423 262 53 aeternitas,
1062 1423 87 53 una

295 1467 261 48 immensitas,
503 1467 122 48 vna
573 1467 261 48 naturaliter
781 1467 122 48 est
851 1467 156 48 trium
938 1467 209 48 Personarum

290 1520 224 52 diuinitas.
466 1520 128 52 Ecce
546 1520 192 52 breuiter
690 1520 224 52 assignauit
867 1520 208 52 Augustin.
1027 1520 96 52 in
1059 1520 80 52 quo

300 1570 135 56 trium
390 1570 210 56 Personarum
555 1570 195 56 consistat
705 1570 225 56 aequalitas,
886 1570 180 56 scilicet
1021 1570 120 56 quia
1081 1570 60 56 a-

295 1621 112 60 lia
359 1621 143 60 aliam
454 1621 112 60 non
518 1621 191 60 excellit
662 1621 112 60 aut
726 1621 255 60 aeternitate,
933 1621 112 60 aut
981 1621 159 60 magnitu-

302 1659 135 78 dine,
392 1659 105 78 aut
437 1659 181 78 potestate,
