1259 2034
550 108 271 70 CAP.
686 108 169 70 III

315 139 134 99 Hic
392 139 115 99 de
449 139 307 99 magnitudine,
699 139 154 99 quod
795 139 115 99 ea
853 139 192 99 aliqua
968 139 115 99 Per-

509 213 239 70 sonarum
683 213 196 70 aliam
792 213 109 70 non

608 269 183 64 excedit.

340 307 138 68 Nunc
426 307 173 68 igitur
547 307 208 68 superest
703 307 242 68 ostendere,
894 307 138 68 quod
963 307 173 68 magnitu-

298 352 131 80 dine
379 352 114 80 vel
445 352 196 80 potentia
591 352 147 80 alius
689 352 147 80 alium
787 352 114 80 non
853 352 196 80 excedat:
999 352 82 80 &
1016 352 114 80 prius

293 407 110 71 de
348 407 274 71 magnitudine
549 407 201 71 videamus.

520 483 277 68 CAP.
659 483 208 68 IIII

334 518 148 90 Quod
426 518 129 90 non
500 518 129 90 est
574 518 166 90 maior
685 518 129 90 vna
758 518 203 90 persona
906 518 166 90 alia,
999 518 92 90 nec

394 592 172 72 maius
509 592 210 72 aliquid
662 592 153 72 duae
757 592 153 72 quam
853 592 153 72 vna,
929 592 96 72 nec

488 637 147 69 tres
580 637 129 69 vel
653 637 147 69 duae
746 637 147 69 quam
819 637 111 69 vna,

336 691 199 73 Sciendum
486 691 116 73 est
552 691 133 73 ergo
635 691 133 73 quia
718 691 149 73 Pater
817 691 116 73 non
883 691 116 73 est
950 691 166 73 maior,
1049 691 83 73 Fi-

294 749 130 61 lio:
375 749 114 61 nec
440 749 146 61 Pater
537 749 114 61 vel
602 749 162 61 Filius
716 749 146 61 maior
813 749 292 61 Spiritusancto:
1040 749 81 61 nei

288 797 150 55 maius
388 797 184 55 aliquid
522 797 134 55 duae
605 797 200 55 Personae
756 797 150 55 simul
856 797 150 55 sunt,
956 797 134 55 quam
1023 797 100 55 vna.

286 855 117 53 nec
353 855 134 53 tres
437 855 151 53 simul
538 855 151 53 maius
638 855 184 53 aliquid
772 855 134 53 quam
856 855 151 53 duae:
956 855 117 53 nec
1007 855 117 53 maior

286 898 109 58 est
349 898 187 58 essentia
489 898 93 58 in
535 898 171 58 tribus,
660 898 124 58 quam
737 898 93 58 in
784 898 171 58 duabus,
908 898 109 58 nec
971 898 93 58 in
1002 898 124 58 duabus

287 950 130 66 quam
368 950 98 66 in
417 950 130 66 vna:
498 950 130 66 quia
579 950 130 66 tota
661 950 114 66 est
726 950 98 66 in
774 950 211 66 singulis.
937 950 130 66 Vnde
1002 950 130 66 Ioann.

291 999 202 58 Damasc.
437 999 147 58 ait,
529 999 257 58 Confitemur
731 999 202 58 deitais
878 999 202 58 naturam
1007 999 128 58 omnem

294 1044 186 73 perfecte
434 1044 124 73 esse
512 1044 93 73 in
558 1044 171 73 singula
683 1044 155 73 suarum
791 1044 248 73 hypostaseon,
993 1044 93 73 id
1040 1044 124 73 est,

288 1093 255 64 Personarum:
492 1093 153 64 omnem
594 1093 102 64 in
645 1093 170 64 Patre,
764 1093 170 64 oinnem
883 1093 102 64 in
934 1093 170 64 Filio,
1036 1093 85 64 om-

284 1147 117 57 nem
351 1147 100 57 in
401 1147 184 57 Spiritu
535 1147 184 57 sancto.
669 1147 184 57 Ideoque
803 1147 218 57 perfectus
970 1147 134 57 Deus
1037 1147 84 57 pa-

284 1187 116 77 ter
351 1187 216 77 perfectus
517 1187 133 77 Deus
600 1187 183 77 Filias,
733 1187 216 77 perfectus
899 1187 133 77 Deus
965 1187 166 77 Spiritus

260 1236 175 63 sanctus.

527 1274 337 91 CAP.
696 1274 127 91 V

286 1351 208 66 Quomodo
437 1351 208 66 dicitur
588 1351 151 66 esse
683 1351 151 66 Deus
777 1351 170 66 Pater
890 1351 113 66 in
947 1351 189 66 Filio,
1079 1351 94 66 &

395 1407 175 74 Filius
517 1407 105 74 in
569 1407 175 74 Patre,
692 1407 87 74 &
727 1407 210 74 Spiritus
867 1407 157 74 sanctus

480 1467 111 67 in
536 1467 223 67 vtroqne,
703 1467 93 67 &
722 1467 185 67 singulus

572 1509 96 70 in
620 1509 209 70 singulis.

334 1572 91 64 Et
379 1572 122 64 inde
456 1572 107 64 est
516 1572 122 64 quod
592 1572 137 64 Pater
684 1572 167 64 dicitur
805 1572 122 64 esse
882 1572 91 64 in
927 1572 152 64 Filio,
1034 1572 76 64 &
1049 1572 76 64 Fi-

285 1621 129 68 lius
365 1621 97 68 in
414 1621 161 68 Patre,
526 1621 80 68 &
559 1621 193 68 Spiritus
703 1621 177 68 sanctus
832 1621 97 68 in
880 1621 193 68 vtroque,
1025 1621 80 68 &
1041 1621 97 68 sin-

285 1684 147 51 gulus
383 1684 98 51 in
432 1684 212 51 singulis,
595 1684 131 51 Vnde
676 1684 131 51 Aug.
758 1684 98 51 in
807 1684 131 51 lib.
888 1684 98 51 de
937 1684 131 51 Fide
1019 1684 98 51 ad
1051 1684 82 51 Pe-

280 1728 189 64 trum,o,
417 1728 189 64 Propter
555 1728 206 64 vnitatem
710 1728 224 64 naturalem
882 1728 155 64 torus
985 1728 155 64 Pater
1071 1728 69 64 in
