1243 2022
269 83 211 82 essentiae
431 83 113 82 non
496 83 243 82 significari
690 83 162 82 genus,
803 83 113 82 nec
868 83 162 82 nomine
965 83 162 82 Personae

243 144 184 64 speciem.

514 160 342 109 CAP.
685 160 171 109 IX

315 235 134 87 Hic
391 235 191 87 probat
525 235 153 87 quod
620 235 134 87 non
697 235 210 87 dicitur
849 235 114 87 vt
887 235 172 87 species

532 300 114 61 de
570 300 246 61 indiuiduis.

315 335 108 76 SI
369 335 144 76 vero
459 335 216 76 dicuntur
621 335 180 76 nomine
747 335 216 76 Personae
909 335 126 76 non
963 335 162 76 speciem

266 398 263 67 significari,
479 398 115 67 sed
545 398 181 67 aliquid
676 398 213 67 singulare
840 398 148 67 atque
922 398 197 67 indiuiduum

274 454 80 52 &
306 454 159 52 nomine
418 454 207 52 essentiae
577 454 175 52 speciem
705 454 223 52 intelligi:
880 454 96 52 vt
928 454 175 52 Persona
1039 454 80 52 non

266 501 187 52 dicatur
402 501 153 52 sicut
505 501 153 52 homo,
607 501 119 52 sed
675 501 187 52 quomodo
811 501 187 52 dicitur
948 501 119 52 hic
999 501 119 52 homo:

268 542 157 66 velut
372 542 210 66 Abraham,
530 542 175 66 Isaac,
652 542 175 66 Iacob,
774 542 122 66 vel
844 542 140 66 quis
932 542 175 66 alius,
1037 542 87 66 qui

261 601 146 57 etiam
358 601 163 57 digito
472 601 195 57 praesens
619 601 244 57 demonstrari
814 601 179 57 possit:
944 601 114 57 sic
993 601 130 57 quoque

255 648 155 53 illos
358 648 155 53 eadem
461 648 155 53 ratio
564 648 258 53 confutabit.
770 648 155 53 Sicut
873 648 137 53 enim
942 648 172 53 dicuntus

259 697 203 56 Abraham,
411 697 169 56 Isaac,
530 697 152 56 Iacob
631 697 135 56 tria
716 697 237 56 indiuidua:
902 697 118 56 ita
970 697 135 56 tres
1037 697 85 56 ho-

257 746 153 50 mines
359 746 85 50 &
393 746 136 50 tria
478 746 221 50 animalia.
648 746 119 50 Cur
717 746 136 50 ergo
802 746 170 50 Pater,
921 746 85 50 &
955 746 187 50 Filius,

259 790 84 60 &
293 790 201 60 Spiritus
443 790 201 60 sanctus,
594 790 100 60 si
644 790 201 60 secundum
795 790 167 60 genus,
912 790 84 60 &
946 790 184 60 specie,
1063 790 50 60 &

259 843 221 63 indiuiduum
433 843 126 63 ista
512 843 237 63 disserimus,
701 843 111 63 non
765 843 111 63 ita
828 843 190 63 dicuntur
970 843 126 63 tres
1033 843 79 63 es-

258 890 171 63 sentiae,
386 890 86 63 vt
429 890 114 63 tres
486 890 157 63 Personaee

537 938 290 77 CAP.
682 938 145 77 X.

445 1005 160 73 Alio
545 1005 160 73 modo
645 1005 200 73 probat
784 1005 180 73 idem:

302 1069 166 69 ALIO
406 1069 207 69 quoque
551 1069 166 69 modo
655 1069 166 69 idem
758 1069 207 69 probat
904 1069 166 69 Aug,
987 1069 124 69 sci-

259 1113 139 57 licet
351 1113 123 57 quod
428 1113 185 57 essentia
567 1113 154 57 diuina
675 1113 108 57 non
736 1113 108 57 est
798 1113 154 57 genus,
906 1113 108 57 nec
952 1113 154 57 Personae

262 1175 192 47 species,
406 1175 112 47 vel
470 1175 192 47 essentia
614 1175 112 47 non
678 1175 112 47 est
742 1175 192 47 species,
886 1175 112 47 nec
934 1175 176 47 Personae:

262 1223 229 52 indiuidua.
442 1223 131 52 Vna,
524 1223 180 52 inquit,
655 1223 196 52 essentia
802 1223 115 52 non
867 1223 147 52 habet
949 1223 164 52 species,

263 1272 152 60 sicut
365 1272 136 60 vnum
449 1272 169 60 animal
568 1272 119 60 non
636 1272 152 60 habet
737 1272 186 60 species
873 1272 169 60 Pater,
991 1272 136 60 ergo
1059 1272 51 60 &

258 1318 179 51 Filius,
388 1318 81 51 &
420 1318 195 51 Spiritus
567 1318 179 51 sanctus
697 1318 114 51 non
762 1318 130 51 sunt
843 1318 130 51 tres
924 1318 179 51 species
1038 1318 65 51 v-

254 1367 122 52 nius
330 1367 214 52 essentiae.
498 1367 153 52 diuina
605 1367 122 52 ergo
681 1367 183 52 essentia
818 1367 137 52 genus
910 1367 107 52 non
971 1367 122 52 est.
1032 1367 76 52 Sed

252 1418 115 50 nec
317 1418 180 50 species
448 1418 115 50 est
514 1418 196 50 essentia
661 1418 180 50 diuina,
792 1418 82 50 &
825 1418 196 50 Personae
956 1418 147 50 indiui-

251 1464 133 61 dua:
335 1464 150 61 sicut
435 1464 133 61 homo
518 1464 183 61 species
651 1464 133 61 est,
734 1464 217 61 indiuidua
901 1464 150 61 autem
984 1464 117 61 Abra-

246 1517 125 51 ham,
325 1517 157 51 Isaac,
434 1517 78 51 &
466 1517 157 51 Iacob.
575 1517 94 51 Si
622 1517 125 51 enim
701 1517 188 51 essentia
842 1517 188 51 species,
983 1517 125 51 est,
1045 1517 63 51 vt

248 1560 159 66 homo:
354 1560 159 66 sicut
460 1560 124 66 non
531 1560 194 66 dicitur
672 1560 141 66 unus
761 1560 141 66 homo
849 1560 141 66 esse
937 1560 212 66 Abrabam,

246 1611 156 54 lsaac,
355 1611 78 54 &
387 1611 156 54 Iacob:
496 1611 109 54 ita
558 1611 109 54 non
620 1611 171 54 dicitur
745 1611 109 54 vna
807 1611 187 54 essentia
947 1611 125 54 esse
1010 1611 93 54 tres

242 1662 222 74 Personae.
413 1662 119 74 Non
481 1662 171 74 itaque
600 1662 205 74 secundum
754 1662 154 74 genus
856 1662 85 74 &
890 1662 188 74 species
1010 1662 102 74 ista

226 1706 189 67 dicimus,
