1271 2032
268 104 128 64 haec
348 104 176 64 species
476 104 128 64 homo
556 104 96 64 de
604 104 128 64 suis
684 104 240 64 praedicatur
876 104 240 64 indiuiduis,
1052 104 80 64 ve-

261 164 115 62 lut
326 164 99 62 de
376 164 148 62 Petro
474 164 82 62 &
507 164 148 62 Paulo
606 164 82 62 &
639 164 164 62 aliis:
754 164 115 62 nec
820 164 132 62 ista
902 164 164 62 specie
1000 164 132 62 diffe-

267 211 152 51 runt,
369 211 118 51 sed
436 211 237 51 conueniunt
622 211 118 51 per
690 211 169 51 omnia:
809 211 118 51 ita
876 211 135 51 Deus
961 211 102 51 de
995 211 135 51 tribus

276 258 227 65 praedicatur
458 258 197 65 Personis,
609 258 121 65 quae
685 258 91 65 in
731 258 212 65 diuinitate
898 258 106 65 non
943 258 182 65 differunt.

275 316 121 51 sed
344 316 121 51 per
413 316 155 51 omnia
516 316 259 51 conueniunt.
723 316 138 51 Hanc
809 316 138 51 ergo
878 316 259 51 similitudinem

275 355 155 56 inter
378 355 120 56 res
447 355 258 56 sempiternas
653 355 86 56 &
687 355 120 56 res
756 355 241 56 temporales
928 355 206 56 perpendens

266 401 215 66 Ioannnes,
432 401 314 66 vniuersalitatis
696 401 83 66 &
729 401 330 66 particularitatis
993 401 149 66 nomina,

274 465 134 54 quae
358 465 151 54 rebus
459 465 268 54 temporalibus
677 465 185 54 proprie
811 465 252 54 conueniunt,
1013 465 101 54 ad
1046 465 84 54 res

269 508 197 61 aeternas
417 508 247 61 transtulit:
614 508 132 61 Aug.
696 508 132 61 vero
778 508 181 61 maiorem
910 508 164 61 videns
1008 508 132 61 dissi-

271 547 231 64 militudine
453 547 132 64 quam
536 547 281 64 similitudinem
767 547 149 64 inter
867 547 116 64 res
916 547 215 64 praedictas,

267 602 99 67 ab
317 602 248 67 excellentia
515 602 231 67 Trinitatis
697 602 215 67 praedicta
863 602 165 67 nomina
962 602 165 67 remouit.

558 693 270 75 CAP.
693 693 169 75 XV.

359 767 112 89 Ex
415 767 131 89 quo
490 767 168 89 sensu
602 767 205 89 dixerit
752 767 224 89 Personas
901 767 112 89 dif-

546 831 184 60 ferre
648 831 184 60 numero.

318 871 152 75 QVOD
413 871 171 75 autem
527 871 229 75 Ioannnes
699 871 171 75 dicit
813 871 267 75 hypostases
1004 871 114 75 dif-

280 940 140 69 ferre
374 940 172 69 numero,
499 940 109 69 non
561 940 172 69 natura,
686 940 94 69 in
733 940 94 69 eo
780 940 125 69 quod
858 940 109 69 non
920 940 187 69 differre
1045 940 78 69 na-

280 984 133 70 tura
364 984 133 70 ait,
447 984 217 70 verissime
614 984 83 70 &
647 984 133 70 sine
730 984 200 70 scrupulo
880 984 217 70 loquitur.
1030 984 100 70 Quod

274 1039 141 72 uero
362 1039 158 72 dicit
468 1039 211 72 differre
626 1039 193 72 numero,
766 1039 211 72 cauendum
924 1039 123 72 est
977 1039 158 72 quomodo

269 1091 292 58 intelligatur.
510 1091 206 58 Diuersis
664 1091 138 58 enim
751 1091 155 58 modis
854 1091 206 58 dicuntur
991 1091 138 58 aliqua

272 1137 209 75 differre
411 1137 157 75 numero.

516 1190 296 87 CAP.
664 1190 185 87 XVI

281 1254 189 82 Quibus
414 1254 170 82 modis
527 1254 227 82 dicantur
698 1254 227 82 differre
868 1254 208 82 numero,
1019 1254 95 82 &
1038 1254 95 82 se-

364 1318 219 59 cundum
517 1318 175 59 quem
627 1318 197 59 modum
758 1318 219 59 possit
890 1318 131 59 con-

530 1366 193 60 uenire
645 1366 212 60 Personis.

317 1412 384 76 DICVNTVRenim
629 1412 240 76 aliqua
797 1412 288 76 differre
989 1412 144 76 nume

280 1466 105 65 ro,
340 1466 150 65 quando
445 1466 105 65 ita
505 1466 210 65 differunt,
670 1466 90 65 vt
715 1466 105 65 hoc
774 1466 105 65 non
834 1466 105 65 sit
894 1466 150 65 illud,
999 1466 105 65 nec
1044 1466 90 65 ali-

281 1532 119 51 quid
356 1532 119 51 quod
430 1532 134 51 illud
519 1532 119 51 est,
594 1532 104 51 vel
653 1532 89 51 in
698 1532 119 51 ipso
773 1532 119 51 est.
847 1532 179 51 qualiter
966 1532 164 51 differunt

277 1568 218 59 Socrates,
445 1568 84 59 &
478 1568 168 59 Plato,
596 1568 84 59 &
629 1568 235 59 huiusmodi,
814 1568 134 59 quae
897 1568 134 59 apud
964 1568 168 59 philoso-

271 1620 149 59 phos
364 1620 223 59 dicuntur
532 1620 242 59 indiuidua
718 1620 130 59 vel
792 1620 298 59 paticularia.
1016 1620 130 59 iuxta

279 1676 135 51 quem
364 1676 152 51 modum
465 1676 118 51 non
532 1676 186 51 possunt
667 1676 135 51 dici
752 1676 135 51 tres
836 1676 203 51 Personae
971 1676 169 51 differre

269 1709 196 86 numero.
412 1709 214 86 Dicuntur
572 1709 178 86 quoque
697 1709 214 86 differre
857 1709 196 86 numero,
1000 1709 143 86 quae
1071 1709 71 86 in
