1299 2032
159 112 272 78 enumeratione
380 112 136 78 siue
465 112 272 78 computatione
687 112 119 78 non
755 112 136 78 sibi
823 112 187 78 adiungun-

162 175 131 44 tur,
243 175 114 44 sed
309 175 82 44 a
341 175 98 44 se
390 175 179 44 inuicem
521 175 277 44 discernuntur:
749 175 98 44 vt
798 175 131 44 quum
879 175 98 44 de
912 175 98 44 ali

160 225 156 59 quibus
270 225 141 59 rebus
364 225 203 59 loquentes
520 225 188 59 dicimus,
661 225 125 59 vna,
739 225 141 59 duae,
833 225 141 59 tres,
927 225 78 59 &
942 225 63 59 se

162 271 162 65 cundum
275 271 129 65 hunc
356 271 145 65 modum
453 271 145 65 forte
550 271 162 65 dixit.
663 271 194 65 Ioannnes
808 271 242 65 hypostases,

155 323 99 46 id
205 323 132 46 est,
288 323 199 46 Personas
437 323 199 46 differre
586 323 182 46 numero.
718 323 199 46 Possumus
867 323 132 46 enim
933 323 83 46 di-

164 372 143 50 cere,
260 372 143 50 Pater
355 372 111 50 est
419 372 143 50 vnus,
514 372 80 50 &
546 372 143 50 Pater
641 372 111 50 est
705 372 159 50 Filius
816 372 127 50 sunt
896 372 127 50 duo,
959 372 48 50 &

154 413 152 52 Pater
256 413 85 52 &
289 413 169 52 Filius
408 413 85 52 &
441 413 203 52 Spiritus
594 413 186 52 sanctus
729 413 135 52 sunt
813 413 152 52 tros.
915 413 101 52 Et
948 413 68 52 i-

157 471 128 44 tem,
237 471 128 44 Haec
316 471 175 44 Persona
444 471 112 44 est
508 471 128 44 vna,
588 471 80 44 &
619 471 128 44 haec
699 471 80 44 &
731 471 128 44 illa
811 471 128 44 sunt
890 471 143 44 duae,
970 471 48 44 &

158 510 127 55 haec
238 510 80 55 &
269 510 127 55 illa
349 510 80 55 &
381 510 127 55 alia
460 510 127 55 sunt
540 510 143 55 tres.
635 510 254 55 Couenientius
842 510 143 55 tamen
922 510 95 55 tres

155 557 143 72 illae
250 557 190 72 Personae
393 557 286 72 proprietatibus
631 557 159 72 tantum
742 557 206 72 distingui
885 557 127 72 dicun-

154 619 130 53 tur:
235 619 98 53 de
284 619 163 53 quarum
398 619 260 53 distinctione
609 619 195 53 secundum
756 619 260 53 proprietates
951 619 65 53 in

157 662 196 56 sequenti
304 662 261 56 tractabitur.
516 662 131 56 Nunc
597 662 131 56 uero
679 662 98 56 ad
728 662 212 56 incoeptum
875 662 114 56 rede-

165 713 129 65 mus,
246 713 129 65 quae
327 713 146 65 dicta
424 713 129 65 sunt
505 713 243 65 repetentes,
699 713 97 65 vt
747 713 162 65 sapius
844 713 162 65 versandi

152 752 250 71 familiarius
336 752 233 71 innotescant.

383 808 291 85 CAP.
528 808 218 85 XVII

215 863 148 86 Quod
307 863 130 86 vna
381 863 204 86 Persona
529 863 130 86 non
603 863 130 86 est
677 863 167 86 maior
788 863 167 86 alia,
881 863 93 86 nec

245 928 151 65 tres
339 928 170 65 simul
453 928 151 65 quam
547 928 151 65 vna:
641 928 94 65 &
679 928 132 65 hoc
754 928 189 65 ratio¬

368 976 119 73 ne
428 976 239 73 ostendit
587 976 159 73 Catho

495 1025 111 62 lica.

189 1056 234 85 SCIENDVM
364 1056 136 85 est
442 1056 156 85 ergo
539 1056 195 85 tantam
675 1056 312 85 aequalitatem
909 1056 117 85 esse

150 1127 89 69 in
195 1127 209 69 Trinitate,
359 1127 89 69 vt
404 1127 104 69 ait
463 1127 119 69 Aug.
538 1127 89 69 in
583 1127 134 69 viij.
672 1127 119 69 lib.
747 1127 89 69 de
791 1127 164 69 Trinit.
911 1127 89 69 vt
940 1127 60 69 ni

152 1176 150 61 solum
252 1176 150 61 Pater
353 1176 117 61 non
419 1176 117 61 sit
486 1176 150 61 maior
586 1176 134 61 quam
670 1176 184 61 Filius,
803 1176 117 61 sed
870 1176 117 61 nec
920 1176 67 61 Pa

154 1225 120 64 ter
222 1225 86 64 &
257 1225 171 64 Filius
377 1225 154 64 simul
480 1225 154 64 maius
583 1225 189 64 aliquid
720 1225 137 64 sunt
805 1225 137 64 quam
874 1225 120 64 Spiri

158 1265 112 70 tus
222 1265 191 70 sanctus,
365 1265 112 70 aut
429 1265 207 70 quaelibet
589 1265 175 70 Persona
716 1265 143 70 minus
812 1265 175 70 aliquid
923 1265 80 70 sit

156 1320 132 66 quam
239 1320 132 66 ipsa
322 1320 215 66 Trinitas.
488 1320 132 66 Quod
570 1320 149 66 autem
670 1320 116 66 ita
736 1320 132 66 sit,
819 1320 166 66 aliquo
918 1320 83 66 mo-

150 1379 99 41 do
200 1379 99 41 si
250 1379 149 41 fieri
349 1379 182 41 potest,
481 1379 281 41 demonstrandum
712 1379 132 41 est.
794 1379 182 41 Quantum
910 1379 99 41 ergo

156 1418 179 55 creator
286 1418 130 55 ipse
367 1418 195 55 adiuuat,
513 1418 244 55 attendamus.
708 1418 163 55 Inquit
822 1418 179 55 August.
936 1418 65 55 in

151 1466 168 72 eodem,
269 1466 185 72 quomodo
403 1466 101 72 in
454 1466 118 72 hac
521 1466 219 72 Trinitate
689 1466 135 72 duae
774 1466 118 72 vel
841 1466 135 72 tres
908 1466 101 72 Per-

145 1517 154 74 sonae
247 1517 119 74 non
316 1517 137 74 sunt
401 1517 154 74 maius
503 1517 188 74 aliquid
640 1517 137 74 quam
725 1517 119 74 vna
776 1517 137 74 earum:

361 1572 282 67 CAP.
502 1572 246 67 XVIII

202 1618 202 56 Ratione
349 1618 184 56 vtitur
477 1618 294 56 subtilissima
716 1618 110 56 ad
753 1618 202 56 ostenden-

385 1671 131 65 dum
460 1671 150 65 quod
554 1671 131 65 ita
610 1671 113 65 sit.

198 1710 163 87 OLOD
300 1710 143 87 ibi
381 1710 204 87 magnum
524 1710 245 87 dicitur,
708 1710 225 87 aliunde
851 1710 163 87 magnum
