1347 2004
218 91 192 61 quoniam
357 91 140 61 Deus
445 91 210 61 Trinitas
602 91 140 61 est,
689 91 140 61 ideo
776 91 192 61 triplex
898 91 175 61 putandu-

217 139 126 68 est:
296 139 189 68 alioquin
438 139 142 68 minor
533 139 142 68 esset
627 139 142 68 Pater
722 139 158 68 solus,
832 139 110 68 vel
895 139 158 68 Filius
990 139 79 68 so-

216 193 141 55 lus,
304 193 141 55 quam
392 193 158 55 simul
498 193 158 55 Pater
604 193 88 55 &
639 193 194 55 Filius.
780 193 141 55 Quum
868 193 176 55 itaque
973 193 106 55 tan-

217 234 104 73 tus
276 234 104 73 est
336 234 133 73 Pater
425 234 148 73 solus,
528 234 104 73 vel
588 234 133 73 solus
677 234 163 73 Filius,
795 234 104 73 vel
855 234 133 73 solus
929 234 148 73 Spiritus

207 294 204 61 sanctus,
360 294 187 61 quantus
497 294 119 61 est
565 294 153 61 simul
667 294 153 61 Pater
769 294 85 61 &
803 294 170 61 Filius
923 294 85 61 &
940 294 136 61 Spiri-

212 347 118 49 tus
280 347 203 49 sanctus,
432 347 152 49 nullo
534 347 135 49 modo
618 347 186 49 triplex
754 347 203 49 dicendus
906 347 118 49 est
957 347 118 49 Deus.

212 393 125 44 Non
284 393 143 44 enim
373 393 161 44 Pater
481 393 125 44 cum
552 393 161 44 Filio
659 393 89 44 &
695 393 197 44 Spiritu
838 393 179 44 sancto
946 393 125 44 maior

220 433 131 70 Deus
302 433 131 70 est,
384 433 131 70 quam
466 433 181 70 singuli
597 433 164 70 eorum:
712 433 131 70 quia
794 433 115 70 non
860 433 115 70 est
926 433 115 70 quo
975 433 82 70 cre

219 491 133 47 scat
302 491 133 47 illa
385 491 232 47 perfectio.
568 491 216 47 Perfectus
733 491 149 47 autem
833 491 116 47 est
899 491 83 47 &
932 491 149 47 Pater
1015 491 50 47 &

224 536 160 51 Filius
336 536 80 51 &
368 536 192 51 Spiritus
513 536 192 51 sanctus,
657 536 80 51 &
689 536 209 51 perfectus
849 536 176 51 dicitur
978 536 128 51 Deus

215 583 206 73 singulus
369 583 172 73 eorum.
490 583 103 73 Et
541 583 137 73 ideo
627 583 206 73 Trinitas
782 583 172 73 potius
902 583 137 73 quam
971 583 103 73 tri-

207 628 133 69 plex
290 628 133 69 dici
357 628 133 69 deber.

451 719 319 72 CAP.
611 719 159 72 XX

299 773 142 106 Quod
388 773 125 106 non
459 773 125 106 est
531 773 125 106 ita
602 773 107 106 in
655 773 160 106 rebus
762 773 249 106 corporeis,

475 842 106 79 vt
528 842 106 79 in
564 842 212 79 Trinitate-

252 917 103 57 IN
303 917 155 57 rebus
407 917 224 57 corporeis
579 917 120 57 non
647 917 172 57 tantum
768 917 120 57 est
836 917 138 57 vna,
905 917 155 57 quantum

204 969 133 65 tres
288 969 166 65 simul,
404 969 83 65 &
437 969 133 65 plus
521 969 133 65 sunt
604 969 150 65 duae,
704 969 133 65 quam
787 969 116 65 vna
853 969 133 65 res.
937 969 100 65 In
970 969 83 65 Tri

202 1019 173 54 nitate
323 1019 139 54 vero
410 1019 156 54 summa
514 1019 173 54 tantum
635 1019 121 54 est
704 1019 121 54 vna
774 1019 208 54 Persona,
912 1019 139 54 quanti

200 1074 131 58 tres
282 1074 164 58 simul:
397 1074 82 58 &
430 1074 164 58 tantum
545 1074 131 58 sunt
627 1074 148 58 duae,
725 1074 181 58 quantum
857 1074 131 58 vna:
939 1074 82 58 &
955 1074 99 58 insi

201 1121 205 51 infinitae
359 1121 142 51 sunt,
454 1121 126 51 quia
532 1121 110 51 non
596 1121 110 51 est
659 1121 142 51 finis
753 1121 252 51 magnitudinis
943 1121 110 51 earum

200 1169 101 48 Ac
251 1169 118 48 per
318 1169 118 48 hoc
385 1169 202 48 aperitur
537 1169 135 48 quod
621 1169 202 48 superius
772 1169 168 48 dictum
890 1169 135 48 est,
957 1169 101 48 quo-

201 1218 126 67 modo
280 1218 174 67 singula
407 1218 126 67 sunt
485 1218 95 67 in
533 1218 205 67 singulis,
691 1218 79 67 &
722 1218 142 67 omnia
817 1218 95 67 in
864 1218 205 67 singulis,
1007 1218 47 67 &

198 1269 202 56 singula
344 1269 110 56 in
399 1269 220 56 omnibus,
564 1269 92 56 &
601 1269 165 56 omnia
711 1269 110 56 in
766 1269 220 56 omnibus,
931 1269 92 56 &
949 1269 110 56 vnum

189 1305 105 71 in
241 1305 192 71 omnibus
380 1305 139 71 est,
467 1305 87 71 &
502 1305 139 71 vnum
589 1305 174 71 omnia.
711 1305 139 71 Ecce
799 1305 122 71 iam
851 1305 209 71 ostendimus

187 1358 273 78 sufficienter,
411 1358 192 78 qualiter
556 1358 96 78 in
604 1358 208 78 Trinitate
764 1358 160 78 aliqua
877 1358 176 78 Persona
989 1358 64 78 a-

192 1403 138 82 liam
278 1403 121 82 non
347 1403 190 82 superet
469 1403 242 82 magnitudine.

199 1496 279 97 AD
338 1496 604 97 DISTINCT.
756 1496 232 97 XIX

364 1557 221 87 AD
475 1557 294 87 CAP.
622 1557 147 87 I.

283 1632 132 84 Mec
359 1632 189 84 Filius
491 1632 227 84 Spiritis
661 1632 208 84 sancto.
812 1632 208 84 Quaedam
944 1632 113 84 sunt

172 1692 129 76 hoc
245 1692 148 76 loco
338 1692 92 76 &
375 1692 277 76 detruncata,
596 1692 92 76 &
633 1692 314 76 praetermissa,
892 1692 129 76 sed
947 1692 111 76 quia
