1274 2035
275 92 193 80 spicuo
410 92 251 80 argumento
602 92 212 80 ineptas
757 92 96 80 &
795 92 270 80 ἀμφνξολῶiς
988 92 154 80 proba-

283 161 168 67 tiones
401 161 218 67 subiicere
569 161 134 67 iste
653 161 185 67 debuit:
787 161 118 67 sed
854 161 151 67 verae
938 161 202 67 sententiae

281 204 170 65 certa
395 204 208 65 veraque
546 204 265 65 fundamenta
754 204 303 65 substernere,
1000 204 113 65 ne
1037 204 95 65 fi-

286 256 131 60 des
361 256 187 60 nostra
492 256 187 60 dubiis
622 256 93 60 &
660 256 243 60 contortis
846 256 261 60 argumentis
1033 256 112 60 niti

279 310 118 65 in
338 310 137 65 tam
417 310 274 65 necessario
632 310 196 65 capite
770 310 98 65 a
809 310 216 65 quopiam
946 310 196 65 Epicureo

254 357 236 63 censeatur.

405 405 167 71 Eadem
517 405 204 71 quippe.
665 405 148 71 Ista
758 405 148 71 sunt
850 405 222 71 Lombardi
999 405 148 71 ipsius

281 462 184 72 verba,
410 462 129 72 non
483 462 166 72 autem
594 462 258 72 Augustini,
797 462 166 72 necui
907 462 221 72 videatur
1055 462 92 72 iu-

287 511 122 68 sta
356 511 139 68 esse
443 511 209 68 Lombardi
600 511 313 68 interpretatio,
861 511 87 68 &
895 511 139 68 ista
982 511 104 68 ad
1017 511 122 68 argu-

275 562 204 50 mentum
417 562 265 50 susceptum
621 562 163 50 esse
722 562 183 50 recte
824 562 285 50 accommodata.

391 617 145 68 Vnus
481 617 145 68 est.
572 617 163 68 Plane
681 617 181 68 aliter
808 617 163 68 habet
916 617 272 68 Augustinus,

271 683 141 62 lib.
359 683 105 62 V.
412 683 246 62 Confefsio.
605 683 141 62 cap.
693 683 105 62 4.
746 683 123 62 sic
816 683 176 62 nempe,
939 683 123 62 Non
992 683 158 62 cogeris

281 729 181 62 inuitus
412 729 99 62 ad
462 729 198 62 aliquid,
610 729 132 62 quia
693 729 198 62 voluntas
841 729 115 62 tua
907 729 115 62 non
973 729 115 62 est
1023 729 115 62 mator

284 777 187 73 potentia
425 777 140 73 tuam.
518 777 140 73 Esset
611 777 140 73 autem
705 777 156 73 maior,
814 777 93 73 si
861 777 156 73 teipso
970 777 156 73 tuipse
1063 777 78 73 ma-

276 831 120 52 ior
344 831 171 52 esses.
464 831 205 52 Voluntas
618 831 137 52 enim
703 831 86 52 &
738 831 205 52 potentia
892 831 137 52 Dei,
977 831 137 52 Deus
1045 831 103 52 ipse

277 871 144 77 est.
367 871 126 77 Pro
439 871 126 77 quo
512 871 162 77 habet
620 871 144 77 iste
710 871 144 77 Vnus
800 871 144 77 est.
890 871 180 77 Primum
999 871 144 77 igitur

274 921 244 75 immutatio
462 921 244 75 perspicue
649 921 169 75 facta
761 921 150 75 est:
855 921 187 75 deinde
986 921 112 75 ea
1024 921 112 75 quo-

292 972 119 68 que
360 972 119 68 vel
428 972 171 68 falsa,
548 972 119 68 vel
616 972 171 68 saltem
736 972 205 68 barbara.
889 972 154 68 Falsa
991 972 188 68 quidem,

281 1034 154 48 quod
377 1034 154 48 Vnus
473 1034 115 48 de
531 1034 250 48 Personis,
723 1034 135 48 non
800 1034 115 48 de
858 1034 115 48 re
915 1034 212 48 dicitur
1050 1034 96 48 aut

277 1072 278 66 attributis.
499 1072 130 66 Non
573 1072 148 66 sunt
665 1072 167 66 autem
776 1072 222 66 Potentia
943 1072 93 66 &
961 1072 185 66 Voluntas

282 1122 125 60 Dei
353 1122 232 60 Personae:
532 1122 125 60 vel
603 1122 107 60 in
657 1122 321 60 Personalitatis
924 1122 196 60 diuinae
1049 1122 89 60 ra-

282 1170 194 50 tionem
418 1170 233 50 cadentes
593 1170 175 50 animi
709 1170 253 50 notiones.
904 1170 214 50 Barbara
1040 1170 97 50 ve-

289 1212 124 58 ro,
360 1212 142 58 quod
449 1212 124 58 pro
519 1212 142 58 vnum
608 1212 159 58 sunt,
714 1212 142 58 iste
802 1212 177 58 inepte
926 1212 195 58 prorsus
1050 1212 106 58 sub-

281 1266 200 60 stituit
426 1266 145 60 vnus
517 1266 145 60 est:
608 1266 109 60 vt
662 1266 127 60 non
735 1266 182 60 melior
862 1266 273 60 Grammaticus
1062 1266 91 60 ap-

295 1326 214 55 pareat,
450 1326 156 55 quam
548 1326 273 55 Theologus.
762 1326 214 55 Nostram
917 1326 273 55 sententiam

285 1361 248 62 confirmat
476 1361 267 62 Augustinus
685 1361 133 62 (vt
762 1361 210 62 Graecos
914 1361 172 62 omnes
1010 1361 133 62 prae-

296 1412 241 66 termittam
482 1412 167 66 illum
593 1412 167 66 Ioan.
704 1412 185 66 locum,
834 1412 130 66 Eoo
908 1412 93 66 &
945 1412 167 66 Pater
1038 1412 111 66 unum

297 1459 152 63 sumus
398 1459 135 63 cap.
483 1459 118 63 to,
550 1459 321 63 explicantes)qui
820 1459 135 63 lib.
905 1459 101 63 2.
955 1459 169 63 contra
1057 1459 84 63 Ma-

288 1523 187 51 ximin.
419 1523 244 51 Arianorum
607 1523 244 51 episcopum
794 1523 169 51 docet
906 1523 131 51 sic
963 1523 187 51 differre

294 1554 153 80 vnus
389 1554 96 80 &
428 1554 172 80 vnum,
542 1554 115 80 vt
600 1554 153 80 unus
695 1554 115 80 de
753 1554 229 80 Persona:
925 1554 153 80 vnum
1020 1554 115 80 de
1058 1554 96 80 es-

292 1604 172 79 sentia
395 1604 172 79 dicatur.

408 1654 104 65 De
460 1654 191 65 omnibus
599 1654 330 65 generationibus.
876 1654 104 65 Id
928 1654 139 65 est,
1015 1654 122 65 hic
1067 1654 87 65 ad-

294 1711 174 83 ditio
410 1711 174 83 facta
526 1711 135 83 est
603 1711 116 83 ad
661 1711 174 83 verba
777 1711 270 83 Augustini,
989 1711 213 83 tanquam
