1290 2029
219 97 243 85 AD
340 97 324 85 CAP.
502 97 243 85 XIII

168 163 99 93 I
208 163 158 93 Papa
307 163 257 93 Eugenius.
504 163 217 93 Tertium
662 163 198 93 nomine
781 163 198 93 intelli-

120 224 153 80 git,
215 224 133 80 qui
292 224 229 80 Bernardi
463 224 267 80 discipulus
673 224 172 80 fuit,
787 224 95 80 &
806 224 172 80 tempora

117 274 236 80 Lombardi
294 274 177 80 paulo
412 274 294 80 praecessit.
647 274 177 80 Quale
765 274 177 80 tamen
863 274 118 80 tunc

113 327 184 75 fuerit
241 327 239 75 Ecclesiae
425 327 294 75 occidentalis
664 327 110 75 de
720 327 239 75 Damasceno
885 327 92 75 iu-

118 368 204 79 dicium,
267 368 204 79 apparet
416 368 316 79 exAnselmi(qui
676 368 130 79 non
750 368 149 79 toto
824 368 149 79 seculo

123 411 236 92 Lombardum
305 411 273 92 antecessit)
523 411 236 92 scriptis,
704 411 109 92 ac
759 411 254 92 praesertim

122 462 109 90 ex
176 462 182 90 opere,
304 462 146 90 quod
395 462 273 90 Elucidarium
596 462 255 90 inscribitur.

437 560 201 80 Censura.

166 626 124 99 His
237 626 124 99 ita
308 626 248 99 explicatis
502 626 106 99 ad
555 626 212 99 censuram
714 626 177 99 istius
821 626 141 99 Distin

117 695 210 82 ctionis
269 695 210 82 accedo,
422 695 153 82 quae
517 695 286 82 praeterquam
746 695 153 82 quod
842 695 95 82 &
861 695 114 82 pro-

116 739 149 91 lixa
209 739 149 91 est,
303 739 93 91 &
340 739 223 91 confusa,
507 739 186 91 vtpote
638 739 149 91 quae
731 739 112 91 in
787 739 149 91 vnam
861 739 112 91 mis-

122 781 146 86 ceat
213 781 311 86 tractationem,
470 781 146 86 quae
561 781 110 86 in
616 781 146 86 duas
708 781 238 86 distingui
872 781 92 86 de-

120 831 210 84 buerant:
278 831 175 84 (alius
401 831 140 84 enim
489 831 140 84 erat
576 831 105 84 de
629 831 263 84 aequalitate
822 831 140 84 Perso-

119 885 185 80 narum
243 885 288 80 diuinarum,
469 885 185 80 alius
593 885 185 80 autem
716 885 123 80 de
757 885 206 80 earundem

120 924 367 90 circuminsessione,
434 924 140 90 vel,
521 924 105 90 vt
573 924 140 90 alij
661 924 210 90 scribere
818 924 192 90 malunt,

118 968 292 94 immeatione,
351 968 136 94 aut
429 968 389 94 circumincessione
760 968 195 94 locus)
877 968 97 94 est

120 1032 162 76 etiam
228 1032 217 76 obscura.
391 1032 126 76 Sed
463 1032 144 76 haec
553 1032 235 76 orationis
733 1032 180 76 vitia,
842 1032 126 76 quan-

124 1078 135 82 quam
208 1078 185 82 maxima,
343 1078 101 82 in
394 1078 135 82 isto
478 1078 152 82 tamen
579 1078 219 82 scriptore
748 1078 152 82 trita
849 1078 152 82 sunt,

118 1127 98 74 &
158 1127 158 74 pene
256 1127 138 74 iam
335 1127 177 74 longa
453 1127 217 74 hominum
611 1127 295 74 indulgentia
827 1127 138 74 tole-

108 1167 226 81 rabilia.
278 1167 151 81 Alia
372 1167 189 81 igitur
504 1167 132 81 iam
580 1167 264 81 obseruemus
787 1167 94 81 &
806 1167 151 81 videa-

114 1229 152 71 mus.
209 1229 152 71 Illa
304 1229 152 71 vero
399 1229 152 71 sunt
494 1229 190 71 duorum
626 1229 133 71 hoc
702 1229 152 71 loco
778 1229 190 71 generum.

118 1263 133 71 Nam
194 1263 190 71 primum
327 1263 285 71 vtilissimas
556 1263 285 71 quaestiones
765 1263 190 71 curiosas

116 1322 192 81 omnino
250 1322 135 81 vel
327 1322 212 81 ineptas
481 1322 212 81 reddit.
635 1322 231 81 Secundum
808 1322 192 81 autem,

122 1356 203 100 quaedam
269 1356 166 100 etiam
380 1356 166 100 falsa
491 1356 111 100 in
547 1356 129 100 hac
620 1356 296 100 Distinctione
842 1356 111 100 scri

119 1404 158 62 psit
198 1404 238 62 Lombardus.

165 1455 127 90 Ac
228 1455 212 90 quidem
377 1455 170 90 quum
483 1455 191 90 neque
610 1455 170 90 vsum
717 1455 191 90 harum
823 1455 127 90 quae

104 1495 213 90 stionum
258 1495 116 90 de
316 1495 290 90 aequalitate
549 1495 252 90 diuinarum
723 1495 232 90 Personaru,

110 1548 101 90 &
150 1548 121 90 de
211 1548 182 90 earum
332 1548 404 90 circumincessione
675 1548 101 90 (
716 1548 162 90 quam
796 1548 162 90 Graeci

283 1610 212 74 vocant)
437 1610 174 74 neque
553 1610 231 74 originem
727 1610 212 74 tradat,
862 1610 96 74 vi-

111 1652 152 98 detur
212 1652 169 98 potius
331 1652 135 98 tota
415 1652 135 98 haec
500 1652 220 98 tractatio
669 1652 118 98 aut
736 1652 203 98 curiosa,
872 1652 84 98 aut
