1291 2032
270 102 115 57 Ea
327 102 153 57 vero
423 102 153 57 sunt
519 102 172 57 quae,
633 102 211 57 praeter
787 102 230 57 communem
959 102 134 57 aut
1016 102 115 57 ean-

280 159 136 53 dem
357 159 272 53 essentiam,
571 159 194 53 habent
707 159 311 53 proprietates
960 159 214 53 quasdam

275 210 153 54 suas,
377 210 85 54 &
411 210 102 54 ab
462 210 153 54 aliis
564 210 255 54 distinctas.
768 210 153 54 Alias
870 210 136 54 enim
938 210 187 54 Sabellia-

278 248 189 60 norum
404 248 232 60 errorem
573 248 211 60 fouere
720 248 295 60 videremur.
952 248 126 60 Et
994 248 147 60 certe

288 295 137 63 tria
373 295 137 63 sunt
459 295 239 63 ὑπιςόμλυα,
647 295 86 63 &
681 295 137 63 vere
767 295 222 63 distincta
938 295 171 63 numero
1040 295 103 63 tria

275 353 133 55 illa
358 353 199 55 ἀροσωαα,
507 353 166 55 Pater,
623 353 182 55 Filius,
756 353 83 55 &
789 353 199 55 Spiritus
938 353 199 55 sanctus.
1071 353 66 55 I-

281 401 177 51 taque
400 401 237 51 Basilius
577 401 177 51 libro
695 401 197 51 primo,
833 401 197 51 contra
952 401 197 51 Eunomium

282 444 118 59 ait
349 444 286 59 ἀενξμῳδωροξὸν
585 444 101 59 in
635 444 168 59 tribus
753 444 151 59 illis
853 444 202 59 Personis
988 444 151 59 inesse-

282 497 180 59 Neque
402 497 180 59 tamen
522 497 220 59 termini
682 497 160 59 illi
781 497 260 59 numerales
961 497 180 59 aliquod

282 551 170 55 reale
395 551 246 55 diuersum,
584 551 113 55 vt
641 551 246 55 loquuntur
830 551 113 55 in
886 551 227 55 scholis,
1038 551 94 55 po-

290 599 145 41 nunt
381 599 109 41 in
435 599 218 41 singulis
599 599 218 41 Personis
762 599 218 41 diuinis,
926 599 109 41 de
980 599 127 41 quo
1035 599 109 41 quia

298 637 177 67 Thomas
422 637 106 67 in
475 637 159 67 prima
582 637 159 67 parte
688 637 230 67 Quaestio.
865 637 124 67 2o.
936 637 195 67 Articu.
1060 637 71 67 2r

339 690 194 63 copiose
480 690 159 63 agit,
586 690 317 63 praetermittam.
851 690 106 63 Et
904 690 141 63 haec
974 690 106 63 qui-

399 731 144 56 dem
482 731 124 56 in
544 731 351 56 Distinctionem
812 731 206 56 decimam-

448 782 201 66 nonam.
589 782 201 66 Confer
729 782 141 66 cum
789 782 161 66 capite

564 828 105 71 S,
617 828 193 71 nostrae
740 828 123 71 Syno

599 874 161 78 pseus.
