1279 2020
114 110 256 72 AD
200 110 725 72 DISTINCTIONEMXX

356 172 233 93 AD
473 172 311 93 CAP.
628 172 156 93 II

151 246 141 72 OT
222 246 282 72 secundum
434 246 329 72 doctrinam.
693 246 259 72 Quaedam
857 246 118 72 hic

102 303 158 64 sunt
201 303 236 64 immutata
378 303 256 64 vocabula:
575 303 138 64 sed
654 303 177 64 tamen
772 303 138 64 res
831 303 138 64 salua

72 354 193 65 manet.

270 392 228 103 AD
384 392 303 103 CAP.
536 392 228 103 IIII

153 472 215 69 VTNVM
297 472 311 69 eitantum.
536 472 335 69 Alterutrum
775 472 192 69 xapin-

111 538 100 48 κt
161 538 117 48 vel
228 538 117 48 Ei,
295 538 117 48 Vel
362 538 167 48 postea
480 538 167 48 Filio.
597 538 151 48 Satis
697 538 117 48 est
764 538 134 48 enim
848 538 100 48 ex
881 538 84 48 iis

107 579 219 59 alterum,
271 579 146 59 quod
362 579 237 59 malueris.
545 579 128 59 Sed
617 579 182 59 istius
745 579 201 59 hominis
873 579 91 59 tum

110 629 269 52 barbaries,
321 629 134 52 tum
398 629 288 52 negligentia
628 629 211 52 optimum
781 629 96 52 &
800 629 173 52 elegan-

105 682 227 64 tissimum
275 682 246 64 Aueustini
464 682 170 64 locum
578 682 246 64 corrupit,
767 682 132 64 Sic
824 682 151 64 igitur

114 731 163 53 habet
223 731 272 53 Augustinus,
440 731 127 53 Sed
512 731 235 53 quaeritur
693 731 163 53 vtrum
802 731 199 53 tantam,

117 777 167 65 quanta
234 777 133 65 ipsi
317 777 133 65 est,
401 777 217 65 potentiam
568 777 150 65 Pater
668 777 150 65 Filio
768 777 200 65 dederit,
901 777 67 65 an

117 825 234 60 minorem:
292 825 214 60 Quaedam
447 825 97 60 &
486 825 136 60 hic
564 825 175 60 etiam
681 825 156 60 sunt
759 825 214 60 immutata.

120 875 239 61 autoritate
307 875 239 61 Lombardica
495 875 85 61 &
529 875 256 61 magistrali,
733 875 102 61 id
785 875 136 61 est,
853 875 102 61 sine

97 922 191 63 ratione.

317 987 220 85 AD
427 987 293 85 CAP.
574 987 146 85 V.

219 1061 114 74 TV
276 1061 171 74 dicis
390 1061 171 74 quod.
504 1061 209 74 Duplici
657 1061 152 74 modo
752 1061 114 74 in
809 1061 133 74 hoc
866 1061 95 74 ca-

112 1124 141 57 pite
200 1124 246 57 vulneratus
394 1124 123 57 est
464 1124 264 57 Augustinus,
675 1124 106 57 in
728 1124 176 57 verbis
834 1124 123 57 nimi-

111 1184 141 52 rum
191 1184 222 52 tanquam
353 1184 242 52 corpore:
534 1184 101 52 &
574 1184 121 52 in
635 1184 181 52 mente
756 1184 121 52 ac
796 1184 161 52 sensu,

117 1224 212 61 tanquam
271 1224 193 61 animo.
406 1224 116 61 Ac
464 1224 116 61 in
522 1224 212 61 verbis,
676 1224 174 61 quod&
792 1224 212 61 quaedam

108 1265 195 55 mutata
245 1265 195 55 suint,
382 1265 98 55 &
421 1265 117 55 in
479 1265 195 55 summam
616 1265 254 55 barbariem
791 1265 176 55 diserta

120 1318 223 44 Augustini
291 1318 171 44 oratio
411 1318 103 44 ab
462 1318 137 44 isto
548 1318 137 44 fuit
634 1318 223 44 traducta,
805 1318 154 44 Verba
891 1318 69 44 e-

114 1362 123 59 nim
185 1362 158 59 haec,
290 1362 106 59 Tu
343 1362 158 59 dicis
449 1362 141 59 quod
537 1362 176 59 Pater,
660 1362 123 59 &c.
730 1362 158 59 plane
818 1362 141 59 barba-

111 1414 106 48 ra
164 1414 159 48 sunt,
270 1414 124 48 pro
341 1414 177 48 quibus
465 1414 124 48 ita
536 1414 177 48 habet,
659 1414 88 48 &
695 1414 177 48 quidem
801 1414 159 48 elegan-

115 1456 127 72 ter
187 1456 272 72 Augustinus.
405 1456 127 72 Sed
477 1456 181 72 dicis,
604 1456 199 72 Dominus
749 1456 199 72 Dominum
876 1456 91 72 ge-

114 1508 167 49 nuit,
226 1508 148 49 Deus
318 1508 148 49 Deum
411 1508 204 49 genuit,
559 1508 130 49 Rex
633 1508 167 49 Regem
745 1508 204 49 genuit,
874 1508 93 49 &c.

110 1553 133 61 Nec
186 1553 151 61 enim
280 1553 151 61 iste
375 1553 303 61 animaduertit
621 1553 170 61 verba
735 1553 170 61 haec.
829 1553 133 61 Domi-

118 1612 135 61 nus
195 1612 347 61 Dominumgenuit,
484 1612 154 61 esse
581 1612 270 61 ipsissimam
774 1612 193 61 Maximini

121 1652 269 68 orationem,
332 1652 154 68 quam
428 1652 231 68 diserte,
602 1652 135 68 non
679 1652 212 68 oblique
813 1652 154 68 refert

122 1707 281 63 Augustinus,
347 1707 112 63 vt
403 1707 206 63 svncere
553 1707 131 63 cum
627 1707 112 63 eo
683 1707 168 63 agere
777 1707 187 63 intelli
