1280 2034
288 101 189 67 gatur,
420 101 132 67 iam
496 101 151 67 vero
590 101 189 67 vulnus
722 101 245 67 Augustini
911 101 113 67 in
967 101 151 67 ipsa
1043 101 113 67 men-

292 155 106 69 te
328 155 193 69 sequitur.

398 183 236 90 DNICVM
563 183 259 90 minorem
752 183 259 90 genuit.
941 183 189 90 Quae
1035 183 118 90 veι

301 256 195 52 αάτολητος
451 256 150 52 Sciας.
555 256 90 52 i.
600 256 210 52 identitate
765 256 195 52 essentiae
915 256 165 52 Patris,
1034 256 75 52 &
1049 256 105 52 Filij

300 316 273 51 generaliter
518 316 218 51 disputat
682 316 218 51 docetque
846 316 273 51 Augustinus,
1046 316 109 51 iste

298 356 129 62 non
371 356 239 62 obseruato
555 356 147 62 loci
647 356 129 62 tam
721 356 239 62 praeclari
905 356 184 62 scopo,
1034 356 110 62 ad
1070 356 74 62 v-

296 410 121 55 nam
365 410 104 55 de
417 410 191 55 aequali
556 410 208 55 potentia
712 410 173 55 Patris
833 410 87 55 &
868 410 156 55 Filij
954 410 191 55 quaestio-

294 449 131 57 nem
369 449 281 57 restringit,
594 449 112 57 id
650 449 150 57 est,
743 449 168 57 locum
856 449 94 57 a
893 449 206 57 genuino
1024 449 131 57 sensu

298 493 264 57 detorquet.
506 493 132 57 Sic
581 493 151 57 enim
675 493 113 57 ex
732 493 151 57 tota
826 493 132 57 sua
902 493 226 57 aduersus
1053 493 94 57 Ma-

291 544 210 62 ximinum
443 544 305 62 disputatione
691 544 190 62 tandem
824 544 229 62 colligit
996 544 114 62 in
1034 544 114 62 illo

299 592 142 62 ipso
388 592 142 62 cap.
476 592 106 62 9.
529 592 266 62 Augustinus.
742 592 195 62 Siautem
883 592 124 62 hoc
954 592 177 62 genuit
1060 592 89 62 Pa-

300 650 110 53 ter
363 650 126 53 quod
442 650 110 53 est
505 650 142 53 ipse,
600 650 126 53 vnam
678 650 158 53 Patris
789 650 79 53 &
820 650 142 53 Filij
915 650 126 53 esse
978 650 158 53 substan-

297 689 130 51 tiam
378 689 163 51 negare
492 689 212 51 nolitote.
655 689 114 51 Sed
720 689 195 51 fallitur
866 689 146 51 iste,
964 689 130 51 quia
1029 689 114 51 voca-

297 731 140 60 bulo
385 731 158 60 Minor
491 731 140 60 vsus
578 731 123 60 est
649 731 123 60 hic
719 731 193 60 August.
859 731 158 60 quasi
964 731 105 60 ad
1017 731 158 60 solam

302 796 238 55 potentiae
485 796 348 55 significationem
778 796 128 55 vox
851 796 146 55 haec
924 796 220 55 pertineat.

301 831 126 56 cum
373 831 90 56 &
409 831 108 56 ad
463 831 251 56 essentiam,
660 831 90 56 &
696 831 287 56 aeternitatem
930 831 198 56 referat
1055 831 90 56 Au-

293 882 168 78 gust.
405 882 112 78 vt
461 882 187 78 ipsius
592 882 243 78 contextus
779 882 187 78 lectio
909 882 168 78 satis
1003 882 149 78 docere

292 930 251 71 quemlibet
465 930 174 71 potest.

461 981 241 93 AD
581 981 321 93 CAP.
742 981 160 93 VI

410 1063 158 76 QVIS
509 1063 158 76 ergo
608 1063 218 76 audeat.
767 1063 178 76 Multa
886 1063 139 76 hic
965 1063 99 76 &
985 1063 158 76 confu-

299 1121 106 57 sa
352 1121 159 57 sunt,
458 1121 88 57 &
494 1121 265 57 interiecta,
706 1121 141 57 quae
794 1121 124 57 non
864 1121 177 57 habent
970 1121 177 57 Augusti-

297 1172 175 60 niani
413 1172 214 60 eodices
568 1172 175 60 eodem
685 1172 214 60 capite.
840 1172 175 60 Verba
957 1172 155 60 enim
1034 1172 117 60 ista

305 1229 181 55 priora
432 1229 163 55 vsque
541 1229 109 55 ad
595 1229 145 55 hanc
686 1229 272 55 sententiam,
903 1229 145 55 Deus
994 1229 145 55 ergo
1066 1229 91 55 cur

302 1267 124 56 &c.
373 1267 177 56 sumpta
497 1267 142 56 sunt
586 1267 106 56 ex
639 1267 142 56 cap.
728 1267 124 56 I8.
799 1267 195 56 Reliqua
940 1267 142 56 vero
1029 1267 106 56 ex
1064 1267 89 56 ca.

300 1315 119 75 I8.
368 1315 186 75 eiusdem
503 1315 186 75 operis,
639 1315 102 75 id
690 1315 136 75 est,
774 1315 152 75 libri
876 1315 102 75 s.
927 1315 169 75 contra
1028 1315 119 75 Maxi

257 1368 211 59 minum.

611 1418 196 91 Censura.

340 1488 191 65 Praeter
478 1488 121 65 ea,
548 1488 139 65 quae
634 1488 104 65 in
686 1488 121 65 hac
756 1488 277 65 Distinctione
981 1488 121 65 xx.
1033 1488 121 65 supe-

290 1553 151 62 rius
384 1553 94 62 a
422 1553 170 62 nobis
535 1553 151 62 sunt
629 1553 245 62 annotata,
818 1553 113 62 de
874 1553 226 62 verborum
1025 1553 132 62 immu-

296 1606 219 52 tatione,
460 1606 109 52 ac
514 1606 200 52 locorum
660 1606 328 52 perturbatione,
933 1606 146 52 haec
1006 1606 146 52 quoque

295 1647 343 66 animaduersione
581 1647 172 66 digna
695 1647 153 66 uisa
772 1647 133 66 sunt.

344 1692 208 82 Primum
490 1692 208 82 quidem
636 1692 354 82 praetermissum
928 1692 167 82 esse
1011 1692 146 82 verum
