<?xml version="1.0" encoding="UTF-8"?>
<alto xmlns:xsi="http://www.w3.org/2001/XMLSchema-instance"
      xmlns="http://www.loc.gov/standards/alto/ns-v2#"
      xmlns:page="http://schema.primaresearch.org/PAGE/gts/pagecontent/2013-07-15"
      xsi:schemaLocation="http://www.loc.gov/standards/alto/ns-v2# http://www.loc.gov/standards/alto/alto.xsd">
   <Description>
      <MeasurementUnit>pixel</MeasurementUnit>
      <OCRProcessing ID="IdOcr">
         <ocrProcessingStep>
            <processingDateTime>2021-02-10T14:40:17.265-05:00</processingDateTime>
            <processingSoftware>
               <softwareCreator>READ COOP</softwareCreator>
               <softwareName>Transkribus</softwareName>
            </processingSoftware>
         </ocrProcessingStep>
      </OCRProcessing>
   </Description>
   <Tags/>
   <Layout>
      <Page ID="Page1" PHYSICAL_IMG_NR="1" HEIGHT="2026" WIDTH="1268">
         <TopMargin HEIGHT="0" WIDTH="1268" VPOS="0" HPOS="0"/>
         <LeftMargin HEIGHT="2026" WIDTH="0" VPOS="0" HPOS="0"/>
         <RightMargin HEIGHT="2026" WIDTH="0" VPOS="0" HPOS="1268"/>
         <BottomMargin HEIGHT="0" WIDTH="1268" VPOS="2026" HPOS="0"/>
         <PrintSpace HEIGHT="2026" WIDTH="1268" VPOS="0" HPOS="0">
            <TextBlock ID="r1" HEIGHT="1682" WIDTH="835" VPOS="55" HPOS="132">
               <Shape>
                  <Polygon POINTS="132,55 132,1737 967,1737 967,55"/>
               </Shape>
               <TextLine ID="r1l3"
                         BASELINE="157"
                         HEIGHT="63"
                         WIDTH="832"
                         VPOS="94"
                         HPOS="127">
                  <String HEIGHT="63"
                          WIDTH="163"
                          VPOS="94"
                          HPOS="111"
                          CONTENT="istius"/>
                  <SP HEIGHT="63" WIDTH="16" VPOS="94" HPOS="274"/>
                  <String HEIGHT="63"
                          WIDTH="261"
                          VPOS="94"
                          HPOS="225"
                          CONTENT="quaestionis,"/>
                  <SP HEIGHT="63" WIDTH="16" VPOS="94" HPOS="486"/>
                  <String HEIGHT="63"
                          WIDTH="147"
                          VPOS="94"
                          HPOS="437"
                          CONTENT="Vtrum"/>
                  <SP HEIGHT="63" WIDTH="16" VPOS="94" HPOS="584"/>
                  <String HEIGHT="63"
                          WIDTH="179"
                          VPOS="94"
                          HPOS="535"
                          CONTENT="diuinae"/>
                  <SP HEIGHT="63" WIDTH="16" VPOS="94" HPOS="714"/>
                  <String HEIGHT="63"
                          WIDTH="196"
                          VPOS="94"
                          HPOS="665"
                          CONTENT="Personae"/>
                  <SP HEIGHT="63" WIDTH="16" VPOS="94" HPOS="861"/>
                  <String HEIGHT="63"
                          WIDTH="147"
                          VPOS="94"
                          HPOS="812"
                          CONTENT="inter"/>
                  <SP HEIGHT="63" WIDTH="16" VPOS="94" HPOS="959"/>
                  <String HEIGHT="63" WIDTH="65" VPOS="94" HPOS="894" CONTENT="se"/>
               </TextLine>
               <TextLine ID="r1l4"
                         BASELINE="219"
                         HEIGHT="62"
                         WIDTH="822"
                         VPOS="157"
                         HPOS="134">
                  <String HEIGHT="62"
                          WIDTH="232"
                          VPOS="157"
                          HPOS="116"
                          CONTENT="potestate"/>
                  <SP HEIGHT="62" WIDTH="18" VPOS="157" HPOS="348"/>
                  <String HEIGHT="62"
                          WIDTH="143"
                          VPOS="157"
                          HPOS="295"
                          CONTENT="sint"/>
                  <SP HEIGHT="62" WIDTH="18" VPOS="157" HPOS="438"/>
                  <String HEIGHT="62"
                          WIDTH="232"
                          VPOS="157"
                          HPOS="384"
                          CONTENT="aequales,"/>
                  <SP HEIGHT="62" WIDTH="18" VPOS="157" HPOS="616"/>
                  <String HEIGHT="62"
                          WIDTH="197"
                          VPOS="157"
                          HPOS="563"
                          CONTENT="scopum,"/>
                  <SP HEIGHT="62" WIDTH="18" VPOS="157" HPOS="759"/>
                  <String HEIGHT="62" WIDTH="89" VPOS="157" HPOS="706" CONTENT="&amp;"/>
                  <SP HEIGHT="62" WIDTH="18" VPOS="157" HPOS="795"/>
                  <String HEIGHT="62"
                          WIDTH="161"
                          VPOS="157"
                          HPOS="742"
                          CONTENT="vsum."/>
                  <SP HEIGHT="62" WIDTH="18" VPOS="157" HPOS="902"/>
                  <String HEIGHT="62"
                          WIDTH="125"
                          VPOS="157"
                          HPOS="831"
                          CONTENT="Quan"
                          SUBS_TYPE="HypPart1"
                          SUBS_CONTENT="Quanquam"/>
                  <HYP CONTENT="-"/>
               </TextLine>
               <TextLine ID="r1l5"
                         BASELINE="254"
                         HEIGHT="58"
                         WIDTH="833"
                         VPOS="196"
                         HPOS="129">
                  <String HEIGHT="58"
                          WIDTH="159"
                          VPOS="196"
                          HPOS="109"
                          CONTENT="quam"
                          SUBS_TYPE="HypPart2"
                          SUBS_CONTENT="Quanquam"/>
                  <SP HEIGHT="58" WIDTH="20" VPOS="196" HPOS="268"/>
                  <String HEIGHT="58"
                          WIDTH="159"
                          VPOS="196"
                          HPOS="208"
                          CONTENT="enim"/>
                  <SP HEIGHT="58" WIDTH="20" VPOS="196" HPOS="367"/>
                  <String HEIGHT="58" WIDTH="139" VPOS="196" HPOS="308" CONTENT="hoc"/>
                  <SP HEIGHT="58" WIDTH="20" VPOS="196" HPOS="446"/>
                  <String HEIGHT="58"
                          WIDTH="179"
                          VPOS="196"
                          HPOS="387"
                          CONTENT="ipsum"/>
                  <SP HEIGHT="58" WIDTH="20" VPOS="196" HPOS="565"/>
                  <String HEIGHT="58" WIDTH="99" VPOS="196" HPOS="506" CONTENT="a"/>
                  <SP HEIGHT="58" WIDTH="20" VPOS="196" HPOS="605"/>
                  <String HEIGHT="58"
                          WIDTH="238"
                          VPOS="196"
                          HPOS="546"
                          CONTENT="Patribus"/>
                  <SP HEIGHT="58" WIDTH="20" VPOS="196" HPOS="784"/>
                  <String HEIGHT="58"
                          WIDTH="278"
                          VPOS="196"
                          HPOS="724"
                          CONTENT="disputatum"/>
                  <SP HEIGHT="58" WIDTH="20" VPOS="196" HPOS="1002"/>
                  <String HEIGHT="58" WIDTH="40" VPOS="196" HPOS="922" CONTENT=""/>
               </TextLine>
               <TextLine ID="r1l6"
                         BASELINE="300"
                         HEIGHT="56"
                         WIDTH="823"
                         VPOS="244"
                         HPOS="141">
                  <String HEIGHT="56"
                          WIDTH="134"
                          VPOS="244"
                          HPOS="124"
                          CONTENT="est,"/>
                  <SP HEIGHT="56" WIDTH="17" VPOS="244" HPOS="259"/>
                  <String HEIGHT="56"
                          WIDTH="134"
                          VPOS="244"
                          HPOS="208"
                          CONTENT="alio"/>
                  <SP HEIGHT="56" WIDTH="17" VPOS="244" HPOS="343"/>
                  <String HEIGHT="56"
                          WIDTH="151"
                          VPOS="244"
                          HPOS="292"
                          CONTENT="tamen"/>
                  <SP HEIGHT="56" WIDTH="17" VPOS="244" HPOS="443"/>
                  <String HEIGHT="56"
                          WIDTH="151"
                          VPOS="244"
                          HPOS="393"
                          CONTENT="fine,"/>
                  <SP HEIGHT="56" WIDTH="17" VPOS="244" HPOS="544"/>
                  <String HEIGHT="56"
                          WIDTH="134"
                          VPOS="244"
                          HPOS="494"
                          CONTENT="quam"/>
                  <SP HEIGHT="56" WIDTH="17" VPOS="244" HPOS="628"/>
                  <String HEIGHT="56" WIDTH="118" VPOS="244" HPOS="578" CONTENT="vel"/>
                  <SP HEIGHT="56" WIDTH="17" VPOS="244" HPOS="695"/>
                  <String HEIGHT="56" WIDTH="101" VPOS="244" HPOS="645" CONTENT="vt"/>
                  <SP HEIGHT="56" WIDTH="17" VPOS="244" HPOS="746"/>
                  <String HEIGHT="56"
                          WIDTH="202"
                          VPOS="244"
                          HPOS="695"
                          CONTENT="curiosas"/>
                  <SP HEIGHT="56" WIDTH="17" VPOS="244" HPOS="897"/>
                  <String HEIGHT="56" WIDTH="101" VPOS="244" HPOS="846" CONTENT="in"/>
                  <SP HEIGHT="56" WIDTH="17" VPOS="244" HPOS="947"/>
                  <String HEIGHT="56" WIDTH="84" VPOS="244" HPOS="880" CONTENT="hoc"/>
               </TextLine>
               <TextLine ID="r1l7"
                         BASELINE="345"
                         HEIGHT="52"
                         WIDTH="830"
                         VPOS="293"
                         HPOS="131">
                  <String HEIGHT="52" WIDTH="142" VPOS="293" HPOS="111" CONTENT="tam"/>
                  <SP HEIGHT="52" WIDTH="20" VPOS="293" HPOS="252"/>
                  <String HEIGHT="52"
                          WIDTH="243"
                          VPOS="293"
                          HPOS="192"
                          CONTENT="augustum"/>
                  <SP HEIGHT="52" WIDTH="20" VPOS="293" HPOS="435"/>
                  <String HEIGHT="52" WIDTH="101" VPOS="293" HPOS="374" CONTENT="&amp;"/>
                  <SP HEIGHT="52" WIDTH="20" VPOS="293" HPOS="475"/>
                  <String HEIGHT="52"
                          WIDTH="324"
                          VPOS="293"
                          HPOS="414"
                          CONTENT="sacrosanctum"/>
                  <SP HEIGHT="52" WIDTH="20" VPOS="293" HPOS="738"/>
                  <String HEIGHT="52"
                          WIDTH="182"
                          VPOS="293"
                          HPOS="678"
                          CONTENT="atque"/>
                  <SP HEIGHT="52" WIDTH="20" VPOS="293" HPOS="860"/>
                  <String HEIGHT="52"
                          WIDTH="182"
                          VPOS="293"
                          HPOS="779"
                          CONTENT="adoran"
                          SUBS_TYPE="HypPart1"
                          SUBS_CONTENT="adorandum"/>
                  <HYP CONTENT="-"/>
               </TextLine>
               <TextLine ID="r1l8"
                         BASELINE="393"
                         HEIGHT="54"
                         WIDTH="825"
                         VPOS="339"
                         HPOS="133">
                  <String HEIGHT="54"
                          WIDTH="138"
                          VPOS="339"
                          HPOS="113"
                          CONTENT="dum"
                          SUBS_TYPE="HypPart2"
                          SUBS_CONTENT="adorandum"/>
                  <SP HEIGHT="54" WIDTH="20" VPOS="339" HPOS="251"/>
                  <String HEIGHT="54"
                          WIDTH="275"
                          VPOS="339"
                          HPOS="192"
                          CONTENT="argumentum"/>
                  <SP HEIGHT="54" WIDTH="20" VPOS="339" HPOS="467"/>
                  <String HEIGHT="54"
                          WIDTH="295"
                          VPOS="339"
                          HPOS="408"
                          CONTENT="quaestiones"/>
                  <SP HEIGHT="54" WIDTH="20" VPOS="339" HPOS="703"/>
                  <String HEIGHT="54"
                          WIDTH="295"
                          VPOS="339"
                          HPOS="644"
                          CONTENT="inueherent:"/>
                  <SP HEIGHT="54" WIDTH="20" VPOS="339" HPOS="938"/>
                  <String HEIGHT="54" WIDTH="98" VPOS="339" HPOS="860" CONTENT="vel"/>
               </TextLine>
               <TextLine ID="r1l9"
                         BASELINE="450"
                         HEIGHT="65"
                         WIDTH="826"
                         VPOS="385"
                         HPOS="138">
                  <String HEIGHT="65" WIDTH="101" VPOS="385" HPOS="121" CONTENT="vt"/>
                  <SP HEIGHT="65" WIDTH="17" VPOS="385" HPOS="222"/>
                  <String HEIGHT="65" WIDTH="101" VPOS="385" HPOS="172" CONTENT="de"/>
                  <SP HEIGHT="65" WIDTH="17" VPOS="385" HPOS="273"/>
                  <String HEIGHT="65" WIDTH="101" VPOS="385" HPOS="222" CONTENT="eo"/>
                  <SP HEIGHT="65" WIDTH="17" VPOS="385" HPOS="323"/>
                  <String HEIGHT="65"
                          WIDTH="152"
                          VPOS="385"
                          HPOS="273"
                          CONTENT="inter"/>
                  <SP HEIGHT="65" WIDTH="17" VPOS="385" HPOS="425"/>
                  <String HEIGHT="65" WIDTH="101" VPOS="385" HPOS="374" CONTENT="se"/>
                  <SP HEIGHT="65" WIDTH="17" VPOS="385" HPOS="475"/>
                  <String HEIGHT="65"
                          WIDTH="320"
                          VPOS="385"
                          HPOS="425"
                          CONTENT="digladiarentur,"/>
                  <SP HEIGHT="65" WIDTH="17" VPOS="385" HPOS="745"/>
                  <String HEIGHT="65"
                          WIDTH="152"
                          VPOS="385"
                          HPOS="694"
                          CONTENT="Vtrum"/>
                  <SP HEIGHT="65" WIDTH="17" VPOS="385" HPOS="846"/>
                  <String HEIGHT="65"
                          WIDTH="169"
                          VPOS="385"
                          HPOS="795"
                          CONTENT="Filius"/>
                  <SP HEIGHT="65" WIDTH="17" VPOS="385" HPOS="964"/>
                  <String HEIGHT="65" WIDTH="67" VPOS="385" HPOS="897" CONTENT="ge"/>
               </TextLine>
               <TextLine ID="r1l10"
                         BASELINE="494"
                         HEIGHT="58"
                         WIDTH="824"
                         VPOS="436"
                         HPOS="137">
                  <String HEIGHT="58"
                          WIDTH="175"
                          VPOS="436"
                          HPOS="119"
                          CONTENT="nerare"/>
                  <SP HEIGHT="58" WIDTH="18" VPOS="436" HPOS="295"/>
                  <String HEIGHT="58"
                          WIDTH="193"
                          VPOS="436"
                          HPOS="242"
                          CONTENT="possit,"/>
                  <SP HEIGHT="58" WIDTH="18" VPOS="436" HPOS="435"/>
                  <String HEIGHT="58"
                          WIDTH="263"
                          VPOS="436"
                          HPOS="382"
                          CONTENT="quemadmodum"/>
                  <SP HEIGHT="58" WIDTH="18" VPOS="436" HPOS="645"/>
                  <String HEIGHT="58" WIDTH="88" VPOS="436" HPOS="593" CONTENT="&amp;"/>
                  <SP HEIGHT="58" WIDTH="18" VPOS="436" HPOS="680"/>
                  <String HEIGHT="58"
                          WIDTH="175"
                          VPOS="436"
                          HPOS="628"
                          CONTENT="Pater,"/>
                  <SP HEIGHT="58" WIDTH="18" VPOS="436" HPOS="803"/>
                  <String HEIGHT="58"
                          WIDTH="140"
                          VPOS="436"
                          HPOS="751"
                          CONTENT="quia"/>
                  <SP HEIGHT="58" WIDTH="18" VPOS="436" HPOS="891"/>
                  <String HEIGHT="58"
                          WIDTH="140"
                          VPOS="436"
                          HPOS="821"
                          CONTENT="Filius"/>
               </TextLine>
               <TextLine ID="r1l11"
                         BASELINE="537"
                         HEIGHT="51"
                         WIDTH="812"
                         VPOS="486"
                         HPOS="138">
                  <String HEIGHT="51"
                          WIDTH="143"
                          VPOS="486"
                          HPOS="122"
                          CONTENT="Patri"/>
                  <SP HEIGHT="51" WIDTH="16" VPOS="486" HPOS="265"/>
                  <String HEIGHT="51"
                          WIDTH="191"
                          VPOS="486"
                          HPOS="218"
                          CONTENT="potentia"/>
                  <SP HEIGHT="51" WIDTH="16" VPOS="486" HPOS="409"/>
                  <String HEIGHT="51"
                          WIDTH="191"
                          VPOS="486"
                          HPOS="361"
                          CONTENT="aequalis"/>
                  <SP HEIGHT="51" WIDTH="16" VPOS="486" HPOS="552"/>
                  <String HEIGHT="51"
                          WIDTH="127"
                          VPOS="486"
                          HPOS="504"
                          CONTENT="est."/>
                  <SP HEIGHT="51" WIDTH="16" VPOS="486" HPOS="632"/>
                  <String HEIGHT="51" WIDTH="111" VPOS="486" HPOS="584" CONTENT="Qui"/>
                  <SP HEIGHT="51" WIDTH="16" VPOS="486" HPOS="695"/>
                  <String HEIGHT="51"
                          WIDTH="143"
                          VPOS="486"
                          HPOS="647"
                          CONTENT="tamen"/>
                  <SP HEIGHT="51" WIDTH="16" VPOS="486" HPOS="791"/>
                  <String HEIGHT="51"
                          WIDTH="127"
                          VPOS="486"
                          HPOS="743"
                          CONTENT="sunt"/>
                  <SP HEIGHT="51" WIDTH="16" VPOS="486" HPOS="870"/>
                  <String HEIGHT="51"
                          WIDTH="143"
                          VPOS="486"
                          HPOS="807"
                          CONTENT="praeci"
                          SUBS_TYPE="HypPart1"
                          SUBS_CONTENT="praecipui,"/>
                  <HYP CONTENT="-"/>
               </TextLine>
               <TextLine ID="r1l12"
                         BASELINE="589"
                         HEIGHT="54"
                         WIDTH="821"
                         VPOS="535"
                         HPOS="138">
                  <String HEIGHT="54"
                          WIDTH="140"
                          VPOS="535"
                          HPOS="121"
                          CONTENT="pui,"
                          SUBS_TYPE="HypPart2"
                          SUBS_CONTENT="praecipui,"/>
                  <SP HEIGHT="54" WIDTH="17" VPOS="535" HPOS="260"/>
                  <String HEIGHT="54" WIDTH="87" VPOS="535" HPOS="208" CONTENT="&amp;"/>
                  <SP HEIGHT="54" WIDTH="17" VPOS="535" HPOS="295"/>
                  <String HEIGHT="54"
                          WIDTH="192"
                          VPOS="535"
                          HPOS="243"
                          CONTENT="futiles"/>
                  <SP HEIGHT="54" WIDTH="17" VPOS="535" HPOS="435"/>
                  <String HEIGHT="54"
                          WIDTH="175"
                          VPOS="535"
                          HPOS="383"
                          CONTENT="tamen,"/>
                  <SP HEIGHT="54" WIDTH="17" VPOS="535" HPOS="557"/>
                  <String HEIGHT="54"
                          WIDTH="157"
                          VPOS="535"
                          HPOS="505"
                          CONTENT="huius"/>
                  <SP HEIGHT="54" WIDTH="17" VPOS="535" HPOS="662"/>
                  <String HEIGHT="54"
                          WIDTH="279"
                          VPOS="535"
                          HPOS="610"
                          CONTENT="scholasticae"/>
                  <SP HEIGHT="54" WIDTH="17" VPOS="535" HPOS="889"/>
                  <String HEIGHT="54" WIDTH="87" VPOS="535" HPOS="837" CONTENT="&amp;"/>
                  <SP HEIGHT="54" WIDTH="17" VPOS="535" HPOS="924"/>
                  <String HEIGHT="54"
                          WIDTH="105"
                          VPOS="535"
                          HPOS="854"
                          CONTENT="Lom"
                          SUBS_TYPE="HypPart1"
                          SUBS_CONTENT="Lombardicae"/>
                  <HYP CONTENT="-"/>
               </TextLine>
               <TextLine ID="r1l13"
                         BASELINE="643"
                         HEIGHT="58"
                         WIDTH="822"
                         VPOS="585"
                         HPOS="144">
                  <String HEIGHT="58"
                          WIDTH="210"
                          VPOS="585"
                          HPOS="127"
                          CONTENT="bardicae"
                          SUBS_TYPE="HypPart2"
                          SUBS_CONTENT="Lombardicae"/>
                  <SP HEIGHT="58" WIDTH="17" VPOS="585" HPOS="336"/>
                  <String HEIGHT="58"
                          WIDTH="297"
                          VPOS="585"
                          HPOS="284"
                          CONTENT="disputationis"/>
                  <SP HEIGHT="58" WIDTH="17" VPOS="585" HPOS="581"/>
                  <String HEIGHT="58"
                          WIDTH="157"
                          VPOS="585"
                          HPOS="529"
                          CONTENT="fines"/>
                  <SP HEIGHT="58" WIDTH="17" VPOS="585" HPOS="686"/>
                  <String HEIGHT="58"
                          WIDTH="175"
                          VPOS="585"
                          HPOS="634"
                          CONTENT="hodie,"/>
                  <SP HEIGHT="58" WIDTH="17" VPOS="585" HPOS="809"/>
                  <String HEIGHT="58"
                          WIDTH="140"
                          VPOS="585"
                          HPOS="756"
                          CONTENT="vero"/>
                  <SP HEIGHT="58" WIDTH="17" VPOS="585" HPOS="896"/>
                  <String HEIGHT="58"
                          WIDTH="140"
                          VPOS="585"
                          HPOS="826"
                          CONTENT="istius"/>
               </TextLine>
               <TextLine ID="r1l14"
                         BASELINE="690"
                         HEIGHT="59"
                         WIDTH="817"
                         VPOS="631"
                         HPOS="139">
                  <String HEIGHT="59"
                          WIDTH="339"
                          VPOS="631"
                          HPOS="119"
                          CONTENT="disputationis"/>
                  <SP HEIGHT="59" WIDTH="20" VPOS="631" HPOS="458"/>
                  <String HEIGHT="59" WIDTH="139" VPOS="631" HPOS="398" CONTENT="vsu"/>
                  <SP HEIGHT="59" WIDTH="20" VPOS="631" HPOS="538"/>
                  <String HEIGHT="59"
                          WIDTH="219"
                          VPOS="631"
                          HPOS="478"
                          CONTENT="mimirum"/>
                  <SP HEIGHT="59" WIDTH="20" VPOS="631" HPOS="697"/>
                  <String HEIGHT="59"
                          WIDTH="259"
                          VPOS="631"
                          HPOS="637"
                          CONTENT="neglecto."/>
                  <SP HEIGHT="59" WIDTH="20" VPOS="631" HPOS="896"/>
                  <String HEIGHT="59"
                          WIDTH="139"
                          VPOS="631"
                          HPOS="817"
                          CONTENT="Quam"
                          SUBS_TYPE="HypPart1"
                          SUBS_CONTENT="Quamobrem"/>
                  <HYP CONTENT="-"/>
               </TextLine>
               <TextLine ID="r1l15"
                         BASELINE="739"
                         HEIGHT="51"
                         WIDTH="826"
                         VPOS="688"
                         HPOS="135">
                  <String HEIGHT="51"
                          WIDTH="181"
                          VPOS="688"
                          HPOS="115"
                          CONTENT="obrem"
                          SUBS_TYPE="HypPart2"
                          SUBS_CONTENT="Quamobrem"/>
                  <SP HEIGHT="51" WIDTH="20" VPOS="688" HPOS="296"/>
                  <String HEIGHT="51" WIDTH="141" VPOS="688" HPOS="236" CONTENT="non"/>
                  <SP HEIGHT="51" WIDTH="20" VPOS="688" HPOS="377"/>
                  <String HEIGHT="51"
                          WIDTH="262"
                          VPOS="688"
                          HPOS="316"
                          CONTENT="dubitauit"/>
                  <SP HEIGHT="51" WIDTH="20" VPOS="688" HPOS="578"/>
                  <String HEIGHT="51"
                          WIDTH="181"
                          VPOS="688"
                          HPOS="518"
                          CONTENT="Occan"/>
                  <SP HEIGHT="51" WIDTH="20" VPOS="688" HPOS="699"/>
                  <String HEIGHT="51"
                          WIDTH="201"
                          VPOS="688"
                          HPOS="639"
                          CONTENT="libere"/>
                  <SP HEIGHT="51" WIDTH="20" VPOS="688" HPOS="840"/>
                  <String HEIGHT="51" WIDTH="141" VPOS="688" HPOS="780" CONTENT="hoc"/>
                  <SP HEIGHT="51" WIDTH="20" VPOS="688" HPOS="921"/>
                  <String HEIGHT="51"
                          WIDTH="121"
                          VPOS="688"
                          HPOS="840"
                          CONTENT="loco"/>
               </TextLine>
               <TextLine ID="r1l16"
                         BASELINE="792"
                         HEIGHT="69"
                         WIDTH="818"
                         VPOS="723"
                         HPOS="141">
                  <String HEIGHT="69"
                          WIDTH="278"
                          VPOS="723"
                          HPOS="124"
                          CONTENT="pronuntiare,"/>
                  <SP HEIGHT="69" WIDTH="17" VPOS="723" HPOS="402"/>
                  <String HEIGHT="69"
                          WIDTH="157"
                          VPOS="723"
                          HPOS="350"
                          CONTENT="longe"/>
                  <SP HEIGHT="69" WIDTH="17" VPOS="723" HPOS="506"/>
                  <String HEIGHT="69"
                          WIDTH="209"
                          VPOS="723"
                          HPOS="454"
                          CONTENT="diuersam"/>
                  <SP HEIGHT="69" WIDTH="17" VPOS="723" HPOS="663"/>
                  <String HEIGHT="69"
                          WIDTH="139"
                          VPOS="723"
                          HPOS="611"
                          CONTENT="esse"/>
                  <SP HEIGHT="69" WIDTH="17" VPOS="723" HPOS="750"/>
                  <String HEIGHT="69"
                          WIDTH="226"
                          VPOS="723"
                          HPOS="698"
                          CONTENT="rationem,"/>
                  <SP HEIGHT="69" WIDTH="17" VPOS="723" HPOS="924"/>
                  <String HEIGHT="69"
                          WIDTH="104"
                          VPOS="723"
                          HPOS="855"
                          CONTENT="pro"
                          SUBS_TYPE="HypPart1"
                          SUBS_CONTENT="propter"/>
                  <HYP CONTENT="-"/>
               </TextLine>
               <TextLine ID="r1l17"
                         BASELINE="836"
                         HEIGHT="68"
                         WIDTH="832"
                         VPOS="768"
                         HPOS="141">
                  <String HEIGHT="68"
                          WIDTH="142"
                          VPOS="768"
                          HPOS="123"
                          CONTENT="pter"
                          SUBS_TYPE="HypPart2"
                          SUBS_CONTENT="propter"/>
                  <SP HEIGHT="68" WIDTH="18" VPOS="768" HPOS="265"/>
                  <String HEIGHT="68"
                          WIDTH="142"
                          VPOS="768"
                          HPOS="212"
                          CONTENT="quam"/>
                  <SP HEIGHT="68" WIDTH="18" VPOS="768" HPOS="353"/>
                  <String HEIGHT="68"
                          WIDTH="142"
                          VPOS="768"
                          HPOS="300"
                          CONTENT="olim"/>
                  <SP HEIGHT="68" WIDTH="18" VPOS="768" HPOS="442"/>
                  <String HEIGHT="68"
                          WIDTH="142"
                          VPOS="768"
                          HPOS="389"
                          CONTENT="haec"/>
                  <SP HEIGHT="68" WIDTH="18" VPOS="768" HPOS="530"/>
                  <String HEIGHT="68"
                          WIDTH="212"
                          VPOS="768"
                          HPOS="477"
                          CONTENT="quaestio"/>
                  <SP HEIGHT="68" WIDTH="18" VPOS="768" HPOS="690"/>
                  <String HEIGHT="68" WIDTH="89" VPOS="768" HPOS="637" CONTENT="a"/>
                  <SP HEIGHT="68" WIDTH="18" VPOS="768" HPOS="725"/>
                  <String HEIGHT="68"
                          WIDTH="195"
                          VPOS="768"
                          HPOS="672"
                          CONTENT="Sanctis"/>
                  <SP HEIGHT="68" WIDTH="18" VPOS="768" HPOS="867"/>
                  <String HEIGHT="68"
                          WIDTH="177"
                          VPOS="768"
                          HPOS="796"
                          CONTENT="Patribus"/>
               </TextLine>
               <TextLine ID="r1l18"
                         BASELINE="877"
                         HEIGHT="55"
                         WIDTH="818"
                         VPOS="822"
                         HPOS="145">
                  <String HEIGHT="55"
                          WIDTH="260"
                          VPOS="822"
                          HPOS="126"
                          CONTENT="traderetur"/>
                  <SP HEIGHT="55" WIDTH="19" VPOS="822" HPOS="387"/>
                  <String HEIGHT="55" WIDTH="93" VPOS="822" HPOS="331" CONTENT=":"/>
                  <SP HEIGHT="55" WIDTH="19" VPOS="822" HPOS="424"/>
                  <String HEIGHT="55" WIDTH="93" VPOS="822" HPOS="368" CONTENT="&amp;"/>
                  <SP HEIGHT="55" WIDTH="19" VPOS="822" HPOS="461"/>
                  <String HEIGHT="55"
                          WIDTH="149"
                          VPOS="822"
                          HPOS="405"
                          CONTENT="nunc"/>
                  <SP HEIGHT="55" WIDTH="19" VPOS="822" HPOS="554"/>
                  <String HEIGHT="55" WIDTH="93" VPOS="822" HPOS="498" CONTENT="a"/>
                  <SP HEIGHT="55" WIDTH="19" VPOS="822" HPOS="591"/>
                  <String HEIGHT="55"
                          WIDTH="316"
                          VPOS="822"
                          HPOS="535"
                          CONTENT="posterioribus"/>
                  <SP HEIGHT="55" WIDTH="19" VPOS="822" HPOS="851"/>
                  <String HEIGHT="55"
                          WIDTH="186"
                          VPOS="822"
                          HPOS="777"
                          CONTENT="Lombardi"/>
               </TextLine>
               <TextLine ID="r1l19"
                         BASELINE="934"
                         HEIGHT="63"
                         WIDTH="827"
                         VPOS="871"
                         HPOS="141">
                  <String HEIGHT="63"
                          WIDTH="227"
                          VPOS="871"
                          HPOS="125"
                          CONTENT="discipulis"/>
                  <SP HEIGHT="63" WIDTH="16" VPOS="871" HPOS="352"/>
                  <String HEIGHT="63"
                          WIDTH="227"
                          VPOS="871"
                          HPOS="303"
                          CONTENT="tractetur."/>
                  <SP HEIGHT="63" WIDTH="16" VPOS="871" HPOS="530"/>
                  <String HEIGHT="63"
                          WIDTH="162"
                          VPOS="871"
                          HPOS="482"
                          CONTENT="Patres"/>
                  <SP HEIGHT="63" WIDTH="16" VPOS="871" HPOS="644"/>
                  <String HEIGHT="63"
                          WIDTH="178"
                          VPOS="871"
                          HPOS="595"
                          CONTENT="igitur,"/>
                  <SP HEIGHT="63" WIDTH="16" VPOS="871" HPOS="773"/>
                  <String HEIGHT="63" WIDTH="97" VPOS="871" HPOS="725" CONTENT="vt"/>
                  <SP HEIGHT="63" WIDTH="16" VPOS="871" HPOS="822"/>
                  <String HEIGHT="63"
                          WIDTH="178"
                          VPOS="871"
                          HPOS="773"
                          CONTENT="Arianos"/>
                  <SP HEIGHT="63" WIDTH="16" VPOS="871" HPOS="952"/>
                  <String HEIGHT="63"
                          WIDTH="81"
                          VPOS="871"
                          HPOS="887"
                          CONTENT="re"
                          SUBS_TYPE="HypPart1"
                          SUBS_CONTENT="refutarent,"/>
                  <HYP CONTENT="-"/>
               </TextLine>
               <TextLine ID="r1l20"
                         BASELINE="972"
                         HEIGHT="55"
                         WIDTH="822"
                         VPOS="917"
                         HPOS="141">
                  <String HEIGHT="55"
                          WIDTH="232"
                          VPOS="917"
                          HPOS="123"
                          CONTENT="futarent,"
                          SUBS_TYPE="HypPart2"
                          SUBS_CONTENT="refutarent,"/>
                  <SP HEIGHT="55" WIDTH="18" VPOS="917" HPOS="355"/>
                  <String HEIGHT="55" WIDTH="89" VPOS="917" HPOS="302" CONTENT="&amp;"/>
                  <SP HEIGHT="55" WIDTH="18" VPOS="917" HPOS="391"/>
                  <String HEIGHT="55"
                          WIDTH="179"
                          VPOS="917"
                          HPOS="338"
                          CONTENT="Filium"/>
                  <SP HEIGHT="55" WIDTH="18" VPOS="917" HPOS="516"/>
                  <String HEIGHT="55"
                          WIDTH="143"
                          VPOS="917"
                          HPOS="463"
                          CONTENT="vere"/>
                  <SP HEIGHT="55" WIDTH="18" VPOS="917" HPOS="606"/>
                  <String HEIGHT="55" WIDTH="89" VPOS="917" HPOS="552" CONTENT="&amp;"/>
                  <SP HEIGHT="55" WIDTH="18" VPOS="917" HPOS="641"/>
                  <String HEIGHT="55"
                          WIDTH="161"
                          VPOS="917"
                          HPOS="588"
                          CONTENT="ρuνeς"/>
                  <SP HEIGHT="55" WIDTH="18" VPOS="917" HPOS="749"/>
                  <String HEIGHT="55"
                          WIDTH="143"
                          VPOS="917"
                          HPOS="695"
                          CONTENT="Deum"/>
                  <SP HEIGHT="55" WIDTH="18" VPOS="917" HPOS="838"/>
                  <String HEIGHT="55"
                          WIDTH="161"
                          VPOS="917"
                          HPOS="784"
                          CONTENT="esse,"/>
                  <SP HEIGHT="55" WIDTH="18" VPOS="917" HPOS="945"/>
                  <String HEIGHT="55" WIDTH="89" VPOS="917" HPOS="874" CONTENT="vti"/>
               </TextLine>
               <TextLine ID="r1l21"
                         BASELINE="1017"
                         HEIGHT="51"
                         WIDTH="808"
                         VPOS="966"
                         HPOS="150">
                  <String HEIGHT="51" WIDTH="94" VPOS="966" HPOS="131" CONTENT="&amp;"/>
                  <SP HEIGHT="51" WIDTH="19" VPOS="966" HPOS="225"/>
                  <String HEIGHT="51"
                          WIDTH="188"
                          VPOS="966"
                          HPOS="169"
                          CONTENT="Patrem"/>
                  <SP HEIGHT="51" WIDTH="19" VPOS="966" HPOS="357"/>
                  <String HEIGHT="51"
                          WIDTH="188"
                          VPOS="966"
                          HPOS="300"
                          CONTENT="ipsum,"/>
                  <SP HEIGHT="51" WIDTH="19" VPOS="966" HPOS="488"/>
                  <String HEIGHT="51"
                          WIDTH="319"
                          VPOS="966"
                          HPOS="432"
                          CONTENT="demostrarent,"/>
                  <SP HEIGHT="51" WIDTH="19" VPOS="966" HPOS="751"/>
                  <String HEIGHT="51" WIDTH="132" VPOS="966" HPOS="695" CONTENT="eum"/>
                  <SP HEIGHT="51" WIDTH="19" VPOS="966" HPOS="826"/>
                  <String HEIGHT="51"
                          WIDTH="225"
                          VPOS="966"
                          HPOS="770"
                          CONTENT="aequalem"/>
                  <SP HEIGHT="51" WIDTH="19" VPOS="966" HPOS="996"/>
                  <String HEIGHT="51" WIDTH="38" VPOS="966" HPOS="920" CONTENT=""/>
               </TextLine>
               <TextLine ID="r1l22"
                         BASELINE="1075"
                         HEIGHT="58"
                         WIDTH="814"
                         VPOS="1017"
                         HPOS="142">
                  <String HEIGHT="58"
                          WIDTH="208"
                          VPOS="1017"
                          HPOS="125"
                          CONTENT="potentia"/>
                  <SP HEIGHT="58" WIDTH="17" VPOS="1017" HPOS="333"/>
                  <String HEIGHT="58"
                          WIDTH="156"
                          VPOS="1017"
                          HPOS="281"
                          CONTENT="Patri"/>
                  <SP HEIGHT="58" WIDTH="17" VPOS="1017" HPOS="436"/>
                  <String HEIGHT="58"
                          WIDTH="139"
                          VPOS="1017"
                          HPOS="384"
                          CONTENT="esse"/>
                  <SP HEIGHT="58" WIDTH="17" VPOS="1017" HPOS="523"/>
                  <String HEIGHT="58"
                          WIDTH="242"
                          VPOS="1017"
                          HPOS="471"
                          CONTENT="docuerunt."/>
                  <SP HEIGHT="58" WIDTH="17" VPOS="1017" HPOS="714"/>
                  <String HEIGHT="58"
                          WIDTH="139"
                          VPOS="1017"
                          HPOS="662"
                          CONTENT="Isti"/>
                  <SP HEIGHT="58" WIDTH="17" VPOS="1017" HPOS="800"/>
                  <String HEIGHT="58"
                          WIDTH="139"
                          VPOS="1017"
                          HPOS="748"
                          CONTENT="vero"/>
                  <SP HEIGHT="58" WIDTH="17" VPOS="1017" HPOS="887"/>
                  <String HEIGHT="58"
                          WIDTH="139"
                          VPOS="1017"
                          HPOS="817"
                          CONTENT="erucis"/>
               </TextLine>
               <TextLine ID="r1l23"
                         BASELINE="1111"
                         HEIGHT="50"
                         WIDTH="824"
                         VPOS="1061"
                         HPOS="138">
                  <String HEIGHT="50"
                          WIDTH="196"
                          VPOS="1061"
                          HPOS="118"
                          CONTENT="tantum"/>
                  <SP HEIGHT="50" WIDTH="20" VPOS="1061" HPOS="315"/>
                  <String HEIGHT="50"
                          WIDTH="196"
                          VPOS="1061"
                          HPOS="256"
                          CONTENT="animis"/>
                  <SP HEIGHT="50" WIDTH="20" VPOS="1061" HPOS="452"/>
                  <String HEIGHT="50"
                          WIDTH="216"
                          VPOS="1061"
                          HPOS="393"
                          CONTENT="hominum"/>
                  <SP HEIGHT="50" WIDTH="20" VPOS="1061" HPOS="609"/>
                  <String HEIGHT="50"
                          WIDTH="235"
                          VPOS="1061"
                          HPOS="550"
                          CONTENT="figendae"/>
                  <SP HEIGHT="50" WIDTH="20" VPOS="1061" HPOS="785"/>
                  <String HEIGHT="50"
                          WIDTH="216"
                          VPOS="1061"
                          HPOS="727"
                          CONTENT="gratia,"/>
                  <SP HEIGHT="50" WIDTH="20" VPOS="1061" HPOS="942"/>
                  <String HEIGHT="50" WIDTH="98" VPOS="1061" HPOS="864" CONTENT="hoc"/>
               </TextLine>
               <TextLine ID="r1l24"
                         BASELINE="1165"
                         HEIGHT="51"
                         WIDTH="825"
                         VPOS="1114"
                         HPOS="138">
                  <String HEIGHT="51"
                          WIDTH="181"
                          VPOS="1114"
                          HPOS="118"
                          CONTENT="totum"/>
                  <SP HEIGHT="51" WIDTH="20" VPOS="1114" HPOS="299"/>
                  <String HEIGHT="51" WIDTH="121" VPOS="1114" HPOS="239" CONTENT="ad"/>
                  <SP HEIGHT="51" WIDTH="20" VPOS="1114" HPOS="359"/>
                  <String HEIGHT="51"
                          WIDTH="322"
                          VPOS="1114"
                          HPOS="299"
                          CONTENT="curiositatem"/>
                  <SP HEIGHT="51" WIDTH="20" VPOS="1114" HPOS="621"/>
                  <String HEIGHT="51" WIDTH="101" VPOS="1114" HPOS="561" CONTENT="&amp;"/>
                  <SP HEIGHT="51" WIDTH="20" VPOS="1114" HPOS="661"/>
                  <String HEIGHT="51"
                          WIDTH="302"
                          VPOS="1114"
                          HPOS="601"
                          CONTENT="anibitionem"/>
                  <SP HEIGHT="51" WIDTH="20" VPOS="1114" HPOS="903"/>
                  <String HEIGHT="51"
                          WIDTH="141"
                          VPOS="1114"
                          HPOS="822"
                          CONTENT="animi"/>
               </TextLine>
               <TextLine ID="r1l25"
                         BASELINE="1212"
                         HEIGHT="52"
                         WIDTH="827"
                         VPOS="1160"
                         HPOS="134">
                  <String HEIGHT="52"
                          WIDTH="135"
                          VPOS="1160"
                          HPOS="115"
                          CONTENT="sui"/>
                  <SP HEIGHT="52" WIDTH="19" VPOS="1160" HPOS="249"/>
                  <String HEIGHT="52"
                          WIDTH="288"
                          VPOS="1160"
                          HPOS="192"
                          CONTENT="detorquent."/>
                  <SP HEIGHT="52" WIDTH="19" VPOS="1160" HPOS="480"/>
                  <String HEIGHT="52"
                          WIDTH="135"
                          VPOS="1160"
                          HPOS="422"
                          CONTENT="Nam"/>
                  <SP HEIGHT="52" WIDTH="19" VPOS="1160" HPOS="557"/>
                  <String HEIGHT="52"
                          WIDTH="231"
                          VPOS="1160"
                          HPOS="499"
                          CONTENT="potentia"/>
                  <SP HEIGHT="52" WIDTH="19" VPOS="1160" HPOS="730"/>
                  <String HEIGHT="52"
                          WIDTH="269"
                          VPOS="1160"
                          HPOS="673"
                          CONTENT="dissimisem"/>
                  <SP HEIGHT="52" WIDTH="19" VPOS="1160" HPOS="942"/>
                  <String HEIGHT="52"
                          WIDTH="96"
                          VPOS="1160"
                          HPOS="865"
                          CONTENT="pa"
                          SUBS_TYPE="HypPart1"
                          SUBS_CONTENT="patri"/>
                  <HYP CONTENT="-"/>
               </TextLine>
               <TextLine ID="r1l26"
                         BASELINE="1261"
                         HEIGHT="47"
                         WIDTH="818"
                         VPOS="1214"
                         HPOS="135">
                  <String HEIGHT="47"
                          WIDTH="122"
                          VPOS="1214"
                          HPOS="118"
                          CONTENT="tri"
                          SUBS_TYPE="HypPart2"
                          SUBS_CONTENT="patri"/>
                  <SP HEIGHT="47" WIDTH="17" VPOS="1214" HPOS="239"/>
                  <String HEIGHT="47"
                          WIDTH="174"
                          VPOS="1214"
                          HPOS="187"
                          CONTENT="Filium"/>
                  <SP HEIGHT="47" WIDTH="17" VPOS="1214" HPOS="361"/>
                  <String HEIGHT="47"
                          WIDTH="139"
                          VPOS="1214"
                          HPOS="309"
                          CONTENT="esse"/>
                  <SP HEIGHT="47" WIDTH="17" VPOS="1214" HPOS="448"/>
                  <String HEIGHT="47"
                          WIDTH="209"
                          VPOS="1214"
                          HPOS="396"
                          CONTENT="arreptis"/>
                  <SP HEIGHT="47" WIDTH="17" VPOS="1214" HPOS="605"/>
                  <String HEIGHT="47"
                          WIDTH="226"
                          VPOS="1214"
                          HPOS="553"
                          CONTENT="quibusdam"/>
                  <SP HEIGHT="47" WIDTH="17" VPOS="1214" HPOS="779"/>
                  <String HEIGHT="47"
                          WIDTH="191"
                          VPOS="1214"
                          HPOS="727"
                          CONTENT="Sanctae"/>
                  <SP HEIGHT="47" WIDTH="17" VPOS="1214" HPOS="918"/>
                  <String HEIGHT="47"
                          WIDTH="104"
                          VPOS="1214"
                          HPOS="849"
                          CONTENT="scri"/>
               </TextLine>
               <TextLine ID="r1l27"
                         BASELINE="1313"
                         HEIGHT="62"
                         WIDTH="823"
                         VPOS="1251"
                         HPOS="142">
                  <String HEIGHT="62"
                          WIDTH="183"
                          VPOS="1251"
                          HPOS="124"
                          CONTENT="pturae"/>
                  <SP HEIGHT="62" WIDTH="18" VPOS="1251" HPOS="307"/>
                  <String HEIGHT="62"
                          WIDTH="165"
                          VPOS="1251"
                          HPOS="252"
                          CONTENT="locis"/>
                  <SP HEIGHT="62" WIDTH="18" VPOS="1251" HPOS="416"/>
                  <String HEIGHT="62"
                          WIDTH="293"
                          VPOS="1251"
                          HPOS="361"
                          CONTENT="contendebant"/>
                  <SP HEIGHT="62" WIDTH="18" VPOS="1251" HPOS="654"/>
                  <String HEIGHT="62"
                          WIDTH="201"
                          VPOS="1251"
                          HPOS="599"
                          CONTENT="Ariani,"/>
                  <SP HEIGHT="62" WIDTH="18" VPOS="1251" HPOS="800"/>
                  <String HEIGHT="62"
                          WIDTH="183"
                          VPOS="1251"
                          HPOS="746"
                          CONTENT="veluti"/>
                  <SP HEIGHT="62" WIDTH="18" VPOS="1251" HPOS="928"/>
                  <String HEIGHT="62"
                          WIDTH="110"
                          VPOS="1251"
                          HPOS="855"
                          CONTENT="quod"/>
               </TextLine>
               <TextLine ID="r1l28"
                         BASELINE="1364"
                         HEIGHT="66"
                         WIDTH="821"
                         VPOS="1298"
                         HPOS="144">
                  <String HEIGHT="66"
                          WIDTH="139"
                          VPOS="1298"
                          HPOS="129"
                          CONTENT="dicit"/>
                  <SP HEIGHT="66" WIDTH="15" VPOS="1298" HPOS="268"/>
                  <String HEIGHT="66"
                          WIDTH="155"
                          VPOS="1298"
                          HPOS="221"
                          CONTENT="Filius"/>
                  <SP HEIGHT="66" WIDTH="15" VPOS="1298" HPOS="376"/>
                  <String HEIGHT="66"
                          WIDTH="139"
                          VPOS="1298"
                          HPOS="330"
                          CONTENT="ipse,"/>
                  <SP HEIGHT="66" WIDTH="15" VPOS="1298" HPOS="469"/>
                  <String HEIGHT="66"
                          WIDTH="139"
                          VPOS="1298"
                          HPOS="423"
                          CONTENT="Ioan."/>
                  <SP HEIGHT="66" WIDTH="15" VPOS="1298" HPOS="562"/>
                  <String HEIGHT="66" WIDTH="93" VPOS="1298" HPOS="516" CONTENT="q."/>
                  <SP HEIGHT="66" WIDTH="15" VPOS="1298" HPOS="609"/>
                  <String HEIGHT="66"
                          WIDTH="170"
                          VPOS="1298"
                          HPOS="562"
                          CONTENT="Dedisse"/>
                  <SP HEIGHT="66" WIDTH="15" VPOS="1298" HPOS="733"/>
                  <String HEIGHT="66"
                          WIDTH="170"
                          VPOS="1298"
                          HPOS="686"
                          CONTENT="Patrem,"/>
                  <SP HEIGHT="66" WIDTH="15" VPOS="1298" HPOS="857"/>
                  <String HEIGHT="66" WIDTH="93" VPOS="1298" HPOS="810" CONTENT="vt"/>
                  <SP HEIGHT="66" WIDTH="15" VPOS="1298" HPOS="903"/>
                  <String HEIGHT="66"
                          WIDTH="139"
                          VPOS="1298"
                          HPOS="857"
                          CONTENT="vitam"/>
                  <SP HEIGHT="66" WIDTH="15" VPOS="1298" HPOS="996"/>
                  <String HEIGHT="66" WIDTH="31" VPOS="1298" HPOS="934" CONTENT=""/>
               </TextLine>
               <TextLine ID="r1l29"
                         BASELINE="1403"
                         HEIGHT="42"
                         WIDTH="831"
                         VPOS="1361"
                         HPOS="136">
                  <String HEIGHT="42" WIDTH="100" VPOS="1361" HPOS="119" CONTENT="in"/>
                  <SP HEIGHT="42" WIDTH="17" VPOS="1361" HPOS="219"/>
                  <String HEIGHT="42" WIDTH="100" VPOS="1361" HPOS="169" CONTENT="se"/>
                  <SP HEIGHT="42" WIDTH="17" VPOS="1361" HPOS="269"/>
                  <String HEIGHT="42"
                          WIDTH="199"
                          VPOS="1361"
                          HPOS="219"
                          CONTENT="haberet,"/>
                  <SP HEIGHT="42" WIDTH="17" VPOS="1361" HPOS="419"/>
                  <String HEIGHT="42"
                          WIDTH="183"
                          VPOS="1361"
                          HPOS="369"
                          CONTENT="mortuos"/>
                  <SP HEIGHT="42" WIDTH="17" VPOS="1361" HPOS="552"/>
                  <String HEIGHT="42"
                          WIDTH="266"
                          VPOS="1361"
                          HPOS="502"
                          CONTENT="viuificaret,"/>
                  <SP HEIGHT="42" WIDTH="17" VPOS="1361" HPOS="768"/>
                  <String HEIGHT="42"
                          WIDTH="116"
                          VPOS="1361"
                          HPOS="718"
                          CONTENT="&amp;c."/>
                  <SP HEIGHT="42" WIDTH="17" VPOS="1361" HPOS="834"/>
                  <String HEIGHT="42"
                          WIDTH="150"
                          VPOS="1361"
                          HPOS="784"
                          CONTENT="Vocem"/>
                  <SP HEIGHT="42" WIDTH="17" VPOS="1361" HPOS="934"/>
                  <String HEIGHT="42"
                          WIDTH="100"
                          VPOS="1361"
                          HPOS="867"
                          CONTENT="enim"/>
               </TextLine>
               <TextLine ID="r1l30"
                         BASELINE="1458"
                         HEIGHT="58"
                         WIDTH="824"
                         VPOS="1400"
                         HPOS="140">
                  <String HEIGHT="58"
                          WIDTH="187"
                          VPOS="1400"
                          HPOS="121"
                          CONTENT="Dandi,"/>
                  <SP HEIGHT="58" WIDTH="19" VPOS="1400" HPOS="309"/>
                  <String HEIGHT="58"
                          WIDTH="150"
                          VPOS="1400"
                          HPOS="252"
                          CONTENT="illi"/>
                  <SP HEIGHT="58" WIDTH="19" VPOS="1400" HPOS="402"/>
                  <String HEIGHT="58"
                          WIDTH="243"
                          VPOS="1400"
                          HPOS="346"
                          CONTENT="vrgebant,"/>
                  <SP HEIGHT="58" WIDTH="19" VPOS="1400" HPOS="589"/>
                  <String HEIGHT="58"
                          WIDTH="281"
                          VPOS="1400"
                          HPOS="533"
                          CONTENT="quemadmodum"/>
                  <SP HEIGHT="58" WIDTH="19" VPOS="1400" HPOS="814"/>
                  <String HEIGHT="58" WIDTH="112" VPOS="1400" HPOS="758" CONTENT="ex"/>
                  <SP HEIGHT="58" WIDTH="19" VPOS="1400" HPOS="870"/>
                  <String HEIGHT="58"
                          WIDTH="169"
                          VPOS="1400"
                          HPOS="795"
                          CONTENT="Crrilli"/>
               </TextLine>
               <TextLine ID="r1l31"
                         BASELINE="1496"
                         HEIGHT="55"
                         WIDTH="828"
                         VPOS="1441"
                         HPOS="138">
                  <String HEIGHT="55"
                          WIDTH="187"
                          VPOS="1441"
                          HPOS="122"
                          CONTENT="Thesauro"/>
                  <SP HEIGHT="55" WIDTH="16" VPOS="1441" HPOS="310"/>
                  <String HEIGHT="55"
                          WIDTH="109"
                          VPOS="1441"
                          HPOS="263"
                          CONTENT="li."/>
                  <SP HEIGHT="55" WIDTH="16" VPOS="1441" HPOS="372"/>
                  <String HEIGHT="55" WIDTH="94" VPOS="1441" HPOS="325" CONTENT="4."/>
                  <SP HEIGHT="55" WIDTH="16" VPOS="1441" HPOS="419"/>
                  <String HEIGHT="55"
                          WIDTH="125"
                          VPOS="1441"
                          HPOS="372"
                          CONTENT="cap."/>
                  <SP HEIGHT="55" WIDTH="16" VPOS="1441" HPOS="497"/>
                  <String HEIGHT="55" WIDTH="94" VPOS="1441" HPOS="450" CONTENT="2."/>
                  <SP HEIGHT="55" WIDTH="16" VPOS="1441" HPOS="544"/>
                  <String HEIGHT="55"
                          WIDTH="125"
                          VPOS="1441"
                          HPOS="497"
                          CONTENT="lib."/>
                  <SP HEIGHT="55" WIDTH="16" VPOS="1441" HPOS="622"/>
                  <String HEIGHT="55"
                          WIDTH="109"
                          VPOS="1441"
                          HPOS="575"
                          CONTENT="Io."/>
                  <SP HEIGHT="55" WIDTH="16" VPOS="1441" HPOS="685"/>
                  <String HEIGHT="55"
                          WIDTH="125"
                          VPOS="1441"
                          HPOS="638"
                          CONTENT="cap."/>
                  <SP HEIGHT="55" WIDTH="16" VPOS="1441" HPOS="763"/>
                  <String HEIGHT="55" WIDTH="94" VPOS="1441" HPOS="716" CONTENT="I."/>
                  <SP HEIGHT="55" WIDTH="16" VPOS="1441" HPOS="810"/>
                  <String HEIGHT="55" WIDTH="78" VPOS="1441" HPOS="763" CONTENT="&amp;"/>
                  <SP HEIGHT="55" WIDTH="16" VPOS="1441" HPOS="841"/>
                  <String HEIGHT="55" WIDTH="94" VPOS="1441" HPOS="794" CONTENT="2."/>
                  <SP HEIGHT="55" WIDTH="16" VPOS="1441" HPOS="888"/>
                  <String HEIGHT="55"
                          WIDTH="141"
                          VPOS="1441"
                          HPOS="825"
                          CONTENT="itemque"/>
               </TextLine>
               <TextLine ID="r1l32"
                         BASELINE="1544"
                         HEIGHT="56"
                         WIDTH="831"
                         VPOS="1488"
                         HPOS="132">
                  <String HEIGHT="56"
                          WIDTH="199"
                          VPOS="1488"
                          HPOS="114"
                          CONTENT="Dialog."/>
                  <SP HEIGHT="56" WIDTH="18" VPOS="1488" HPOS="313"/>
                  <String HEIGHT="56" WIDTH="108" VPOS="1488" HPOS="258" CONTENT="8."/>
                  <SP HEIGHT="56" WIDTH="18" VPOS="1488" HPOS="367"/>
                  <String HEIGHT="56"
                          WIDTH="217"
                          VPOS="1488"
                          HPOS="313"
                          CONTENT="aduersus"/>
                  <SP HEIGHT="56" WIDTH="18" VPOS="1488" HPOS="529"/>
                  <String HEIGHT="56"
                          WIDTH="199"
                          VPOS="1488"
                          HPOS="475"
                          CONTENT="Hermium"/>
                  <SP HEIGHT="56" WIDTH="18" VPOS="1488" HPOS="674"/>
                  <String HEIGHT="56"
                          WIDTH="217"
                          VPOS="1488"
                          HPOS="620"
                          CONTENT="apparet."/>
                  <SP HEIGHT="56" WIDTH="18" VPOS="1488" HPOS="837"/>
                  <String HEIGHT="56"
                          WIDTH="145"
                          VPOS="1488"
                          HPOS="782"
                          CONTENT="Isti"/>
                  <SP HEIGHT="56" WIDTH="18" VPOS="1488" HPOS="927"/>
                  <String HEIGHT="56"
                          WIDTH="108"
                          VPOS="1488"
                          HPOS="855"
                          CONTENT="vero"/>
               </TextLine>
               <TextLine ID="r1l33"
                         BASELINE="1596"
                         HEIGHT="57"
                         WIDTH="833"
                         VPOS="1539"
                         HPOS="129">
                  <String HEIGHT="57"
                          WIDTH="284"
                          VPOS="1539"
                          HPOS="111"
                          CONTENT="scholastici,"/>
                  <SP HEIGHT="57" WIDTH="18" VPOS="1539" HPOS="395"/>
                  <String HEIGHT="57"
                          WIDTH="124"
                          VPOS="1539"
                          HPOS="342"
                          CONTENT="vti"/>
                  <SP HEIGHT="57" WIDTH="18" VPOS="1539" HPOS="466"/>
                  <String HEIGHT="57"
                          WIDTH="160"
                          VPOS="1539"
                          HPOS="413"
                          CONTENT="dixi,"/>
                  <SP HEIGHT="57" WIDTH="18" VPOS="1539" HPOS="572"/>
                  <String HEIGHT="57" WIDTH="106" VPOS="1539" HPOS="519" CONTENT="ab"/>
                  <SP HEIGHT="57" WIDTH="18" VPOS="1539" HPOS="625"/>
                  <String HEIGHT="57"
                          WIDTH="195"
                          VPOS="1539"
                          HPOS="572"
                          CONTENT="illorum"/>
                  <SP HEIGHT="57" WIDTH="18" VPOS="1539" HPOS="767"/>
                  <String HEIGHT="57"
                          WIDTH="230"
                          VPOS="1539"
                          HPOS="714"
                          CONTENT="sanctorum"/>
                  <SP HEIGHT="57" WIDTH="18" VPOS="1539" HPOS="944"/>
                  <String HEIGHT="57"
                          WIDTH="89"
                          VPOS="1539"
                          HPOS="873"
                          CONTENT="Pa"
                          SUBS_TYPE="HypPart1"
                          SUBS_CONTENT="Patrum"/>
                  <HYP CONTENT="-"/>
               </TextLine>
               <TextLine ID="r1l34"
                         BASELINE="1653"
                         HEIGHT="60"
                         WIDTH="830"
                         VPOS="1593"
                         HPOS="139">
                  <String HEIGHT="60"
                          WIDTH="136"
                          VPOS="1593"
                          HPOS="122"
                          CONTENT="trum"
                          SUBS_TYPE="HypPart2"
                          SUBS_CONTENT="Patrum"/>
                  <SP HEIGHT="60" WIDTH="17" VPOS="1593" HPOS="258"/>
                  <String HEIGHT="60"
                          WIDTH="220"
                          VPOS="1593"
                          HPOS="207"
                          CONTENT="vestigiis"/>
                  <SP HEIGHT="60" WIDTH="17" VPOS="1593" HPOS="427"/>
                  <String HEIGHT="60"
                          WIDTH="254"
                          VPOS="1593"
                          HPOS="376"
                          CONTENT="aberrantes,"/>
                  <SP HEIGHT="60" WIDTH="17" VPOS="1593" HPOS="630"/>
                  <String HEIGHT="60"
                          WIDTH="152"
                          VPOS="1593"
                          HPOS="579"
                          CONTENT="totum"/>
                  <SP HEIGHT="60" WIDTH="17" VPOS="1593" HPOS="732"/>
                  <String HEIGHT="60"
                          WIDTH="152"
                          VPOS="1593"
                          HPOS="681"
                          CONTENT="huius"/>
                  <SP HEIGHT="60" WIDTH="17" VPOS="1593" HPOS="833"/>
                  <String HEIGHT="60"
                          WIDTH="220"
                          VPOS="1593"
                          HPOS="783"
                          CONTENT="quaestio¬"/>
                  <SP HEIGHT="60" WIDTH="17" VPOS="1593" HPOS="1003"/>
                  <String HEIGHT="60" WIDTH="34" VPOS="1593" HPOS="935" CONTENT=""/>
               </TextLine>
               <TextLine ID="r1l35"
                         BASELINE="1685"
                         HEIGHT="43"
                         WIDTH="828"
                         VPOS="1642"
                         HPOS="136">
                  <String HEIGHT="43"
                          WIDTH="135"
                          VPOS="1642"
                          HPOS="117"
                          CONTENT="nis"/>
                  <SP HEIGHT="43" WIDTH="19" VPOS="1642" HPOS="252"/>
                  <String HEIGHT="43"
                          WIDTH="154"
                          VPOS="1642"
                          HPOS="194"
                          CONTENT="vsum"/>
                  <SP HEIGHT="43" WIDTH="19" VPOS="1642" HPOS="348"/>
                  <String HEIGHT="43" WIDTH="116" VPOS="1642" HPOS="290" CONTENT="eo"/>
                  <SP HEIGHT="43" WIDTH="19" VPOS="1642" HPOS="406"/>
                  <String HEIGHT="43"
                          WIDTH="250"
                          VPOS="1642"
                          HPOS="348"
                          CONTENT="traducunt"/>
                  <SP HEIGHT="43" WIDTH="19" VPOS="1642" HPOS="598"/>
                  <String HEIGHT="43" WIDTH="96" VPOS="1642" HPOS="540" CONTENT="&amp;"/>
                  <SP HEIGHT="43" WIDTH="19" VPOS="1642" HPOS="637"/>
                  <String HEIGHT="43"
                          WIDTH="250"
                          VPOS="1642"
                          HPOS="579"
                          CONTENT="referunt,"/>
                  <SP HEIGHT="43" WIDTH="19" VPOS="1642" HPOS="829"/>
                  <String HEIGHT="43" WIDTH="116" VPOS="1642" HPOS="771" CONTENT="vt"/>
                  <SP HEIGHT="43" WIDTH="19" VPOS="1642" HPOS="887"/>
                  <String HEIGHT="43"
                          WIDTH="154"
                          VPOS="1642"
                          HPOS="810"
                          CONTENT="magnum"/>
               </TextLine>
               <TextLine ID="r1l36"
                         BASELINE="1752"
                         HEIGHT="69"
                         WIDTH="828"
                         VPOS="1683"
                         HPOS="137">
                  <String HEIGHT="69"
                          WIDTH="217"
                          VPOS="1683"
                          HPOS="117"
                          CONTENT="hominum"/>
                  <SP HEIGHT="69" WIDTH="20" VPOS="1683" HPOS="334"/>
                  <String HEIGHT="69"
                          WIDTH="335"
                          VPOS="1683"
                          HPOS="275"
                          CONTENT="Christianorum"/>
                  <SP HEIGHT="69" WIDTH="20" VPOS="1683" HPOS="610"/>
                  <String HEIGHT="69"
                          WIDTH="197"
                          VPOS="1683"
                          HPOS="551"
                          CONTENT="animis"/>
                  <SP HEIGHT="69" WIDTH="20" VPOS="1683" HPOS="748"/>
                  <String HEIGHT="69" WIDTH="118" VPOS="1683" HPOS="689" CONTENT="ac"/>
                  <SP HEIGHT="69" WIDTH="20" VPOS="1683" HPOS="807"/>
                  <String HEIGHT="69"
                          WIDTH="237"
                          VPOS="1683"
                          HPOS="728"
                          CONTENT="conscietus"/>
               </TextLine>
            </TextBlock>
         </PrintSpace>
      </Page>
   </Layout>
</alto>
