1269 2020
91 85 140 87 quae
179 85 105 87 in
232 85 123 87 vno
302 85 88 87 &
337 85 158 87 eodem
442 85 140 87 illo
530 85 158 87 opere
635 85 193 87 propria
776 85 175 87 Patris
881 85 70 87 a-

103 164 124 61 ctio
181 164 124 61 est,
259 164 140 61 eadem
352 164 109 61 non
414 164 109 61 sit
476 164 171 61 propria
600 164 109 61 vel
662 164 155 61 Filij,
755 164 202 61 VelSpiritus

96 205 175 55 sancti
218 205 175 55 actio.
341 205 105 55 In
393 205 158 55 summa
498 205 140 55 haec
586 205 228 55 potentiae
743 205 210 55 aequalitas

109 252 98 59 ex
158 252 196 59 effectis
305 252 147 59 ipsis
403 252 82 59 &
436 252 196 59 obiectis
583 252 262 59 factibilibus
795 252 98 59 ad
828 252 131 59 extra,

108 299 102 56 vt
159 299 237 56 loquuntur,
345 299 119 56 est
413 299 254 56 aestimanda,
616 299 102 56 in
667 299 169 56 iisque
769 299 186 56 versatur.

101 348 119 64 non
169 348 102 64 in
220 348 119 64 eo,
288 348 102 64 vt
339 348 102 64 si
390 348 119 64 vna
458 348 187 64 Persona
593 348 153 64 Pater
695 348 136 64 est,
780 348 170 64 altera
882 348 85 64 sit

106 405 186 50 quoque
236 405 186 50 Pater,
366 405 204 50 quoniam
515 405 148 50 haec
607 405 130 50 non
682 405 223 50 deitatis
849 405 93 50 &
867 405 93 50 es-

105 446 193 56 sentiae
245 446 210 56 potentia
402 446 140 56 est:
490 446 123 56 sed
560 446 140 56 ipsa
647 446 175 56 potius
752 446 210 56 Personarum

104 491 229 61 relatio,
276 491 95 61 &
314 491 248 61 existendi
505 491 191 61 modus.
638 491 210 61 Videant
772 491 191 61 sectores

108 541 135 63 quo
185 541 193 63 tandem
320 541 212 63 irrupit
474 541 212 63 istorum
628 541 212 63 hominum
763 541 193 63 audacia,

116 603 135 56 quae
201 603 101 56 ea
251 603 237 56 serutatur,
437 603 118 56 qui
505 603 101 56 ne
555 603 237 56 Vnigenitus
741 603 169 56 quidem
843 603 118 56 ille,

112 645 115 56 qui
177 645 115 56 est
243 645 99 56 in
292 645 132 56 sinu
375 645 181 56 Patris,
506 645 181 56 narrare
638 645 148 56 nobis
736 645 181 56 voluit.
851 645 99 56 Prae

104 685 164 59 clare
213 685 146 59 enim
304 685 273 59 Hieronymus,
523 685 255 59 Vnigenitus
723 685 146 59 ille
814 685 128 59 qui
869 685 91 59 vi-

111 733 122 61 dit,
187 733 76 61 &
218 733 168 61 narrat,
340 733 107 61 non
401 733 168 61 quantus
524 733 107 61 est
585 733 138 61 ille,
676 733 107 61 qui
738 733 138 61 visus
829 733 122 61 est:
891 733 76 61 nec

110 786 188 65 quantum
246 786 154 65 nouit
349 786 136 65 ille
434 786 119 65 qui
502 786 188 65 narrat:
639 786 119 65 sed
707 786 188 65 quantum
827 786 136 65 potest

113 848 220 46 mortalium
283 848 170 46 sensus
401 848 220 46 accipere.
571 848 119 46 Qua
639 848 153 46 certe
741 848 204 46 mensuram
876 848 85 46 ho-

112 878 159 73 mines
219 878 142 73 isti
307 878 212 73 contenti
466 878 142 73 esse
537 878 195 73 debebant.

154 928 275 67 Secundum,
365 928 127 67 in
429 928 127 67 eo
492 928 212 67 maxime
619 928 339 67 reprehendendus

115 987 120 44 est
184 987 155 44 iste,
287 987 138 44 quod
373 987 189 44 praeter
511 987 155 44 leges
614 987 224 44 compendij
786 987 155 44 (quod
872 987 86 44 ta-

112 1030 134 64 men
189 1030 115 64 se
246 1030 231 64 scribere
419 1030 231 64 fatetur)
592 1030 173 64 eadem
707 1030 192 64 omnino
823 1030 134 64 repe-

104 1076 138 60 tit,
190 1076 138 60 quae
276 1076 155 60 supra
380 1076 190 60 tradita
518 1076 155 60 sunt.
622 1076 138 60 Quid
708 1076 138 60 enim
794 1076 155 60 aliud
881 1076 86 60 to-

112 1132 108 65 ta
166 1132 235 65 superiori
347 1132 289 65 Distinctione
582 1132 163 65 egit,
690 1132 145 65 quam
780 1132 126 65 hac
835 1132 126 65 ipsa-

111 1180 124 55 cum
182 1180 106 55 ex
235 1180 177 55 quibus
359 1180 177 55 causis
483 1180 213 55 probatur
643 1180 177 55 Pater,
767 1180 89 55 &
802 1180 195 55 Filius,

112 1226 87 42 &
146 1226 210 42 Spiritus
304 1226 192 42 sanctus
443 1226 244 42 coaeterni,
635 1226 87 42 &
670 1226 210 42 aequales
827 1226 175 42 magni

110 1279 213 58 tudine:
265 1279 116 58 ex
323 1279 194 58 iisdem
459 1279 194 58 quoque
594 1279 291 58 ostendantur
808 1279 155 58 poten-

116 1316 123 57 tia
187 1316 159 57 inter
293 1316 106 57 se
346 1316 141 57 esse
434 1316 229 57 aequales:
610 1316 194 57 Nimirum
751 1316 106 57 ex
804 1316 106 57 eo
857 1316 123 57 quo
910 1316 53 57 d

120 1373 134 55 vna
196 1373 96 55 &
235 1373 172 55 eadem
349 1373 191 55 numero
483 1373 134 55 est
560 1373 172 55 trium
674 1373 210 55 illarum
808 1373 153 55 Perso-

105 1420 179 59 narum
224 1420 258 59 essentia,
423 1420 298 59 quemadmodum
662 1420 179 59 docet
761 1420 199 59 praecla-

108 1462 110 62 re
163 1462 257 62 Damascenus
364 1462 147 62 lib.
456 1462 110 62 I.
511 1462 202 62 Orthod.
657 1462 147 62 fid.
749 1462 147 62 cap.
841 1462 128 62 II.
896 1462 73 62 Ex

113 1508 156 59 eadem
217 1508 139 59 enim
304 1508 139 59 illa
390 1508 156 59 causa
494 1508 139 59 fit,
581 1508 121 59 vt,
651 1508 139 59 quod
737 1508 139 59 idem
824 1508 174 59 addit,

104 1558 127 51 sit
176 1558 217 51 earundem
339 1558 254 51 Personarum
611 1558 235 51 ,
792 1558 127 51 i
846 1558 109 51 SM

116 1604 122 57 is,
253 1604 183 57 i,
390 1604 107 57 I
451 1604 152 57 ,
694 1604 122 57 vi:
770 1604 137 57 rocis
846 1604 122 57 opoto-

107 1653 203 55 .
716 1653 141 55 T
794 1653 172 55 o.

104 1705 100 60 c,
154 1705 116 60 Vna
221 1705 199 60 bonitas,
370 1705 116 60 vna
436 1705 216 60 voluntas,
602 1705 116 60 vna
668 1705 216 60 operatio,
834 1705 116 60 vna
884 1705 83 60 di
