1280 2030
446 96 235 82 AD
563 96 314 82 CAP.
720 96 157 82 II

377 156 260 73 Augustinus
582 156 112 73 in
638 156 167 73 libro
749 156 130 73 vi.
823 156 223 73 Restitue
991 156 167 73 libro
1084 156 74 73 &.

279 220 115 66 de
336 220 268 66 Trinitate.
547 220 134 66 Nam
624 220 153 66 quae
720 220 134 66 hic
797 220 192 66 refert
931 220 268 66 Lombardus,

289 284 180 59 extant
415 284 108 59 eo
469 284 162 59 libro
577 284 180 59 sexto,
703 284 180 59 capite
830 284 144 59 nono
920 284 108 59 in
956 284 198 59 principio

288 314 193 80 capitis.

463 339 214 105 AD
570 339 285 105 CAP.
713 339 214 105 IIII

404 426 161 64 Tanta
512 426 143 64 pace
601 426 125 64 vni
673 426 251 64 adhaerens.
870 426 179 64 Aliter
995 426 143 64 apud
1066 426 90 64 Au-

288 482 246 70 gustinum,
477 482 132 70 vbi
553 482 132 70 vis
628 482 170 70 huius
741 482 264 70 argumenti,
949 482 151 70 quod
1025 482 132 70 latet

290 538 110 53 in
345 538 146 53 voce
436 538 183 53 pacis,
564 538 274 53 explicatur:
784 538 146 53 quae
875 538 128 53 hic
948 538 91 53 a
967 538 201 53 Lombardo,

301 586 200 51 tanquam
447 586 255 51 praecipuus
647 586 182 51 totius
774 586 164 51 huius
884 586 310 51 ratiocinatio¬

291 640 124 52 nis
362 640 195 52 neruus,
504 640 248 52 inciditur.
698 640 124 52 Sic
769 640 177 52 igitur
893 640 265 52 Augustinus.
1087 640 71 52 Et

290 684 133 59 ordo
373 684 199 59 verborum
523 684 133 59 est,
606 684 100 59 vt
656 684 116 59 te,
722 684 83 59 &
755 684 133 59 quem
838 684 183 59 misisti
971 684 149 59 Iesum
1054 684 100 59 Chri

282 732 176 65 stum,
400 732 273 65 cognoscant
615 732 156 65 vnum
712 732 176 65 verum
829 732 156 65 Deum
927 732 195 65 Coann.
1044 732 98 65 Iy-

303 783 133 47 ver.
387 783 100 47 S)
436 783 116 47 Cur
503 783 133 47 vero
586 783 166 47 tacuit
703 783 100 47 de
753 783 183 47 Spiritu
886 783 183 47 sancto:
1019 783 100 47 An
1052 783 100 47 quo-

291 836 141 52 niam
379 836 246 52 consequens
573 836 141 52 est,
661 836 106 52 vt
714 836 229 52 vbicunque
890 836 229 52 nominatur
1048 836 106 52 vnum

291 887 153 50 tanta
393 887 136 50 pace
478 887 119 50 vni
546 887 221 50 adhaerens
716 887 119 50 (vt
783 887 119 50 per
851 887 136 50 hanc
936 887 204 50 vtrunque
1072 887 68 50 v-

295 923 110 70 num
358 923 110 70 sit
421 923 126 70 )iam
500 923 95 70 ex
547 923 110 70 hoc
610 923 252 70 intelligatur
815 923 142 70 etiam
910 923 126 70 ipsa
988 923 126 70 pax,
1051 923 95 70 qua-

288 980 148 48 uis
372 980 148 48 non
457 980 359 48 commemoretur)
753 980 190 48 Pacis
879 980 190 48 autem
985 980 169 48 nomine

298 1023 283 52 ταυτοταταύσας
532 1023 83 52 &
565 1023 183 52 iνoτατα
698 1023 233 52 intelligit
881 1023 233 52 Augustins,
1048 1023 100 52 quae

292 1073 166 52 facit
402 1073 110 52 vt
457 1073 147 52 vnus
549 1073 147 52 sine
641 1073 221 52 alterius
807 1073 257 52 incurrente
990 1073 166 52 notione

292 1121 90 52 &
328 1121 306 52 intelligentia
580 1121 234 52 intelligi
759 1121 126 52 non
831 1121 198 52 possit,
957 1121 198 52 quemadmo-

291 1167 128 67 dum
364 1167 147 67 hunc
456 1167 165 67 ipsum
566 1167 165 67 locum
676 1167 238 67 explicans
859 1167 183 67 Basil.
987 1167 165 67 libro
1079 1167 73 67 s.

293 1213 186 52 contra
424 1213 223 52 Eunomium
591 1213 242 52 declarat,
777 1213 112 52 ἐκ
833 1213 260 52 ἀροριξωντο
1019 1213 130 52 ωνdμα

297 1263 102 53 τῆς
356 1263 160 53 δυωξως,
472 1263 88 53 ως
516 1263 131 53 ότυι,
604 1263 102 53 δυο
662 1263 190 53 ονoμάξει,
808 1263 102 53 &Nα
866 1263 204 53 τουναντιον
1027 1263 117 53 ινῶν
1085 1263 73 53 μαῖ

295 1307 139 66 δωnῶν
387 1307 92 66 Cν
433 1307 139 66 πατζι
526 1307 108 66 και
587 1307 123 66 μῶτο
664 1307 92 66 το
711 1307 108 66 δμα
772 1307 92 66 τo
818 1307 200 66 ἀXῶξIδον.
973 1307 92 66 I.
1019 1307 108 66 Non
1065 1307 77 66 se-

293 1367 160 58 parans
405 1367 192 58 Spiritum
548 1367 176 58 sanctum
676 1367 96 58 ab
724 1367 144 58 illis
820 1367 176 58 duobus,
947 1367 96 58 vt
995 1367 128 58 isti
1059 1367 80 58 fa-

295 1409 170 56 ciunt,
414 1409 136 56 duos
499 1409 204 56 nominat:
652 1409 119 56 sed
720 1409 170 56 contra
838 1409 170 56 vniens
957 1409 136 56 eum,
1042 1409 85 56 &
1059 1409 85 56 de-

298 1461 181 56 clarans
429 1461 99 56 in
479 1461 165 56 Patre,
594 1461 82 56 &
627 1461 148 56 Filio
726 1461 198 56 Spiritum
875 1461 181 56 sanctum
1007 1461 99 56 ab
1040 1461 115 56 illis

286 1509 217 52 separari
449 1509 126 52 non
521 1509 199 52 potest.
665 1509 181 52 Deinde
792 1509 163 52 illud
900 1509 181 52 quoque
1008 1509 145 52 obser-

288 1557 189 64 uandum
420 1557 132 64 est
496 1557 113 64 in
552 1557 151 64 ipso
647 1557 189 64 Ioanne
779 1557 132 64 non
854 1557 151 64 esse
948 1557 151 64 vnum
1024 1557 132 64 Deum,

288 1597 124 62 Eνα
359 1597 159 62 ωεον,
465 1597 124 62 sed
536 1597 159 62 solum
642 1597 159 62 Deum,
748 1597 159 62 μονον
854 1597 159 62 Gεον,
960 1597 142 62 quam
1031 1597 124 62 tamen

288 1647 251 54 lectionem
481 1647 116 54 in
539 1647 135 54 sua
616 1647 367 54 interpretatione
925 1647 135 54 non
983 1647 174 54 retinet

292 1703 283 68 Augustinus.
519 1703 189 68 Verior
651 1703 189 68 igitur
783 1703 189 68 illius
915 1703 227 68 Ioannis,
1067 1703 94 68 seu
