1301 2029
285 91 221 80 Claudius
450 91 240 80 Spinaeus,
635 91 92 80 &
672 91 221 80 Arnoldus
838 91 313 80 Vessaliensis,

283 150 175 57 horum
399 150 233 57 librorum
574 150 350 57 abbreuiatores.
865 150 136 57 Sic
924 150 194 57 Durandus

283 205 191 67 quoque.
422 205 139 67 Alij
509 205 209 67 sentiunt
665 205 104 67 ex
718 205 157 67 ipsis
822 205 226 67 Augustini
979 205 139 67 fonti-

288 251 123 59 bus
359 251 210 59 deductas
516 251 140 59 esse
604 251 123 59 has
674 251 280 59 quaestiones,
901 251 158 59 cuius
1006 251 123 59 cum
1059 251 70 59 do

286 308 210 50 ctrinam
439 308 153 50 pene
534 308 249 50 perpetuam
726 308 172 50 sequi
840 308 172 50 velle
936 308 191 50 videatur

291 349 257 60 Lombardus,
492 349 183 60 fuisse
621 349 183 60 quoque
749 349 110 60 ei
804 349 220 60 necesse,
951 349 165 60 quemad-

284 399 176 66 modum
402 399 137 66 hae
480 399 215 66 phrases
636 399 293 66 explicantur
871 399 156 66 apud
949 399 176 66 August.

291 449 82 66 .
323 449 180 66 Trinit.
455 449 131 66 cap.
537 449 115 66 28.
602 449 115 66 ita
668 449 98 66 ab
717 449 131 66 isto
799 449 164 66 tradi.
914 449 164 66 Tertij
1012 449 115 66 deni-

289 506 124 52 que
360 506 177 52 volunt
484 506 106 52 in
538 506 177 52 genere
662 506 248 52 locutiones
857 506 142 52 eas,
946 506 106 52 in
981 506 142 52 quibus

284 550 229 50 exclusiua
460 550 176 50 dictio
584 550 211 50 quaepiam
742 550 229 50 vsurpatur
918 550 106 50 de
953 550 176 50 essentia

292 601 114 48 vel
357 601 195 48 Personis
503 601 195 48 diuinis,
650 601 163 48 qualis
764 601 114 48 est
829 601 163 48 solus,
943 601 179 48 tantum,
1057 601 65 48 v-

288 643 163 63 nicus,
402 643 211 63 dumtaxat,
564 643 244 63 singularis,
759 643 114 63 hic
824 643 179 63 exponi:
954 643 130 63 quam
1019 643 98 63 sen-

293 688 193 70 tentiam
434 688 210 70 sequitur
591 688 175 70 Thomas
714 688 105 70 in
767 688 105 70 I.
819 688 158 70 parte
924 688 193 70 Quaest,
1047 688 70 70 I.

283 740 166 49 Artic.
400 740 100 49 2.
450 740 83 49 &
483 740 100 49 4.
533 740 150 49 Occan
633 740 166 49 censet
749 740 100 49 ex
799 740 166 49 tribus
915 740 150 49 istis
999 740 116 49 quae-

286 780 247 62 stionibus,
480 780 141 62 vnam
568 780 176 62 tantum
691 780 141 62 esse
779 780 264 62 necessariam
991 780 88 62 &
1008 780 106 62 vti-

285 836 127 60 lem
357 836 182 60 scitu,
485 836 182 60 nempe,
612 836 200 60 quomodo
757 836 145 60 haec
848 836 254 60 enuntiatio
1029 836 91 60 sit

286 882 282 49 intelligenda,
519 882 150 49 solus
619 882 150 49 Pater
718 882 116 49 est
785 882 150 49 Deus:
884 882 133 49 Duas
967 882 133 49 vero
1034 882 83 49 re-

285 938 197 56 liquas,
428 938 143 56 quae
518 938 161 56 tamen
625 938 125 56 hic
697 938 233 56 adduntur,
876 938 143 56 esse
947 938 179 56 superua.

290 979 193 48 caneas,
431 979 176 48 qualis
554 979 123 48 est
624 979 158 48 haec,
729 979 193 48 quomodo
870 979 211 48 dicatur,
1010 979 123 48 solus

288 1025 145 69 Pater,
390 1025 102 69 vel
448 1025 131 69 solus
535 1025 160 69 Filius,
651 1025 102 69 vel
709 1025 131 69 solus
796 1025 174 69 Spiritus
927 1025 174 69 sanctus.
1043 1025 87 69 itum

290 1074 87 64 &
324 1074 156 64 haec,
429 1074 122 64 quo
498 1074 156 64 sensu
603 1074 122 64 hoc
672 1074 156 64 verum
776 1074 139 64 sit,
863 1074 243 64 Trinitatem
1037 1074 87 64 so-

286 1130 131 47 lum
361 1130 149 47 esse
454 1130 168 47 Deum.
566 1130 149 47 Ergo
660 1130 131 47 cum
734 1130 112 47 ab
790 1130 168 47 huius
883 1130 243 47 disputatio-

288 1175 136 55 nis
365 1175 175 55 scopo
482 1175 252 55 aberrarit
676 1175 194 55 maxime
812 1175 252 55 Lombardus
986 1175 136 55 ipse,

287 1222 92 56 a
323 1222 129 56 quo
397 1222 166 56 veram
508 1222 185 56 ipsius
638 1222 203 56 scripti
785 1222 314 56 explicationem
1026 1222 92 56 ex-

285 1267 237 61 spectemus
467 1267 91 61 :
504 1267 164 61 Certe
614 1267 110 61 ex
668 1267 201 61 Graecis
814 1267 201 61 potius,
961 1267 146 61 quam
1034 1267 91 61 La-

286 1316 164 66 tinis
395 1316 292 66 scriptoribus
632 1316 146 66 vsum
723 1316 164 66 harum
832 1316 273 66 quaestionum
1033 1316 91 66 ma-

290 1372 170 61 ximum
404 1372 322 61 vberrimumquem
669 1372 151 61 esse
763 1372 265 61 cognoscet,
972 1372 133 61 qui
1028 1372 95 61 di-

286 1409 201 64 ligenter
437 1409 151 64 illos
537 1409 234 64 euoluerit.
721 1409 201 64 Arreptae
872 1409 134 64 sunt
956 1409 167 64 igitur
1056 1409 67 64 ab

285 1462 173 50 Arianis
411 1462 110 50 hae
474 1462 221 50 Scripturae
648 1462 158 50 sacrae
758 1462 221 50 sentetiae,
932 1462 142 50 solus
1026 1462 126 50 Deus

289 1500 154 61 habet
392 1500 326 61 immortalitatem.
666 1500 103 61 I.
718 1500 189 61 Timoth.
855 1500 103 61 6.
906 1500 154 61 Vers.
1009 1500 120 61 I8.
1060 1500 69 61 Vt

288 1563 250 56 cognoscant
484 1563 107 56 te
538 1563 161 56 solum
645 1563 161 56 Deum,
752 1563 89 56 &
788 1563 143 56 quem
877 1563 196 56 misisti
1002 1563 125 56 Iesum

284 1593 220 65 Christum.
453 1593 169 65 Ioann.
572 1593 118 65 r9.
639 1593 152 65 Versi
741 1593 102 65 8.
792 1593 152 65 Nobis
893 1593 135 65 unus
978 1593 135 65 Deus
1045 1593 85 65 est

287 1654 165 46 Pater.
402 1654 99 46 I.
451 1654 198 46 Corinth.
599 1654 99 46 8.
649 1654 148 46 Vers.
747 1654 82 46 6
780 1654 82 46 &
813 1654 181 46 similes
945 1654 165 46 aliae.
1044 1654 82 46 Ad-

286 1699 117 65 eo
344 1699 117 65 vt
402 1699 156 65 inde
500 1699 175 65 solum
617 1699 195 65 Patrem
753 1699 156 65 Deum
850 1699 156 65 esse
928 1699 195 65 collige
