<?xml version="1.0" encoding="UTF-8"?>
<alto xmlns:xsi="http://www.w3.org/2001/XMLSchema-instance"
      xmlns="http://www.loc.gov/standards/alto/ns-v2#"
      xmlns:page="http://schema.primaresearch.org/PAGE/gts/pagecontent/2013-07-15"
      xsi:schemaLocation="http://www.loc.gov/standards/alto/ns-v2# http://www.loc.gov/standards/alto/alto.xsd">
   <Description>
      <MeasurementUnit>pixel</MeasurementUnit>
      <OCRProcessing ID="IdOcr">
         <ocrProcessingStep>
            <processingDateTime>2021-02-10T14:40:20.514-05:00</processingDateTime>
            <processingSoftware>
               <softwareCreator>READ COOP</softwareCreator>
               <softwareName>Transkribus</softwareName>
            </processingSoftware>
         </ocrProcessingStep>
      </OCRProcessing>
   </Description>
   <Tags/>
   <Layout>
      <Page ID="Page1" PHYSICAL_IMG_NR="1" HEIGHT="2046" WIDTH="1282">
         <TopMargin HEIGHT="0" WIDTH="1282" VPOS="0" HPOS="0"/>
         <LeftMargin HEIGHT="2046" WIDTH="0" VPOS="0" HPOS="0"/>
         <RightMargin HEIGHT="2046" WIDTH="0" VPOS="0" HPOS="1282"/>
         <BottomMargin HEIGHT="0" WIDTH="1282" VPOS="2046" HPOS="0"/>
         <PrintSpace HEIGHT="2046" WIDTH="1282" VPOS="0" HPOS="0">
            <TextBlock ID="r1" HEIGHT="1690" WIDTH="804" VPOS="75" HPOS="141">
               <Shape>
                  <Polygon POINTS="141,75 141,1765 945,1765 945,75"/>
               </Shape>
               <TextLine ID="r1l4"
                         BASELINE="196"
                         HEIGHT="76"
                         WIDTH="226"
                         VPOS="120"
                         HPOS="371">
                  <String HEIGHT="76"
                          WIDTH="258"
                          VPOS="120"
                          HPOS="339"
                          CONTENT="CAP."/>
                  <SP HEIGHT="76" WIDTH="32" VPOS="120" HPOS="597"/>
                  <String HEIGHT="76" WIDTH="129" VPOS="120" HPOS="468" CONTENT="V."/>
               </TextLine>
               <TextLine ID="r1l5"
                         BASELINE="259"
                         HEIGHT="75"
                         WIDTH="800"
                         VPOS="184"
                         HPOS="149">
                  <String HEIGHT="75"
                          WIDTH="145"
                          VPOS="184"
                          HPOS="131"
                          CONTENT="Quod"/>
                  <SP HEIGHT="75" WIDTH="18" VPOS="184" HPOS="276"/>
                  <String HEIGHT="75"
                          WIDTH="200"
                          VPOS="184"
                          HPOS="222"
                          CONTENT="nomina,"/>
                  <SP HEIGHT="75" WIDTH="18" VPOS="184" HPOS="422"/>
                  <String HEIGHT="75"
                          WIDTH="145"
                          VPOS="184"
                          HPOS="367"
                          CONTENT="quae"/>
                  <SP HEIGHT="75" WIDTH="18" VPOS="184" HPOS="513"/>
                  <String HEIGHT="75" WIDTH="109" VPOS="184" HPOS="458" CONTENT="ad"/>
                  <SP HEIGHT="75" WIDTH="18" VPOS="184" HPOS="567"/>
                  <String HEIGHT="75"
                          WIDTH="218"
                          VPOS="184"
                          HPOS="513"
                          CONTENT="singulas"/>
                  <SP HEIGHT="75" WIDTH="18" VPOS="184" HPOS="731"/>
                  <String HEIGHT="75"
                          WIDTH="236"
                          VPOS="184"
                          HPOS="676"
                          CONTENT="pertinent"/>
                  <SP HEIGHT="75" WIDTH="18" VPOS="184" HPOS="913"/>
                  <String HEIGHT="75"
                          WIDTH="109"
                          VPOS="184"
                          HPOS="840"
                          CONTENT="Per"
                          SUBS_TYPE="HypPart1"
                          SUBS_CONTENT="Personas,"/>
                  <HYP CONTENT="-"/>
               </TextLine>
               <TextLine ID="r1l6"
                         BASELINE="297"
                         HEIGHT="58"
                         WIDTH="755"
                         VPOS="239"
                         HPOS="186">
                  <String HEIGHT="58"
                          WIDTH="164"
                          VPOS="239"
                          HPOS="170"
                          CONTENT="sonas,"
                          SUBS_TYPE="HypPart2"
                          SUBS_CONTENT="Personas,"/>
                  <SP HEIGHT="58" WIDTH="16" VPOS="239" HPOS="334"/>
                  <String HEIGHT="58"
                          WIDTH="181"
                          VPOS="239"
                          HPOS="284"
                          CONTENT="proprie"/>
                  <SP HEIGHT="58" WIDTH="16" VPOS="239" HPOS="465"/>
                  <String HEIGHT="58"
                          WIDTH="197"
                          VPOS="239"
                          HPOS="416"
                          CONTENT="relatiue"/>
                  <SP HEIGHT="58" WIDTH="16" VPOS="239" HPOS="613"/>
                  <String HEIGHT="58"
                          WIDTH="213"
                          VPOS="239"
                          HPOS="564"
                          CONTENT="dicuntur:"/>
                  <SP HEIGHT="58" WIDTH="16" VPOS="239" HPOS="777"/>
                  <String HEIGHT="58" WIDTH="98" VPOS="239" HPOS="728" CONTENT="ea"/>
                  <SP HEIGHT="58" WIDTH="16" VPOS="239" HPOS="826"/>
                  <String HEIGHT="58"
                          WIDTH="131"
                          VPOS="239"
                          HPOS="777"
                          CONTENT="vero"/>
                  <SP HEIGHT="58" WIDTH="16" VPOS="239" HPOS="908"/>
                  <String HEIGHT="58" WIDTH="98" VPOS="239" HPOS="843" CONTENT="quae"/>
               </TextLine>
               <TextLine ID="r1l7"
                         BASELINE="342"
                         HEIGHT="53"
                         WIDTH="759"
                         VPOS="289"
                         HPOS="186">
                  <String HEIGHT="53"
                          WIDTH="190"
                          VPOS="289"
                          HPOS="170"
                          CONTENT="vnitatem"/>
                  <SP HEIGHT="53" WIDTH="16" VPOS="289" HPOS="360"/>
                  <String HEIGHT="53"
                          WIDTH="206"
                          VPOS="289"
                          HPOS="313"
                          CONTENT="essentiae"/>
                  <SP HEIGHT="53" WIDTH="16" VPOS="289" HPOS="518"/>
                  <String HEIGHT="53"
                          WIDTH="253"
                          VPOS="289"
                          HPOS="471"
                          CONTENT="significant,"/>
                  <SP HEIGHT="53" WIDTH="16" VPOS="289" HPOS="724"/>
                  <String HEIGHT="53" WIDTH="95" VPOS="289" HPOS="676" CONTENT="ad"/>
                  <SP HEIGHT="53" WIDTH="16" VPOS="289" HPOS="771"/>
                  <String HEIGHT="53" WIDTH="95" VPOS="289" HPOS="724" CONTENT="se"/>
                  <SP HEIGHT="53" WIDTH="16" VPOS="289" HPOS="819"/>
                  <String HEIGHT="53"
                          WIDTH="206"
                          VPOS="289"
                          HPOS="771"
                          CONTENT="dicuntur,"/>
                  <SP HEIGHT="53" WIDTH="16" VPOS="289" HPOS="977"/>
                  <String HEIGHT="53" WIDTH="32" VPOS="289" HPOS="913" CONTENT=""/>
               </TextLine>
               <TextLine ID="r1l8"
                         BASELINE="384"
                         HEIGHT="50"
                         WIDTH="748"
                         VPOS="334"
                         HPOS="187">
                  <String HEIGHT="50" WIDTH="87" VPOS="334" HPOS="170" CONTENT="&amp;"/>
                  <SP HEIGHT="50" WIDTH="17" VPOS="334" HPOS="257"/>
                  <String HEIGHT="50" WIDTH="104" VPOS="334" HPOS="204" CONTENT="de"/>
                  <SP HEIGHT="50" WIDTH="17" VPOS="334" HPOS="309"/>
                  <String HEIGHT="50"
                          WIDTH="226"
                          VPOS="334"
                          HPOS="257"
                          CONTENT="singulis,"/>
                  <SP HEIGHT="50" WIDTH="17" VPOS="334" HPOS="483"/>
                  <String HEIGHT="50" WIDTH="87" VPOS="334" HPOS="431" CONTENT="&amp;"/>
                  <SP HEIGHT="50" WIDTH="17" VPOS="334" HPOS="518"/>
                  <String HEIGHT="50" WIDTH="104" VPOS="334" HPOS="465" CONTENT="de"/>
                  <SP HEIGHT="50" WIDTH="17" VPOS="334" HPOS="570"/>
                  <String HEIGHT="50"
                          WIDTH="191"
                          VPOS="334"
                          HPOS="518"
                          CONTENT="omnibus"/>
                  <SP HEIGHT="50" WIDTH="17" VPOS="334" HPOS="709"/>
                  <String HEIGHT="50"
                          WIDTH="261"
                          VPOS="334"
                          HPOS="657"
                          CONTENT="conniuniter"/>
                  <SP HEIGHT="50" WIDTH="17" VPOS="334" HPOS="918"/>
                  <String HEIGHT="50"
                          WIDTH="87"
                          VPOS="334"
                          HPOS="848"
                          CONTENT="di"
                          SUBS_TYPE="HypPart1"
                          SUBS_CONTENT="dicuntur"/>
                  <HYP CONTENT="-"/>
               </TextLine>
               <TextLine ID="r1l9"
                         BASELINE="451"
                         HEIGHT="70"
                         WIDTH="757"
                         VPOS="381"
                         HPOS="189">
                  <String HEIGHT="70"
                          WIDTH="172"
                          VPOS="381"
                          HPOS="172"
                          CONTENT="cuntur"
                          SUBS_TYPE="HypPart2"
                          SUBS_CONTENT="dicuntur"/>
                  <SP HEIGHT="70" WIDTH="17" VPOS="381" HPOS="344"/>
                  <String HEIGHT="70"
                          WIDTH="224"
                          VPOS="381"
                          HPOS="292"
                          CONTENT="Personis,"/>
                  <SP HEIGHT="70" WIDTH="17" VPOS="381" HPOS="516"/>
                  <String HEIGHT="70" WIDTH="86" VPOS="381" HPOS="464" CONTENT="&amp;"/>
                  <SP HEIGHT="70" WIDTH="17" VPOS="381" HPOS="550"/>
                  <String HEIGHT="70"
                          WIDTH="275"
                          VPOS="381"
                          HPOS="499"
                          CONTENT="singulariter"/>
                  <SP HEIGHT="70" WIDTH="17" VPOS="381" HPOS="774"/>
                  <String HEIGHT="70" WIDTH="120" VPOS="381" HPOS="722" CONTENT="non"/>
                  <SP HEIGHT="70" WIDTH="17" VPOS="381" HPOS="843"/>
                  <String HEIGHT="70"
                          WIDTH="172"
                          VPOS="381"
                          HPOS="774"
                          CONTENT="plurali"
                          SUBS_TYPE="HypPart1"
                          SUBS_CONTENT="pluraliter"/>
                  <HYP CONTENT="-"/>
               </TextLine>
               <TextLine ID="r1l10"
                         BASELINE="501"
                         HEIGHT="67"
                         WIDTH="467"
                         VPOS="434"
                         HPOS="176">
                  <String HEIGHT="67"
                          WIDTH="131"
                          VPOS="434"
                          HPOS="157"
                          CONTENT="ter"
                          SUBS_TYPE="HypPart2"
                          SUBS_CONTENT="pluraliter"/>
                  <SP HEIGHT="67" WIDTH="19" VPOS="434" HPOS="288"/>
                  <String HEIGHT="67" WIDTH="112" VPOS="434" HPOS="232" CONTENT="in"/>
                  <SP HEIGHT="67" WIDTH="19" VPOS="434" HPOS="344"/>
                  <String HEIGHT="67"
                          WIDTH="168"
                          VPOS="434"
                          HPOS="288"
                          CONTENT="summa"/>
                  <SP HEIGHT="67" WIDTH="19" VPOS="434" HPOS="456"/>
                  <String HEIGHT="67"
                          WIDTH="262"
                          VPOS="434"
                          HPOS="381"
                          CONTENT="accipiuntur."/>
               </TextLine>
               <TextLine ID="r1l11"
                         BASELINE="560"
                         HEIGHT="57"
                         WIDTH="753"
                         VPOS="503"
                         HPOS="186">
                  <String HEIGHT="57"
                          WIDTH="238"
                          VPOS="503"
                          HPOS="166"
                          CONTENT="SCIENDVM"/>
                  <SP HEIGHT="57" WIDTH="20" VPOS="503" HPOS="404"/>
                  <String HEIGHT="57" WIDTH="139" VPOS="503" HPOS="345" CONTENT="est"/>
                  <SP HEIGHT="57" WIDTH="20" VPOS="503" HPOS="483"/>
                  <String HEIGHT="57"
                          WIDTH="178"
                          VPOS="503"
                          HPOS="424"
                          CONTENT="ergo,"/>
                  <SP HEIGHT="57" WIDTH="20" VPOS="503" HPOS="602"/>
                  <String HEIGHT="57"
                          WIDTH="159"
                          VPOS="503"
                          HPOS="543"
                          CONTENT="quod"/>
                  <SP HEIGHT="57" WIDTH="20" VPOS="503" HPOS="701"/>
                  <String HEIGHT="57"
                          WIDTH="159"
                          VPOS="503"
                          HPOS="642"
                          CONTENT="illa"/>
                  <SP HEIGHT="57" WIDTH="20" VPOS="503" HPOS="800"/>
                  <String HEIGHT="57"
                          WIDTH="159"
                          VPOS="503"
                          HPOS="741"
                          CONTENT="quae"/>
                  <SP HEIGHT="57" WIDTH="20" VPOS="503" HPOS="899"/>
                  <String HEIGHT="57"
                          WIDTH="119"
                          VPOS="503"
                          HPOS="820"
                          CONTENT="pro"
                          SUBS_TYPE="HypPart1"
                          SUBS_CONTENT="proprie"/>
                  <HYP CONTENT="-"/>
               </TextLine>
               <TextLine ID="r1l12"
                         BASELINE="616"
                         HEIGHT="70"
                         WIDTH="794"
                         VPOS="546"
                         HPOS="137">
                  <String HEIGHT="70"
                          WIDTH="122"
                          VPOS="546"
                          HPOS="122"
                          CONTENT="prie"
                          SUBS_TYPE="HypPart2"
                          SUBS_CONTENT="proprie"/>
                  <SP HEIGHT="70" WIDTH="15" VPOS="546" HPOS="244"/>
                  <String HEIGHT="70" WIDTH="92" VPOS="546" HPOS="198" CONTENT="ad"/>
                  <SP HEIGHT="70" WIDTH="15" VPOS="546" HPOS="290"/>
                  <String HEIGHT="70"
                          WIDTH="183"
                          VPOS="546"
                          HPOS="244"
                          CONTENT="singulas"/>
                  <SP HEIGHT="70" WIDTH="15" VPOS="546" HPOS="427"/>
                  <String HEIGHT="70"
                          WIDTH="183"
                          VPOS="546"
                          HPOS="381"
                          CONTENT="Personas"/>
                  <SP HEIGHT="70" WIDTH="15" VPOS="546" HPOS="565"/>
                  <String HEIGHT="70"
                          WIDTH="214"
                          VPOS="546"
                          HPOS="519"
                          CONTENT="pertinent,"/>
                  <SP HEIGHT="70" WIDTH="15" VPOS="546" HPOS="733"/>
                  <String HEIGHT="70"
                          WIDTH="183"
                          VPOS="546"
                          HPOS="687"
                          CONTENT="relatiue"/>
                  <SP HEIGHT="70" WIDTH="15" VPOS="546" HPOS="870"/>
                  <String HEIGHT="70" WIDTH="92" VPOS="546" HPOS="824" CONTENT="ad"/>
                  <SP HEIGHT="70" WIDTH="15" VPOS="546" HPOS="916"/>
                  <String HEIGHT="70"
                          WIDTH="76"
                          VPOS="546"
                          HPOS="855"
                          CONTENT="in"
                          SUBS_TYPE="HypPart1"
                          SUBS_CONTENT="inuicem"/>
                  <HYP CONTENT="-"/>
               </TextLine>
               <TextLine ID="r1l13"
                         BASELINE="657"
                         HEIGHT="59"
                         WIDTH="797"
                         VPOS="598"
                         HPOS="139">
                  <String HEIGHT="59"
                          WIDTH="146"
                          VPOS="598"
                          HPOS="123"
                          CONTENT="uicem"
                          SUBS_TYPE="HypPart2"
                          SUBS_CONTENT="inuicem"/>
                  <SP HEIGHT="59" WIDTH="16" VPOS="598" HPOS="269"/>
                  <String HEIGHT="59"
                          WIDTH="211"
                          VPOS="598"
                          HPOS="220"
                          CONTENT="dicuntur:"/>
                  <SP HEIGHT="59" WIDTH="16" VPOS="598" HPOS="432"/>
                  <String HEIGHT="59"
                          WIDTH="146"
                          VPOS="598"
                          HPOS="383"
                          CONTENT="sicut"/>
                  <SP HEIGHT="59" WIDTH="16" VPOS="598" HPOS="529"/>
                  <String HEIGHT="59"
                          WIDTH="146"
                          VPOS="598"
                          HPOS="481"
                          CONTENT="Pater"/>
                  <SP HEIGHT="59" WIDTH="16" VPOS="598" HPOS="627"/>
                  <String HEIGHT="59" WIDTH="81" VPOS="598" HPOS="578" CONTENT="&amp;"/>
                  <SP HEIGHT="59" WIDTH="16" VPOS="598" HPOS="659"/>
                  <String HEIGHT="59"
                          WIDTH="179"
                          VPOS="598"
                          HPOS="611"
                          CONTENT="Filius,"/>
                  <SP HEIGHT="59" WIDTH="16" VPOS="598" HPOS="790"/>
                  <String HEIGHT="59" WIDTH="81" VPOS="598" HPOS="741" CONTENT="&amp;"/>
                  <SP HEIGHT="59" WIDTH="16" VPOS="598" HPOS="822"/>
                  <String HEIGHT="59"
                          WIDTH="179"
                          VPOS="598"
                          HPOS="757"
                          CONTENT="vtriusque"/>
               </TextLine>
               <TextLine ID="r1l14"
                         BASELINE="706"
                         HEIGHT="51"
                         WIDTH="799"
                         VPOS="655"
                         HPOS="142">
                  <String HEIGHT="51"
                          WIDTH="150"
                          VPOS="655"
                          HPOS="125"
                          CONTENT="donum"/>
                  <SP HEIGHT="51" WIDTH="17" VPOS="655" HPOS="275"/>
                  <String HEIGHT="51"
                          WIDTH="200"
                          VPOS="655"
                          HPOS="225"
                          CONTENT="Spiritus"/>
                  <SP HEIGHT="51" WIDTH="17" VPOS="655" HPOS="425"/>
                  <String HEIGHT="51"
                          WIDTH="200"
                          VPOS="655"
                          HPOS="375"
                          CONTENT="sanctus."/>
                  <SP HEIGHT="51" WIDTH="17" VPOS="655" HPOS="575"/>
                  <String HEIGHT="51" WIDTH="100" VPOS="655" HPOS="525" CONTENT="Ea"/>
                  <SP HEIGHT="51" WIDTH="17" VPOS="655" HPOS="625"/>
                  <String HEIGHT="51"
                          WIDTH="166"
                          VPOS="655"
                          HPOS="575"
                          CONTENT="Svero,"/>
                  <SP HEIGHT="51" WIDTH="17" VPOS="655" HPOS="741"/>
                  <String HEIGHT="51"
                          WIDTH="133"
                          VPOS="655"
                          HPOS="691"
                          CONTENT="quae"/>
                  <SP HEIGHT="51" WIDTH="17" VPOS="655" HPOS="824"/>
                  <String HEIGHT="51"
                          WIDTH="200"
                          VPOS="655"
                          HPOS="775"
                          CONTENT="vnitatem"/>
                  <SP HEIGHT="51" WIDTH="17" VPOS="655" HPOS="974"/>
                  <String HEIGHT="51" WIDTH="33" VPOS="655" HPOS="908" CONTENT=""/>
               </TextLine>
               <TextLine ID="r1l15"
                         BASELINE="750"
                         HEIGHT="57"
                         WIDTH="791"
                         VPOS="693"
                         HPOS="145">
                  <String HEIGHT="57"
                          WIDTH="206"
                          VPOS="693"
                          HPOS="129"
                          CONTENT="essentiae"/>
                  <SP HEIGHT="57" WIDTH="16" VPOS="693" HPOS="335"/>
                  <String HEIGHT="57"
                          WIDTH="237"
                          VPOS="693"
                          HPOS="287"
                          CONTENT="significant"/>
                  <SP HEIGHT="57" WIDTH="16" VPOS="693" HPOS="525"/>
                  <String HEIGHT="57" WIDTH="95" VPOS="693" HPOS="477" CONTENT="ad"/>
                  <SP HEIGHT="57" WIDTH="16" VPOS="693" HPOS="572"/>
                  <String HEIGHT="57" WIDTH="95" VPOS="693" HPOS="525" CONTENT="se"/>
                  <SP HEIGHT="57" WIDTH="16" VPOS="693" HPOS="620"/>
                  <String HEIGHT="57"
                          WIDTH="206"
                          VPOS="693"
                          HPOS="572"
                          CONTENT="dicuntur:"/>
                  <SP HEIGHT="57" WIDTH="16" VPOS="693" HPOS="778"/>
                  <String HEIGHT="57" WIDTH="79" VPOS="693" HPOS="730" CONTENT="&amp;"/>
                  <SP HEIGHT="57" WIDTH="16" VPOS="693" HPOS="809"/>
                  <String HEIGHT="57" WIDTH="95" VPOS="693" HPOS="762" CONTENT="ea"/>
                  <SP HEIGHT="57" WIDTH="16" VPOS="693" HPOS="857"/>
                  <String HEIGHT="57"
                          WIDTH="127"
                          VPOS="693"
                          HPOS="809"
                          CONTENT="quae"/>
                  <SP HEIGHT="57" WIDTH="16" VPOS="693" HPOS="936"/>
                  <String HEIGHT="57" WIDTH="63" VPOS="693" HPOS="873" CONTENT="ao"/>
               </TextLine>
               <TextLine ID="line_1612317763080_384"
                         BASELINE="803"
                         HEIGHT="64"
                         WIDTH="789"
                         VPOS="739"
                         HPOS="140">
                  <String HEIGHT="64" WIDTH="95" VPOS="739" HPOS="124" CONTENT="se"/>
                  <SP HEIGHT="64" WIDTH="16" VPOS="739" HPOS="219"/>
                  <String HEIGHT="64"
                          WIDTH="205"
                          VPOS="739"
                          HPOS="172"
                          CONTENT="dicuntur,"/>
                  <SP HEIGHT="64" WIDTH="16" VPOS="739" HPOS="377"/>
                  <String HEIGHT="64"
                          WIDTH="300"
                          VPOS="739"
                          HPOS="329"
                          CONTENT="substantialiter"/>
                  <SP HEIGHT="64" WIDTH="16" VPOS="739" HPOS="629"/>
                  <String HEIGHT="64"
                          WIDTH="158"
                          VPOS="739"
                          HPOS="582"
                          CONTENT="vtique"/>
                  <SP HEIGHT="64" WIDTH="16" VPOS="739" HPOS="740"/>
                  <String HEIGHT="64"
                          WIDTH="205"
                          VPOS="739"
                          HPOS="692"
                          CONTENT="dicuntur,"/>
                  <SP HEIGHT="64" WIDTH="16" VPOS="739" HPOS="897"/>
                  <String HEIGHT="64" WIDTH="79" VPOS="739" HPOS="850" CONTENT="&amp;"/>
                  <SP HEIGHT="64" WIDTH="16" VPOS="739" HPOS="929"/>
                  <String HEIGHT="64" WIDTH="63" VPOS="739" HPOS="866" CONTENT="di"/>
               </TextLine>
               <TextLine ID="r1l18"
                         BASELINE="847"
                         HEIGHT="51"
                         WIDTH="780"
                         VPOS="796"
                         HPOS="140">
                  <String HEIGHT="51"
                          WIDTH="175"
                          VPOS="796"
                          HPOS="124"
                          CONTENT="omnibus"/>
                  <SP HEIGHT="51" WIDTH="16" VPOS="796" HPOS="299"/>
                  <String HEIGHT="51"
                          WIDTH="239"
                          VPOS="796"
                          HPOS="251"
                          CONTENT="communiter,"/>
                  <SP HEIGHT="51" WIDTH="16" VPOS="796" HPOS="490"/>
                  <String HEIGHT="51" WIDTH="111" VPOS="796" HPOS="442" CONTENT="&amp;de"/>
                  <SP HEIGHT="51" WIDTH="16" VPOS="796" HPOS="554"/>
                  <String HEIGHT="51"
                          WIDTH="191"
                          VPOS="796"
                          HPOS="506"
                          CONTENT="singulis"/>
                  <SP HEIGHT="51" WIDTH="16" VPOS="796" HPOS="697"/>
                  <String HEIGHT="51"
                          WIDTH="223"
                          VPOS="796"
                          HPOS="649"
                          CONTENT="sigillatim"/>
                  <SP HEIGHT="51" WIDTH="16" VPOS="796" HPOS="872"/>
                  <String HEIGHT="51"
                          WIDTH="111"
                          VPOS="796"
                          HPOS="809"
                          CONTENT="dicun"/>
               </TextLine>
               <TextLine ID="r1l19"
                         BASELINE="901"
                         HEIGHT="63"
                         WIDTH="782"
                         VPOS="838"
                         HPOS="147">
                  <String HEIGHT="63" WIDTH="114" VPOS="838" HPOS="131" CONTENT="tur"/>
                  <SP HEIGHT="63" WIDTH="16" VPOS="838" HPOS="245"/>
                  <String HEIGHT="63"
                          WIDTH="212"
                          VPOS="838"
                          HPOS="196"
                          CONTENT="Personis:"/>
                  <SP HEIGHT="63" WIDTH="16" VPOS="838" HPOS="408"/>
                  <String HEIGHT="63" WIDTH="81" VPOS="838" HPOS="359" CONTENT="&amp;"/>
                  <SP HEIGHT="63" WIDTH="16" VPOS="838" HPOS="440"/>
                  <String HEIGHT="63"
                          WIDTH="261"
                          VPOS="838"
                          HPOS="391"
                          CONTENT="singulariter"/>
                  <SP HEIGHT="63" WIDTH="16" VPOS="838" HPOS="652"/>
                  <String HEIGHT="63" WIDTH="114" VPOS="838" HPOS="603" CONTENT="non"/>
                  <SP HEIGHT="63" WIDTH="16" VPOS="838" HPOS="717"/>
                  <String HEIGHT="63"
                          WIDTH="228"
                          VPOS="838"
                          HPOS="668"
                          CONTENT="pluraliter"/>
                  <SP HEIGHT="63" WIDTH="16" VPOS="838" HPOS="896"/>
                  <String HEIGHT="63" WIDTH="98" VPOS="838" HPOS="831" CONTENT="acci"/>
               </TextLine>
               <TextLine ID="r1l20"
                         BASELINE="950"
                         HEIGHT="60"
                         WIDTH="783"
                         VPOS="890"
                         HPOS="147">
                  <String HEIGHT="60"
                          WIDTH="172"
                          VPOS="890"
                          HPOS="131"
                          CONTENT="piuntur"/>
                  <SP HEIGHT="60" WIDTH="16" VPOS="890" HPOS="304"/>
                  <String HEIGHT="60" WIDTH="94" VPOS="890" HPOS="257" CONTENT="in"/>
                  <SP HEIGHT="60" WIDTH="16" VPOS="890" HPOS="351"/>
                  <String HEIGHT="60"
                          WIDTH="157"
                          VPOS="890"
                          HPOS="304"
                          CONTENT="summa,"/>
                  <SP HEIGHT="60" WIDTH="16" VPOS="890" HPOS="460"/>
                  <String HEIGHT="60" WIDTH="94" VPOS="890" HPOS="413" CONTENT="vt"/>
                  <SP HEIGHT="60" WIDTH="16" VPOS="890" HPOS="507"/>
                  <String HEIGHT="60"
                          WIDTH="125"
                          VPOS="890"
                          HPOS="460"
                          CONTENT="Deus"/>
                  <SP HEIGHT="60" WIDTH="16" VPOS="890" HPOS="585"/>
                  <String HEIGHT="60"
                          WIDTH="157"
                          VPOS="890"
                          HPOS="539"
                          CONTENT="bonus,"/>
                  <SP HEIGHT="60" WIDTH="16" VPOS="890" HPOS="695"/>
                  <String HEIGHT="60"
                          WIDTH="172"
                          VPOS="890"
                          HPOS="648"
                          CONTENT="potens,"/>
                  <SP HEIGHT="60" WIDTH="16" VPOS="890" HPOS="820"/>
                  <String HEIGHT="60"
                          WIDTH="172"
                          VPOS="890"
                          HPOS="773"
                          CONTENT="magnus,"/>
                  <SP HEIGHT="60" WIDTH="16" VPOS="890" HPOS="946"/>
                  <String HEIGHT="60" WIDTH="47" VPOS="890" HPOS="883" CONTENT="O"/>
               </TextLine>
               <TextLine ID="r1l21"
                         BASELINE="989"
                         HEIGHT="51"
                         WIDTH="781"
                         VPOS="938"
                         HPOS="140">
                  <String HEIGHT="51"
                          WIDTH="228"
                          VPOS="938"
                          HPOS="124"
                          CONTENT="huiusmodi."/>
                  <SP HEIGHT="51" WIDTH="16" VPOS="938" HPOS="352"/>
                  <String HEIGHT="51"
                          WIDTH="130"
                          VPOS="938"
                          HPOS="303"
                          CONTENT="Quae"/>
                  <SP HEIGHT="51" WIDTH="16" VPOS="938" HPOS="433"/>
                  <String HEIGHT="51"
                          WIDTH="146"
                          VPOS="938"
                          HPOS="384"
                          CONTENT="autem"/>
                  <SP HEIGHT="51" WIDTH="16" VPOS="938" HPOS="530"/>
                  <String HEIGHT="51"
                          WIDTH="195"
                          VPOS="938"
                          HPOS="482"
                          CONTENT="relatiue"/>
                  <SP HEIGHT="51" WIDTH="16" VPOS="938" HPOS="677"/>
                  <String HEIGHT="51"
                          WIDTH="212"
                          VPOS="938"
                          HPOS="628"
                          CONTENT="dicuntur,"/>
                  <SP HEIGHT="51" WIDTH="16" VPOS="938" HPOS="840"/>
                  <String HEIGHT="51"
                          WIDTH="146"
                          VPOS="938"
                          HPOS="775"
                          CONTENT="substan"/>
               </TextLine>
               <TextLine ID="r1l22"
                         BASELINE="1043"
                         HEIGHT="55"
                         WIDTH="790"
                         VPOS="988"
                         HPOS="139">
                  <String HEIGHT="55"
                          WIDTH="182"
                          VPOS="988"
                          HPOS="124"
                          CONTENT="tialiter"/>
                  <SP HEIGHT="55" WIDTH="15" VPOS="988" HPOS="306"/>
                  <String HEIGHT="55" WIDTH="106" VPOS="988" HPOS="261" CONTENT="non"/>
                  <SP HEIGHT="55" WIDTH="15" VPOS="988" HPOS="367"/>
                  <String HEIGHT="55"
                          WIDTH="198"
                          VPOS="988"
                          HPOS="321"
                          CONTENT="dicuntur."/>
                  <SP HEIGHT="55" WIDTH="15" VPOS="988" HPOS="519"/>
                  <String HEIGHT="55"
                          WIDTH="122"
                          VPOS="988"
                          HPOS="473"
                          CONTENT="vnde"/>
                  <SP HEIGHT="55" WIDTH="15" VPOS="988" HPOS="595"/>
                  <String HEIGHT="55"
                          WIDTH="213"
                          VPOS="988"
                          HPOS="549"
                          CONTENT="Augustinus"/>
                  <SP HEIGHT="55" WIDTH="15" VPOS="988" HPOS="762"/>
                  <String HEIGHT="55" WIDTH="91" VPOS="988" HPOS="716" CONTENT="in"/>
                  <SP HEIGHT="55" WIDTH="15" VPOS="988" HPOS="807"/>
                  <String HEIGHT="55" WIDTH="91" VPOS="988" HPOS="762" CONTENT="v."/>
                  <SP HEIGHT="55" WIDTH="15" VPOS="988" HPOS="853"/>
                  <String HEIGHT="55"
                          WIDTH="137"
                          VPOS="988"
                          HPOS="807"
                          CONTENT="libro"/>
                  <SP HEIGHT="55" WIDTH="15" VPOS="988" HPOS="944"/>
                  <String HEIGHT="55" WIDTH="46" VPOS="988" HPOS="883" CONTENT="d"/>
               </TextLine>
               <TextLine ID="r1l23"
                         BASELINE="1091"
                         HEIGHT="63"
                         WIDTH="783"
                         VPOS="1028"
                         HPOS="141">
                  <String HEIGHT="63"
                          WIDTH="207"
                          VPOS="1028"
                          HPOS="126"
                          CONTENT="Trinitate,"/>
                  <SP HEIGHT="63" WIDTH="15" VPOS="1028" HPOS="333"/>
                  <String HEIGHT="63"
                          WIDTH="118"
                          VPOS="1028"
                          HPOS="289"
                          CONTENT="ait."/>
                  <SP HEIGHT="63" WIDTH="15" VPOS="1028" HPOS="407"/>
                  <String HEIGHT="63" WIDTH="74" VPOS="1028" HPOS="363" CONTENT="e"/>
                  <SP HEIGHT="63" WIDTH="15" VPOS="1028" HPOS="436"/>
                  <String HEIGHT="63"
                          WIDTH="177"
                          VPOS="1028"
                          HPOS="392"
                          CONTENT="Quicquid"/>
                  <SP HEIGHT="63" WIDTH="15" VPOS="1028" HPOS="569"/>
                  <String HEIGHT="63" WIDTH="89" VPOS="1028" HPOS="525" CONTENT="ad"/>
                  <SP HEIGHT="63" WIDTH="15" VPOS="1028" HPOS="614"/>
                  <String HEIGHT="63" WIDTH="89" VPOS="1028" HPOS="569" CONTENT="se"/>
                  <SP HEIGHT="63" WIDTH="15" VPOS="1028" HPOS="658"/>
                  <String HEIGHT="63"
                          WIDTH="177"
                          VPOS="1028"
                          HPOS="614"
                          CONTENT="dicitur,"/>
                  <SP HEIGHT="63" WIDTH="15" VPOS="1028" HPOS="791"/>
                  <String HEIGHT="63"
                          WIDTH="192"
                          VPOS="1028"
                          HPOS="732"
                          CONTENT="praestantis"/>
               </TextLine>
               <TextLine ID="r1l24"
                         BASELINE="1139"
                         HEIGHT="54"
                         WIDTH="787"
                         VPOS="1085"
                         HPOS="139">
                  <String HEIGHT="54"
                          WIDTH="119"
                          VPOS="1085"
                          HPOS="124"
                          CONTENT="sima"/>
                  <SP HEIGHT="54" WIDTH="15" VPOS="1085" HPOS="243"/>
                  <String HEIGHT="54"
                          WIDTH="119"
                          VPOS="1085"
                          HPOS="198"
                          CONTENT="illa"/>
                  <SP HEIGHT="54" WIDTH="15" VPOS="1085" HPOS="317"/>
                  <String HEIGHT="54" WIDTH="74" VPOS="1085" HPOS="273" CONTENT="&amp;"/>
                  <SP HEIGHT="54" WIDTH="15" VPOS="1085" HPOS="347"/>
                  <String HEIGHT="54"
                          WIDTH="148"
                          VPOS="1085"
                          HPOS="302"
                          CONTENT="diuina"/>
                  <SP HEIGHT="54" WIDTH="15" VPOS="1085" HPOS="451"/>
                  <String HEIGHT="54"
                          WIDTH="208"
                          VPOS="1085"
                          HPOS="406"
                          CONTENT="sublimitas"/>
                  <SP HEIGHT="54" WIDTH="15" VPOS="1085" HPOS="614"/>
                  <String HEIGHT="54"
                          WIDTH="282"
                          VPOS="1085"
                          HPOS="570"
                          CONTENT="substantialiter"/>
                  <SP HEIGHT="54" WIDTH="15" VPOS="1085" HPOS="852"/>
                  <String HEIGHT="54"
                          WIDTH="134"
                          VPOS="1085"
                          HPOS="792"
                          CONTENT="dicitu"
                          SUBS_TYPE="HypPart1"
                          SUBS_CONTENT="dicituQuod"/>
                  <HYP CONTENT="-"/>
               </TextLine>
               <TextLine ID="r1l25"
                         BASELINE="1193"
                         HEIGHT="65"
                         WIDTH="786"
                         VPOS="1128"
                         HPOS="144">
                  <String HEIGHT="65"
                          WIDTH="128"
                          VPOS="1128"
                          HPOS="128"
                          CONTENT="Quod"
                          SUBS_TYPE="HypPart2"
                          SUBS_CONTENT="dicituQuod"/>
                  <SP HEIGHT="65" WIDTH="16" VPOS="1128" HPOS="256"/>
                  <String HEIGHT="65"
                          WIDTH="144"
                          VPOS="1128"
                          HPOS="208"
                          CONTENT="autem"/>
                  <SP HEIGHT="65" WIDTH="16" VPOS="1128" HPOS="353"/>
                  <String HEIGHT="65" WIDTH="96" VPOS="1128" HPOS="304" CONTENT="ad"/>
                  <SP HEIGHT="65" WIDTH="16" VPOS="1128" HPOS="401"/>
                  <String HEIGHT="65"
                          WIDTH="176"
                          VPOS="1128"
                          HPOS="353"
                          CONTENT="aliquid"/>
                  <SP HEIGHT="65" WIDTH="16" VPOS="1128" HPOS="529"/>
                  <String HEIGHT="65"
                          WIDTH="192"
                          VPOS="1128"
                          HPOS="481"
                          CONTENT="dicitur,"/>
                  <SP HEIGHT="65" WIDTH="16" VPOS="1128" HPOS="673"/>
                  <String HEIGHT="65"
                          WIDTH="112"
                          VPOS="1128"
                          HPOS="625"
                          CONTENT="non"/>
                  <SP HEIGHT="65" WIDTH="16" VPOS="1128" HPOS="738"/>
                  <String HEIGHT="65"
                          WIDTH="257"
                          VPOS="1128"
                          HPOS="673"
                          CONTENT="substantialite"/>
               </TextLine>
               <TextLine ID="r1l26"
                         BASELINE="1233"
                         HEIGHT="51"
                         WIDTH="801"
                         VPOS="1182"
                         HPOS="140">
                  <String HEIGHT="51"
                          WIDTH="200"
                          VPOS="1182"
                          HPOS="123"
                          CONTENT="dicitur,"/>
                  <SP HEIGHT="51" WIDTH="17" VPOS="1182" HPOS="324"/>
                  <String HEIGHT="51"
                          WIDTH="117"
                          VPOS="1182"
                          HPOS="274"
                          CONTENT="sed"/>
                  <SP HEIGHT="51" WIDTH="17" VPOS="1182" HPOS="390"/>
                  <String HEIGHT="51"
                          WIDTH="217"
                          VPOS="1182"
                          HPOS="340"
                          CONTENT="relatiue,"/>
                  <SP HEIGHT="51" WIDTH="17" VPOS="1182" HPOS="557"/>
                  <String HEIGHT="51"
                          WIDTH="200"
                          VPOS="1182"
                          HPOS="507"
                          CONTENT="Tantaque"/>
                  <SP HEIGHT="51" WIDTH="17" VPOS="1182" HPOS="707"/>
                  <String HEIGHT="51"
                          WIDTH="117"
                          VPOS="1182"
                          HPOS="657"
                          CONTENT="est"/>
                  <SP HEIGHT="51" WIDTH="17" VPOS="1182" HPOS="774"/>
                  <String HEIGHT="51"
                          WIDTH="117"
                          VPOS="1182"
                          HPOS="724"
                          CONTENT="vis"/>
                  <SP HEIGHT="51" WIDTH="17" VPOS="1182" HPOS="841"/>
                  <String HEIGHT="51"
                          WIDTH="184"
                          VPOS="1182"
                          HPOS="791"
                          CONTENT="eiusdem"/>
                  <SP HEIGHT="51" WIDTH="17" VPOS="1182" HPOS="974"/>
                  <String HEIGHT="51" WIDTH="33" VPOS="1182" HPOS="908" CONTENT=""/>
               </TextLine>
               <TextLine ID="r1l27"
                         BASELINE="1286"
                         HEIGHT="64"
                         WIDTH="808"
                         VPOS="1222"
                         HPOS="136">
                  <String HEIGHT="64"
                          WIDTH="238"
                          VPOS="1222"
                          HPOS="120"
                          CONTENT="substantiae"/>
                  <SP HEIGHT="64" WIDTH="16" VPOS="1222" HPOS="358"/>
                  <String HEIGHT="64" WIDTH="95" VPOS="1222" HPOS="310" CONTENT="in"/>
                  <SP HEIGHT="64" WIDTH="16" VPOS="1222" HPOS="405"/>
                  <String HEIGHT="64"
                          WIDTH="158"
                          VPOS="1222"
                          HPOS="358"
                          CONTENT="Patre,"/>
                  <SP HEIGHT="64" WIDTH="16" VPOS="1222" HPOS="516"/>
                  <String HEIGHT="64" WIDTH="79" VPOS="1222" HPOS="469" CONTENT="&amp;"/>
                  <SP HEIGHT="64" WIDTH="16" VPOS="1222" HPOS="548"/>
                  <String HEIGHT="64"
                          WIDTH="158"
                          VPOS="1222"
                          HPOS="500"
                          CONTENT="Filio,"/>
                  <SP HEIGHT="64" WIDTH="16" VPOS="1222" HPOS="659"/>
                  <String HEIGHT="64" WIDTH="79" VPOS="1222" HPOS="611" CONTENT="&amp;"/>
                  <SP HEIGHT="64" WIDTH="16" VPOS="1222" HPOS="691"/>
                  <String HEIGHT="64"
                          WIDTH="174"
                          VPOS="1222"
                          HPOS="643"
                          CONTENT="Spiritu"/>
                  <SP HEIGHT="64" WIDTH="16" VPOS="1222" HPOS="817"/>
                  <String HEIGHT="64"
                          WIDTH="174"
                          VPOS="1222"
                          HPOS="770"
                          CONTENT="sancto,"/>
                  <SP HEIGHT="64" WIDTH="16" VPOS="1222" HPOS="944"/>
                  <String HEIGHT="64" WIDTH="63" VPOS="1222" HPOS="881" CONTENT="vt"/>
               </TextLine>
               <TextLine ID="r1l28"
                         BASELINE="1337"
                         HEIGHT="58"
                         WIDTH="795"
                         VPOS="1279"
                         HPOS="145">
                  <String HEIGHT="58"
                          WIDTH="180"
                          VPOS="1279"
                          HPOS="130"
                          CONTENT="quicquid"/>
                  <SP HEIGHT="58" WIDTH="15" VPOS="1279" HPOS="310"/>
                  <String HEIGHT="58" WIDTH="90" VPOS="1279" HPOS="265" CONTENT="de"/>
                  <SP HEIGHT="58" WIDTH="15" VPOS="1279" HPOS="355"/>
                  <String HEIGHT="58"
                          WIDTH="180"
                          VPOS="1279"
                          HPOS="310"
                          CONTENT="singulis"/>
                  <SP HEIGHT="58" WIDTH="15" VPOS="1279" HPOS="490"/>
                  <String HEIGHT="58" WIDTH="90" VPOS="1279" HPOS="445" CONTENT="ad"/>
                  <SP HEIGHT="58" WIDTH="15" VPOS="1279" HPOS="535"/>
                  <String HEIGHT="58"
                          WIDTH="165"
                          VPOS="1279"
                          HPOS="490"
                          CONTENT="seipsos"/>
                  <SP HEIGHT="58" WIDTH="15" VPOS="1279" HPOS="655"/>
                  <String HEIGHT="58"
                          WIDTH="180"
                          VPOS="1279"
                          HPOS="610"
                          CONTENT="dicitur,"/>
                  <SP HEIGHT="58" WIDTH="15" VPOS="1279" HPOS="790"/>
                  <String HEIGHT="58"
                          WIDTH="105"
                          VPOS="1279"
                          HPOS="745"
                          CONTENT="non"/>
                  <SP HEIGHT="58" WIDTH="15" VPOS="1279" HPOS="850"/>
                  <String HEIGHT="58"
                          WIDTH="150"
                          VPOS="1279"
                          HPOS="790"
                          CONTENT="plurali"
                          SUBS_TYPE="HypPart1"
                          SUBS_CONTENT="pluraliter"/>
                  <HYP CONTENT="-"/>
               </TextLine>
               <TextLine ID="r1l29"
                         BASELINE="1384"
                         HEIGHT="49"
                         WIDTH="803"
                         VPOS="1335"
                         HPOS="136">
                  <String HEIGHT="49"
                          WIDTH="112"
                          VPOS="1335"
                          HPOS="120"
                          CONTENT="ter"
                          SUBS_TYPE="HypPart2"
                          SUBS_CONTENT="pluraliter"/>
                  <SP HEIGHT="49" WIDTH="16" VPOS="1335" HPOS="232"/>
                  <String HEIGHT="49" WIDTH="96" VPOS="1335" HPOS="184" CONTENT="in"/>
                  <SP HEIGHT="49" WIDTH="16" VPOS="1335" HPOS="281"/>
                  <String HEIGHT="49"
                          WIDTH="161"
                          VPOS="1335"
                          HPOS="232"
                          CONTENT="summa,"/>
                  <SP HEIGHT="49" WIDTH="16" VPOS="1335" HPOS="393"/>
                  <String HEIGHT="49"
                          WIDTH="112"
                          VPOS="1335"
                          HPOS="345"
                          CONTENT="sed"/>
                  <SP HEIGHT="49" WIDTH="16" VPOS="1335" HPOS="457"/>
                  <String HEIGHT="49"
                          WIDTH="257"
                          VPOS="1335"
                          HPOS="409"
                          CONTENT="singulariter"/>
                  <SP HEIGHT="49" WIDTH="16" VPOS="1335" HPOS="666"/>
                  <String HEIGHT="49"
                          WIDTH="241"
                          VPOS="1335"
                          HPOS="618"
                          CONTENT="accipiatur."/>
                  <SP HEIGHT="49" WIDTH="16" VPOS="1335" HPOS="859"/>
                  <String HEIGHT="49"
                          WIDTH="145"
                          VPOS="1335"
                          HPOS="794"
                          CONTENT="Dicimu"
                          SUBS_TYPE="HypPart1"
                          SUBS_CONTENT="Dicimuenim"/>
                  <HYP CONTENT="-"/>
               </TextLine>
               <TextLine ID="r1l30"
                         BASELINE="1437"
                         HEIGHT="64"
                         WIDTH="810"
                         VPOS="1373"
                         HPOS="136">
                  <String HEIGHT="64"
                          WIDTH="130"
                          VPOS="1373"
                          HPOS="120"
                          CONTENT="enim"
                          SUBS_TYPE="HypPart2"
                          SUBS_CONTENT="Dicimuenim"/>
                  <SP HEIGHT="64" WIDTH="16" VPOS="1373" HPOS="249"/>
                  <String HEIGHT="64"
                          WIDTH="146"
                          VPOS="1373"
                          HPOS="201"
                          CONTENT="Pater"/>
                  <SP HEIGHT="64" WIDTH="16" VPOS="1373" HPOS="347"/>
                  <String HEIGHT="64"
                          WIDTH="113"
                          VPOS="1373"
                          HPOS="298"
                          CONTENT="est"/>
                  <SP HEIGHT="64" WIDTH="16" VPOS="1373" HPOS="411"/>
                  <String HEIGHT="64"
                          WIDTH="146"
                          VPOS="1373"
                          HPOS="363"
                          CONTENT="Deus,"/>
                  <SP HEIGHT="64" WIDTH="16" VPOS="1373" HPOS="509"/>
                  <String HEIGHT="64" WIDTH="81" VPOS="1373" HPOS="460" CONTENT="&amp;"/>
                  <SP HEIGHT="64" WIDTH="16" VPOS="1373" HPOS="541"/>
                  <String HEIGHT="64"
                          WIDTH="162"
                          VPOS="1373"
                          HPOS="492"
                          CONTENT="Filius"/>
                  <SP HEIGHT="64" WIDTH="16" VPOS="1373" HPOS="654"/>
                  <String HEIGHT="64"
                          WIDTH="113"
                          VPOS="1373"
                          HPOS="606"
                          CONTENT="est"/>
                  <SP HEIGHT="64" WIDTH="16" VPOS="1373" HPOS="719"/>
                  <String HEIGHT="64"
                          WIDTH="146"
                          VPOS="1373"
                          HPOS="671"
                          CONTENT="Deus,"/>
                  <SP HEIGHT="64" WIDTH="16" VPOS="1373" HPOS="816"/>
                  <String HEIGHT="64" WIDTH="81" VPOS="1373" HPOS="768" CONTENT="&amp;"/>
                  <SP HEIGHT="64" WIDTH="16" VPOS="1373" HPOS="849"/>
                  <String HEIGHT="64"
                          WIDTH="162"
                          VPOS="1373"
                          HPOS="784"
                          CONTENT="Spiritus"/>
               </TextLine>
               <TextLine ID="r1l31"
                         BASELINE="1479"
                         HEIGHT="59"
                         WIDTH="806"
                         VPOS="1420"
                         HPOS="144">
                  <String HEIGHT="59"
                          WIDTH="185"
                          VPOS="1420"
                          HPOS="127"
                          CONTENT="sanctus"/>
                  <SP HEIGHT="59" WIDTH="17" VPOS="1420" HPOS="312"/>
                  <String HEIGHT="59"
                          WIDTH="118"
                          VPOS="1420"
                          HPOS="262"
                          CONTENT="est"/>
                  <SP HEIGHT="59" WIDTH="17" VPOS="1420" HPOS="379"/>
                  <String HEIGHT="59"
                          WIDTH="151"
                          VPOS="1420"
                          HPOS="329"
                          CONTENT="Deus:"/>
                  <SP HEIGHT="59" WIDTH="17" VPOS="1420" HPOS="480"/>
                  <String HEIGHT="59"
                          WIDTH="134"
                          VPOS="1420"
                          HPOS="429"
                          CONTENT="quod"/>
                  <SP HEIGHT="59" WIDTH="17" VPOS="1420" HPOS="564"/>
                  <String HEIGHT="59"
                          WIDTH="202"
                          VPOS="1420"
                          HPOS="513"
                          CONTENT="secundum"/>
                  <SP HEIGHT="59" WIDTH="17" VPOS="1420" HPOS="715"/>
                  <String HEIGHT="59"
                          WIDTH="252"
                          VPOS="1420"
                          HPOS="665"
                          CONTENT="substantiam"/>
                  <SP HEIGHT="59" WIDTH="17" VPOS="1420" HPOS="916"/>
                  <String HEIGHT="59"
                          WIDTH="101"
                          VPOS="1420"
                          HPOS="849"
                          CONTENT="dici"/>
               </TextLine>
               <TextLine ID="r1l32"
                         BASELINE="1529"
                         HEIGHT="64"
                         WIDTH="812"
                         VPOS="1465"
                         HPOS="136">
                  <String HEIGHT="64"
                          WIDTH="135"
                          VPOS="1465"
                          HPOS="119"
                          CONTENT="nemo"/>
                  <SP HEIGHT="64" WIDTH="17" VPOS="1465" HPOS="254"/>
                  <String HEIGHT="64"
                          WIDTH="203"
                          VPOS="1465"
                          HPOS="204"
                          CONTENT="dubitat."/>
                  <SP HEIGHT="64" WIDTH="17" VPOS="1465" HPOS="407"/>
                  <String HEIGHT="64"
                          WIDTH="118"
                          VPOS="1465"
                          HPOS="356"
                          CONTENT="Non"/>
                  <SP HEIGHT="64" WIDTH="17" VPOS="1465" HPOS="474"/>
                  <String HEIGHT="64"
                          WIDTH="152"
                          VPOS="1465"
                          HPOS="424"
                          CONTENT="tamen"/>
                  <SP HEIGHT="64" WIDTH="17" VPOS="1465" HPOS="576"/>
                  <String HEIGHT="64"
                          WIDTH="186"
                          VPOS="1465"
                          HPOS="525"
                          CONTENT="dicimus"/>
                  <SP HEIGHT="64" WIDTH="17" VPOS="1465" HPOS="711"/>
                  <String HEIGHT="64"
                          WIDTH="135"
                          VPOS="1465"
                          HPOS="660"
                          CONTENT="hanc"/>
                  <SP HEIGHT="64" WIDTH="17" VPOS="1465" HPOS="796"/>
                  <String HEIGHT="64"
                          WIDTH="237"
                          VPOS="1465"
                          HPOS="745"
                          CONTENT="Trinitatem"/>
                  <SP HEIGHT="64" WIDTH="17" VPOS="1465" HPOS="982"/>
                  <String HEIGHT="64" WIDTH="34" VPOS="1465" HPOS="914" CONTENT=""/>
               </TextLine>
               <TextLine ID="r1l33"
                         BASELINE="1582"
                         HEIGHT="54"
                         WIDTH="796"
                         VPOS="1528"
                         HPOS="140">
                  <String HEIGHT="54"
                          WIDTH="125"
                          VPOS="1528"
                          HPOS="124"
                          CONTENT="esse"/>
                  <SP HEIGHT="54" WIDTH="16" VPOS="1528" HPOS="249"/>
                  <String HEIGHT="54"
                          WIDTH="125"
                          VPOS="1528"
                          HPOS="202"
                          CONTENT="tres"/>
                  <SP HEIGHT="54" WIDTH="16" VPOS="1528" HPOS="327"/>
                  <String HEIGHT="54"
                          WIDTH="140"
                          VPOS="1528"
                          HPOS="280"
                          CONTENT="Deus,"/>
                  <SP HEIGHT="54" WIDTH="16" VPOS="1528" HPOS="421"/>
                  <String HEIGHT="54"
                          WIDTH="109"
                          VPOS="1528"
                          HPOS="374"
                          CONTENT="sed"/>
                  <SP HEIGHT="54" WIDTH="16" VPOS="1528" HPOS="483"/>
                  <String HEIGHT="54"
                          WIDTH="125"
                          VPOS="1528"
                          HPOS="437"
                          CONTENT="vnum"/>
                  <SP HEIGHT="54" WIDTH="16" VPOS="1528" HPOS="561"/>
                  <String HEIGHT="54"
                          WIDTH="125"
                          VPOS="1528"
                          HPOS="515"
                          CONTENT="Deu:"/>
                  <SP HEIGHT="54" WIDTH="16" VPOS="1528" HPOS="639"/>
                  <String HEIGHT="54"
                          WIDTH="109"
                          VPOS="1528"
                          HPOS="593"
                          CONTENT="ita"/>
                  <SP HEIGHT="54" WIDTH="16" VPOS="1528" HPOS="702"/>
                  <String HEIGHT="54"
                          WIDTH="172"
                          VPOS="1528"
                          HPOS="655"
                          CONTENT="dicitur"/>
                  <SP HEIGHT="54" WIDTH="16" VPOS="1528" HPOS="827"/>
                  <String HEIGHT="54"
                          WIDTH="140"
                          VPOS="1528"
                          HPOS="780"
                          CONTENT="Pater"/>
                  <SP HEIGHT="54" WIDTH="16" VPOS="1528" HPOS="920"/>
                  <String HEIGHT="54"
                          WIDTH="78"
                          VPOS="1528"
                          HPOS="858"
                          CONTENT="ma"
                          SUBS_TYPE="HypPart1"
                          SUBS_CONTENT="magnus,"/>
                  <HYP CONTENT="-"/>
               </TextLine>
               <TextLine ID="r1l34"
                         BASELINE="1634"
                         HEIGHT="72"
                         WIDTH="802"
                         VPOS="1562"
                         HPOS="144">
                  <String HEIGHT="72"
                          WIDTH="142"
                          VPOS="1562"
                          HPOS="128"
                          CONTENT="gnus,"
                          SUBS_TYPE="HypPart2"
                          SUBS_CONTENT="magnus,"/>
                  <SP HEIGHT="72" WIDTH="16" VPOS="1562" HPOS="270"/>
                  <String HEIGHT="72"
                          WIDTH="157"
                          VPOS="1562"
                          HPOS="223"
                          CONTENT="Filius"/>
                  <SP HEIGHT="72" WIDTH="16" VPOS="1562" HPOS="380"/>
                  <String HEIGHT="72"
                          WIDTH="173"
                          VPOS="1562"
                          HPOS="333"
                          CONTENT="magnus,"/>
                  <SP HEIGHT="72" WIDTH="16" VPOS="1562" HPOS="506"/>
                  <String HEIGHT="72" WIDTH="79" VPOS="1562" HPOS="459" CONTENT="&amp;"/>
                  <SP HEIGHT="72" WIDTH="16" VPOS="1562" HPOS="537"/>
                  <String HEIGHT="72"
                          WIDTH="189"
                          VPOS="1562"
                          HPOS="490"
                          CONTENT="Spiritus"/>
                  <SP HEIGHT="72" WIDTH="16" VPOS="1562" HPOS="679"/>
                  <String HEIGHT="72"
                          WIDTH="173"
                          VPOS="1562"
                          HPOS="631"
                          CONTENT="sanctus"/>
                  <SP HEIGHT="72" WIDTH="16" VPOS="1562" HPOS="804"/>
                  <String HEIGHT="72"
                          WIDTH="173"
                          VPOS="1562"
                          HPOS="757"
                          CONTENT="magnus:"/>
                  <SP HEIGHT="72" WIDTH="16" VPOS="1562" HPOS="930"/>
                  <String HEIGHT="72" WIDTH="79" VPOS="1562" HPOS="867" CONTENT="non"/>
               </TextLine>
               <TextLine ID="r1l35"
                         BASELINE="1682"
                         HEIGHT="60"
                         WIDTH="783"
                         VPOS="1622"
                         HPOS="143">
                  <String HEIGHT="60"
                          WIDTH="144"
                          VPOS="1622"
                          HPOS="127"
                          CONTENT="tamen"/>
                  <SP HEIGHT="60" WIDTH="16" VPOS="1622" HPOS="271"/>
                  <String HEIGHT="60"
                          WIDTH="128"
                          VPOS="1622"
                          HPOS="223"
                          CONTENT="tres"/>
                  <SP HEIGHT="60" WIDTH="16" VPOS="1622" HPOS="351"/>
                  <String HEIGHT="60"
                          WIDTH="160"
                          VPOS="1622"
                          HPOS="303"
                          CONTENT="magnt,"/>
                  <SP HEIGHT="60" WIDTH="16" VPOS="1622" HPOS="463"/>
                  <String HEIGHT="60"
                          WIDTH="112"
                          VPOS="1622"
                          HPOS="415"
                          CONTENT="sed"/>
                  <SP HEIGHT="60" WIDTH="16" VPOS="1622" HPOS="527"/>
                  <String HEIGHT="60"
                          WIDTH="128"
                          VPOS="1622"
                          HPOS="479"
                          CONTENT="unus"/>
                  <SP HEIGHT="60" WIDTH="16" VPOS="1622" HPOS="606"/>
                  <String HEIGHT="60"
                          WIDTH="176"
                          VPOS="1622"
                          HPOS="558"
                          CONTENT="magnus."/>
                  <SP HEIGHT="60" WIDTH="16" VPOS="1622" HPOS="734"/>
                  <String HEIGHT="60"
                          WIDTH="112"
                          VPOS="1622"
                          HPOS="686"
                          CONTENT="Ita"/>
                  <SP HEIGHT="60" WIDTH="16" VPOS="1622" HPOS="798"/>
                  <String HEIGHT="60"
                          WIDTH="144"
                          VPOS="1622"
                          HPOS="750"
                          CONTENT="etiam"/>
                  <SP HEIGHT="60" WIDTH="16" VPOS="1622" HPOS="894"/>
                  <String HEIGHT="60"
                          WIDTH="96"
                          VPOS="1622"
                          HPOS="830"
                          CONTENT="omni"/>
               </TextLine>
               <TextLine ID="r1l36"
                         BASELINE="1721"
                         HEIGHT="55"
                         WIDTH="789"
                         VPOS="1666"
                         HPOS="143">
                  <String HEIGHT="55"
                          WIDTH="161"
                          VPOS="1666"
                          HPOS="127"
                          CONTENT="potens"/>
                  <SP HEIGHT="55" WIDTH="16" VPOS="1666" HPOS="288"/>
                  <String HEIGHT="55"
                          WIDTH="161"
                          VPOS="1666"
                          HPOS="240"
                          CONTENT="Pater,"/>
                  <SP HEIGHT="55" WIDTH="16" VPOS="1666" HPOS="401"/>
                  <String HEIGHT="55"
                          WIDTH="225"
                          VPOS="1666"
                          HPOS="352"
                          CONTENT="omnipotens"/>
                  <SP HEIGHT="55" WIDTH="16" VPOS="1666" HPOS="578"/>
                  <String HEIGHT="55"
                          WIDTH="177"
                          VPOS="1666"
                          HPOS="529"
                          CONTENT="Filius,"/>
                  <SP HEIGHT="55" WIDTH="16" VPOS="1666" HPOS="707"/>
                  <String HEIGHT="55"
                          WIDTH="225"
                          VPOS="1666"
                          HPOS="658"
                          CONTENT="omnipotens"/>
                  <SP HEIGHT="55" WIDTH="16" VPOS="1666" HPOS="884"/>
                  <String HEIGHT="55"
                          WIDTH="113"
                          VPOS="1666"
                          HPOS="819"
                          CONTENT="Spiri"/>
               </TextLine>
               <TextLine ID="r1l37"
                         BASELINE="1786"
                         HEIGHT="76"
                         WIDTH="799"
                         VPOS="1710"
                         HPOS="147">
                  <String HEIGHT="76"
                          WIDTH="112"
                          VPOS="1710"
                          HPOS="131"
                          CONTENT="tus"/>
                  <SP HEIGHT="76" WIDTH="16" VPOS="1710" HPOS="243"/>
                  <String HEIGHT="76"
                          WIDTH="192"
                          VPOS="1710"
                          HPOS="195"
                          CONTENT="sanctus:"/>
                  <SP HEIGHT="76" WIDTH="16" VPOS="1710" HPOS="387"/>
                  <String HEIGHT="76"
                          WIDTH="112"
                          VPOS="1710"
                          HPOS="339"
                          CONTENT="non"/>
                  <SP HEIGHT="76" WIDTH="16" VPOS="1710" HPOS="451"/>
                  <String HEIGHT="76"
                          WIDTH="144"
                          VPOS="1710"
                          HPOS="403"
                          CONTENT="tamen"/>
                  <SP HEIGHT="76" WIDTH="16" VPOS="1710" HPOS="547"/>
                  <String HEIGHT="76"
                          WIDTH="128"
                          VPOS="1710"
                          HPOS="499"
                          CONTENT="tres"/>
                  <SP HEIGHT="76" WIDTH="16" VPOS="1710" HPOS="626"/>
                  <String HEIGHT="76"
                          WIDTH="272"
                          VPOS="1710"
                          HPOS="578"
                          CONTENT="omnipotentes,"/>
                  <SP HEIGHT="76" WIDTH="16" VPOS="1710" HPOS="850"/>
                  <String HEIGHT="76"
                          WIDTH="112"
                          VPOS="1710"
                          HPOS="802"
                          CONTENT="sed"/>
                  <SP HEIGHT="76" WIDTH="16" VPOS="1710" HPOS="914"/>
                  <String HEIGHT="76"
                          WIDTH="96"
                          VPOS="1710"
                          HPOS="850"
                          CONTENT="unus"/>
               </TextLine>
            </TextBlock>
         </PrintSpace>
      </Page>
   </Layout>
</alto>
