1301 2041
315 102 111 74 tia
379 102 239 74 diuinitatis
570 102 175 74 vsitati
697 102 175 74 eloquij
824 102 223 74 facultatem
983 102 159 74 excedit.

313 172 170 50 Verius
432 172 136 50 enim
517 172 220 50 cogitatur
686 172 153 50 Deus,
788 172 136 50 quam
873 172 187 50 dicitur
1008 172 85 50 :
1042 172 85 50 &
1059 172 85 50 ve-

315 220 129 65 rius
396 220 129 65 est,
476 220 129 65 quam
541 220 194 65 cogitatur.

547 262 367 83 CAP
704 262 157 83 V

415 348 146 64 Quid
506 348 128 64 hoc
579 348 183 64 nomine
707 348 146 64 Tres
780 348 274 64 significetur.

369 420 263 61 PATERergo
571 420 101 61 &
612 420 202 61 Filius
753 420 101 61 &
794 420 243 61 Spiritus
956 420 182 61 sanctus

326 463 168 66 quoniam
448 463 122 66 tres
524 463 138 66 sunt,
616 463 122 66 quid
693 463 122 66 tres
769 463 122 66 sint
846 463 214 66 quaeramus,
1014 463 122 66 quid
1075 463 61 66 co

323 516 134 49 mune
407 516 202 49 habeant.
558 516 118 49 Non
625 516 134 49 enim
709 516 185 49 possunt
844 516 134 49 dici
928 516 134 49 tres
995 516 151 49 Patres,

323 573 124 51 quia
400 573 155 51 tantum
508 573 139 51 Pater
601 573 108 51 ibi
663 573 139 51 Pater
756 573 124 51 est:
833 573 108 51 nec
895 573 124 51 tres
973 573 155 51 Filij,
1066 573 77 51 cum

327 622 101 54 nec
384 622 130 54 Pater
471 622 101 54 ibi
528 622 101 54 sit
586 622 159 54 Filius,
701 622 101 54 nec
759 622 173 54 Spiritus
889 622 173 54 sanctus:
1018 622 101 54 nec
1062 622 86 54 tres

314 655 188 70 Spiritus
455 655 172 70 sancti,
580 655 125 70 quia
659 655 188 70 Spiritus
800 655 172 70 sanctus
909 655 235 70 propriasigni-

319 713 216 59 ficatione,
489 713 108 59 qua
550 713 139 59 donum
643 713 108 59 Dei
705 713 186 59 dicitur,
844 713 108 59 nec
906 713 139 59 Pater
999 713 124 59 est,
1061 713 77 59 nec

313 771 170 45 Filius.
436 771 124 45 Quid
514 771 124 45 ergo
591 771 139 45 tres:
684 771 93 45 Si
731 771 124 45 tres
808 771 186 45 Personae
947 771 124 45 esse
1009 771 124 45 dicun-

320 803 123 64 tur,
397 803 169 64 commune
520 803 108 64 est
581 803 108 64 eis
643 803 92 64 id
689 803 123 64 quod
766 803 169 64 Persona
889 803 123 64 est.
966 803 138 64 Certe
1043 803 92 64 enim

319 857 126 60 quia
398 857 142 60 Pater
493 857 110 60 est
556 857 189 60 Persona,
698 857 79 60 &
729 857 158 60 Filius
839 857 110 60 est
903 857 189 60 Persona,
1044 857 79 60 &
1060 857 79 60 Sp.

315 903 166 59 sanctus
435 903 105 59 est
496 903 181 59 Persona,
631 903 120 59 ideo
706 903 120 59 tres
782 903 181 59 Personae
917 903 196 59 dicuntur.
1053 903 90 59 Pro-

312 951 174 69 pterea
433 951 139 69 ergo
520 951 191 69 dicimus
659 951 139 69 tres
746 951 226 69 Personas,
920 951 139 69 quia
990 951 156 69 commune

319 998 108 65 est
380 998 108 65 eis
442 998 92 65 id
488 998 123 65 quod
564 998 169 65 Persona
687 998 123 65 est.
764 998 92 65 Ex
810 998 215 65 praedictis
979 998 154 65 aperte
1071 998 77 65 in-

312 1055 166 52 telligi
433 1055 166 52 potest,
554 1055 106 52 qua
614 1055 227 52 necessitate
796 1055 151 52 dictum
902 1055 106 52 sit
962 1055 76 52 a
993 1055 182 52 Latinis,

314 1094 134 62 tres
398 1094 217 62 Personae,
565 1094 117 62 cum
632 1094 201 62 Persona,
782 1094 201 62 secundum
933 1094 251 62 substantiam

310 1145 210 70 dicatur.
467 1145 140 70 Vnde
554 1145 87 70 &
589 1145 175 70 tribus
711 1145 192 70 commune
851 1145 122 70 est
921 1145 105 70 id
973 1145 140 70 quod
1043 1145 105 70 Per-

315 1195 122 69 sona
391 1195 122 69 est,
468 1195 92 69 id
514 1195 122 69 est,
590 1195 107 69 hoc
651 1195 138 69 nomen
728 1195 153 69 Persona.

593 1247 289 80 CAP.
737 1247 145 80 VI

321 1307 165 69 Quare
431 1307 128 69 non
504 1307 202 69 dicimus
651 1307 147 69 tres
743 1307 147 69 Deos
834 1307 165 69 esse,
944 1307 202 69 Patrem,
1091 1307 92 69 &

359 1366 195 58 Filium,
501 1366 89 58 &
537 1366 213 58 Spiritum
697 1366 213 58 sanctum,
857 1366 107 58 vt
910 1366 195 58 dicimus
1034 1366 107 58 tres

357 1415 225 60 Personas,
530 1415 121 60 cum
599 1415 104 60 id
651 1415 139 60 quod
738 1415 139 60 Deus
824 1415 139 60 est,
911 1415 121 60 sit
980 1415 121 60 eis
1032 1415 104 60 com-

357 1468 158 49 mune:
463 1468 140 49 quia
550 1468 158 49 Pater
655 1468 123 49 est
725 1468 158 49 Deus,
831 1468 88 49 &
866 1468 175 49 Filius
988 1468 123 49 est
1041 1468 105 49 Dei,

356 1508 91 71 &
392 1508 217 71 Spiritus
555 1508 199 71 sanctus
700 1508 127 71 est
754 1508 127 71 Deus.

360 1567 136 69 SED
437 1567 253 69 quaeritur
632 1567 156 69 hic,
729 1567 136 69 cum
807 1567 214 69 dicamus
963 1567 195 69 Patrem
1080 1567 58 69 &

323 1617 163 56 Filium
437 1617 81 56 &
469 1617 195 56 Spiritum
615 1617 179 56 sanctum
745 1617 130 56 esse
827 1617 130 56 tres
908 1617 211 56 Personas,
1054 1617 98 56 quia

319 1670 147 54 comune
422 1670 103 54 est
481 1670 103 54 eis
540 1670 118 54 quod
613 1670 162 54 Persona
731 1670 118 54 est,
804 1670 88 54 id
848 1670 118 54 est,
922 1670 118 54 quia
995 1670 132 54 Pater
1069 1670 73 54 est

312 1712 185 77 Persona,
450 1712 77 77 &
481 1712 154 77 Filius
588 1712 108 77 est
650 1712 185 77 Persona,
788 1712 77 77 &
819 1712 185 77 Spiritus
957 1712 169 77 sanctus
1065 1712 77 77 est
