1304 2032
64 84 238 100 AD
183 84 673 100 DISTINCTIONEM
698 84 277 100 XXIII

359 162 217 78 AD
467 162 289 78 CAP.
612 162 181 78 III

131 218 116 89 I
177 218 349 89 SEROANEhuic
456 218 442 89 significationi.
805 218 163 89 Augu-

87 278 181 83 stinus,
218 278 181 83 Seruire
350 278 132 83 huic
432 278 313 83 significationi.
695 278 197 83 Retentus
843 278 115 83 est
893 278 82 83 ta-

86 344 142 59 men
167 344 224 59 sensus,
330 344 163 59 nisi
432 344 183 59 quod,
554 344 163 59 quae
655 344 183 59 summa
757 344 224 59 modestia,

84 388 243 54 ἁπορηλικῶς
274 388 156 54 dixit
378 388 260 54 Augustinus,
586 388 156 54 iste,
690 388 208 54 sublatis
829 388 156 54 aliquot

86 434 239 67 Augustini
269 434 202 67 verbis,
416 434 294 67 καταφανλικῶς
655 434 312 67 &asseueranter
893 434 92 67 af-

87 484 194 55 firmat
223 484 136 55 hac
300 484 252 55 oratione.
494 484 155 55 Quia
592 484 214 55 volumus
747 484 136 55 &c.
805 484 175 55 August.

88 528 155 69 autem
191 528 138 69 sic.
277 528 120 69 Cur
346 528 138 69 ergo
432 528 120 69 &c,
501 528 138 69 nisi
586 528 138 69 quia
672 528 206 69 volumus:
827 528 120 69 Sed
879 528 103 69 ista

89 577 170 84 leuia
203 577 170 84 sunt,
316 577 95 84 &
354 577 170 84 tamen
467 577 208 84 hominis
619 577 208 84 frontem
751 577 227 84 ostendunt.

283 653 226 61 AD
396 653 301 61 CAP.
547 653 226 61 IIII

216 704 110 83 VT
271 704 146 83 fari
362 704 183 83 aliquo
490 704 164 83 modo.
600 704 164 83 Varie
709 704 238 83 mutilatus
874 704 91 83 lo-

96 777 151 47 cus,
191 777 151 47 quem
285 777 114 47 ex
342 777 151 47 ipso
437 777 246 47 Augustino
626 777 114 47 in
683 777 151 47 suos
759 777 208 47 articulos

93 818 160 71 bona
193 818 160 71 fide
293 818 260 71 restituo.
493 818 160 71 Sunt
592 818 160 71 enim
692 818 140 71 hic
772 818 220 71 quaedam
912 818 60 71 a

100 872 221 65 Lombardo
265 872 313 65 praetermissa,
524 872 258 65 necessaria
726 872 184 65 tamen:
837 872 129 65 quae-

101 922 131 70 dam
176 922 169 70 autem
289 922 206 70 adiecta
439 922 263 70 superfsua.
645 922 206 70 Itaque,
795 922 131 70 ait
851 922 113 70 Aug.

109 963 153 73 libro
211 963 102 73 7,
262 963 136 73 cap.
347 963 102 73 4.
398 963 238 73 Trinitate,
585 963 204 73 Loquendi
738 963 153 73 causa
840 963 102 73 de
874 963 85 73 in-

109 1014 246 58 effabilibus
305 1014 115 58 (ut
371 1014 131 58 fari
453 1014 164 58 aliquo
568 1014 131 58 modo
650 1014 213 58 possemus,
813 1014 131 58 quod
879 1014 82 58 ef-

100 1057 129 68 fari
180 1057 145 68 nullo
277 1057 129 68 modo
357 1057 209 68 possumus)
518 1057 161 68 dictum
630 1057 113 68 est
695 1057 80 68 a
727 1057 177 68 nostris
839 1057 113 68 Grae-

104 1121 123 46 cis,
180 1121 107 46 vna
242 1121 184 46 essentia
380 1121 123 46 tres
457 1121 246 46 substantiae:
656 1121 77 46 a
687 1121 169 46 Latinis
810 1121 138 46 autem
886 1121 77 46 vna

109 1162 190 59 essentia
252 1162 111 59 vel
315 1162 222 59 substantia
490 1162 127 59 tres
569 1162 190 59 Persone:
712 1162 127 59 quia
791 1162 143 59 sicut
887 1162 111 59 iam

110 1224 178 47 diximus
239 1224 113 47 non
304 1224 162 47 aliter
417 1224 97 47 in
466 1224 178 47 sermone
595 1224 178 47 nostro,
724 1224 97 47 id
773 1224 129 47 est,
838 1224 129 47 Latino

116 1269 201 55 essentia,
270 1269 124 55 quam
348 1269 217 55 substantia
518 1269 139 55 solet
611 1269 217 55 intellici.
781 1269 93 55 Et
827 1269 108 55 dum
874 1269 77 55 in-

103 1298 228 76 telligatur
282 1298 163 76 saltem
396 1298 98 76 in
444 1298 212 76 aenigmate
607 1298 130 76 qnod
688 1298 195 76 dicitur,
819 1298 146 76 placuit

101 1357 115 68 ita
166 1357 148 68 dici,
265 1357 99 68 vt
315 1357 214 68 diceretur
480 1357 198 68 aliquid,
628 1357 115 68 cum
694 1357 247 68 quaereretur
875 1357 99 68 quid

108 1411 122 53 tria
184 1411 137 53 sint,
276 1411 122 53 quae
352 1411 122 53 tria
428 1411 122 53 esse
504 1411 137 53 fides
596 1411 122 53 vera
672 1411 229 53 pronuntiat,
855 1411 107 53 cum
916 1411 76 53 &

106 1448 172 64 Patrem
226 1448 120 64 non
295 1448 155 64 dicit
398 1448 137 64 esse
484 1448 189 64 Filium:
621 1448 86 64 &
656 1448 206 64 Spiritum
810 1448 189 64 sanctum

95 1499 150 66 (quod
195 1499 117 66 est
262 1499 150 66 donum
362 1499 133 66 Dei)
446 1499 117 66 nec
512 1499 167 66 Patrem
629 1499 150 66 dicit
729 1499 150 66 esse,
830 1499 117 66 nec
880 1499 83 66 Fi-

98 1559 162 51 lium,
206 1559 126 51 &c.
278 1559 108 51 In
333 1559 126 51 his
405 1559 180 51 paucis
531 1559 180 51 verbis
657 1559 144 51 ista
747 1559 144 51 sunt
838 1559 90 51 a
856 1559 108 51 Lom-

99 1599 183 74 bardo
220 1599 223 74 addita.
383 1599 203 74 Primum
525 1599 122 74 ex
586 1599 223 74 margine
748 1599 203 74 quidem
870 1599 101 74 co-

102 1646 173 58 dicis
217 1646 173 58 verba
333 1646 173 58 haec,
448 1646 135 58 Vna
525 1646 173 58 vsia,
640 1646 154 58 tres
717 1646 250 58 hypostases:

108 1699 186 80 deinde
239 1699 112 80 ab
294 1699 149 80 ipso
387 1699 223 80 Lombardo
555 1699 112 80 ex
611 1699 130 80 suo
685 1699 149 80 tota
778 1699 149 80 haec
852 1699 112 80 sen
