1295 2023
110 106 165 86 τpεις
220 106 239 86 μωοφανςς,
404 106 129 86 vbi
477 106 165 86 nulla
587 106 129 86 est
661 106 239 86 huiusmodi
826 106 184 86 ambigui-

118 142 159 77 tas,
217 142 198 77 qualem
356 142 139 77 hic
435 142 198 77 tradit
554 142 238 77 Lombardus.

179 190 96 84 S
217 190 191 84 Cumque
351 190 268 84 conaretur.
562 190 211 84 August.
715 190 134 84 Cum
791 190 153 84 enim
868 190 134 84 cona-

113 243 155 67 rtur
209 243 135 67 &c,
287 243 97 67 &
326 243 194 67 melius
461 243 97 67 &
480 243 252 67 dilucidius.

264 298 156 62 SIVE
362 298 156 62 tres
460 298 312 62 substantias.
713 298 176 62 Verba
830 298 156 62 haec
908 298 98 62 Se-

108 346 209 73 euendum
260 346 209 73 Graecos
412 346 190 73 addita
545 346 171 73 sunt,
659 346 133 73 hic
735 346 190 73 quoque
868 346 95 73 a
887 346 114 73 Lom-

119 383 197 77 bardo:
257 383 315 77 praetermissa
513 383 157 77 vero
611 383 157 77 quae
710 383 197 77 maximi
828 383 177 77 momenti

125 444 95 80 a
163 444 133 80 pud
239 444 266 80 Augustinum
448 444 247 80 sequuntur
638 444 190 80 Quibus
771 444 266 80 nominibus,

127 491 121 79 ait,
203 491 106 79 non
263 491 242 79 diuersitatem
460 491 197 79 intelligi
611 491 166 79 voluit,
732 491 106 79 sed
777 491 212 79 singularita-

124 537 132 84 tem:
206 537 99 84 vt
255 537 115 84 non
321 537 148 84 solum
420 537 115 84 ibi
486 537 165 84 vnitas
601 537 263 84 intelligatur
815 537 99 84 ex
864 537 99 84 eo
897 537 99 84 quod

124 582 181 84 dicitur
255 582 115 84 vna
321 582 214 84 essentia:
485 582 115 84 sed
551 582 82 84 &
583 582 214 84 Trinitas,
748 582 99 84 ex
797 582 99 84 eo
846 582 131 84 quod
912 582 82 84 di-

124 645 156 59 cuntur
234 645 125 59 tres
312 645 250 59 substantiae,
515 645 109 59 vel
578 645 203 59 Personae.
734 645 109 59 Sic
796 645 125 59 iste
859 645 125 59 dicen-

131 680 108 87 da
185 680 180 87 tacet,
311 680 90 87 &
347 680 198 87 tacenda
492 680 180 87 dicit.
618 680 217 87 Quanquam
781 680 90 87 &
817 680 144 87 haec
889 680 90 87 ip-

121 734 101 82 sa
172 734 185 82 postea,
306 734 118 82 sed
373 734 168 82 alieno
491 734 151 82 loco,
592 734 151 82 nempe
692 734 134 82 cap.
776 734 101 82 9.
827 734 185 82 affert,

146 774 166 94 lane
250 774 270 94 corrupta,
458 774 312 94 quemadmodum
687 774 270 94 ostendemus.

332 843 207 81 AD
436 843 276 81 CAP.
574 843 173 81 IX.

231 916 309 72 Singularitatem
489 916 189 72 noluit.
626 916 155 72 Locus
729 916 103 72 ex
781 916 189 72 august.
901 916 86 72 Ii-

134 959 106 76 9.
187 959 211 76 Trinitat
346 959 141 76 cap.
434 959 106 76 4.
486 959 123 76 sub
557 959 176 76 finem,
680 959 123 76 qui
750 959 141 76 mire
838 959 106 76 ab
873 959 106 76 isto

121 1020 151 70 fuit
215 1020 263 70 immutatus:
422 1020 169 70 atque
535 1020 169 70 etiam
648 1020 113 70 in
705 1020 245 70 quibusdam
874 1020 94 70 de-

126 1059 231 78 prauatus.
304 1059 124 78 Nam
375 1059 160 78 verba
482 1059 160 78 haec,
588 1059 178 78 Humana
713 1059 195 78 inopia,
837 1059 142 78 &ista,

128 1112 138 69 Tres
214 1112 207 69 Personas
369 1112 120 69 vel
438 1112 258 69 substantias
644 1112 207 69 immutata
799 1112 155 69 sunt:
885 1112 86 69 sed

123 1166 145 65 quia
214 1166 163 65 paruo
322 1166 181 65 sensus
449 1166 181 65 ipsius
576 1166 199 65 autoris
721 1166 254 65 detrimento
902 1166 73 65 id

115 1212 187 70 factum
246 1212 150 70 est,
340 1212 131 70 nos
414 1212 131 70 eam
489 1212 224 70 Magistro
657 1212 243 70 licentiam
825 1212 150 70 facile

119 1269 284 63 condonamus.
346 1269 151 63 Quod
441 1269 151 63 vero
535 1269 246 63 sequitur,
705 1269 265 63 Singularita-

115 1311 130 57 tem
190 1311 205 57 noluit,
339 1311 242 57 condonari
525 1311 242 57 nequaquam
712 1311 224 57 potest..
861 1311 93 57 Per

119 1360 187 72 uertit
250 1360 149 72 enim
343 1360 168 72 plane
455 1360 187 72 mentem
586 1360 261 72 Augustini,
772 1360 187 72 praeter-

109 1405 158 68 quam
208 1405 158 68 quod
306 1405 296 68 adiectionem
543 1405 197 68 habet.
681 1405 158 68 Vult
780 1405 158 68 enim
858 1405 99 68 Au-

116 1449 163 70 gust.
225 1449 199 70 diserte
369 1449 127 70 his
442 1449 163 70 ipsis
551 1449 235 70 nominibus
713 1449 254 70 singularita-

111 1508 139 69 tem,
197 1508 121 69 non
267 1508 156 69 autem
370 1508 277 69 diuersitatem
595 1508 242 69 intelligi:
786 1508 139 69 Iste
855 1508 104 69 con-

112 1547 217 74 trarium
270 1547 197 74 omnino
408 1547 197 74 sensum
546 1547 256 74 Augustino
743 1547 256 74 affinxit,

113 1600 169 69 nempe
226 1600 132 69 eum
301 1600 188 69 nolle,
433 1600 113 69 vt
489 1600 132 69 his
564 1600 244 69 nominibus
733 1600 226 69 singulari-

112 1648 132 65 tas
188 1648 321 65 intelligatur.
452 1648 208 65 Legatur
603 1648 151 65 ipse
698 1648 208 65 August.
830 1648 132 65 cuius

112 1688 155 77 sup.
208 1688 193 77 capite
344 1688 155 77 N.aA
440 1688 174 77 verba
556 1688 135 77 iam
633 1688 271 77 adduximus.
827 1688 135 77 Vocem
