1259 2031
375 220 562 76 DISTINCTIO
776 220 321 76 XXIIII

296 312 188 73 Quid
413 312 375 73 significetur
718 312 164 73 his
811 312 305 73 nominibus
1022 312 141 73 vnus

351 366 133 67 vel
427 366 152 67 vna,
522 366 133 67 duo
598 366 133 67 vel
674 366 171 67 duae,
787 366 152 67 tres
882 366 133 67 vel
958 366 171 67 tria,
1053 366 95 67 tri

353 420 134 64 nus
429 420 134 64 vel
506 420 248 64 Trinitas,
697 420 191 64 plures
830 420 134 64 vel
907 420 286 64 pluralitas,

352 479 283 85 distinctio
574 479 142 85 vel
655 479 303 85 distinctae,
898 479 142 85 cum
979 479 142 85 his
1040 479 121 85 vti-

351 524 160 96 mur
442 524 137 96 de
511 524 160 96 Deo
579 524 274 96 loquentes.

553 608 260 74 CAP
664 608 149 74 I.

441 677 98 85 IC
490 677 230 85 diligenter
670 677 180 85 inquiri
802 677 197 85 oportet,
949 677 115 85 cum
1015 677 98 85 in
1048 677 98 85 Tri-

421 745 163 75 &nitate
540 745 104 75 non
599 745 104 75 sit
659 745 208 75 diuersitas
822 745 104 75 vel
882 745 253 75 singularitas,
1075 745 74 75 nec

442 773 261 82 multiplicitas
657 773 107 82 vel
718 773 200 82 solitudo,
872 773 123 82 quid
933 773 215 82 significetur

311 838 113 58 his
375 838 226 58 nominibus,
553 838 193 58 scilicet
698 838 129 58 unus
778 838 113 58 vel
843 838 129 58 vna,
923 838 113 58 duo
988 838 113 58 vel
1036 838 113 58 duae,

317 889 119 55 tres
391 889 104 55 vel
451 889 133 55 tria,
539 889 148 55 trinus
643 889 104 55 vel
702 889 193 55 Trinitas,
851 889 148 55 plures
954 889 104 55 vel
999 889 148 55 plurali-

313 939 121 61 tas,
388 939 211 61 distinctae
554 939 106 61 vel
614 939 226 61 distinctio:
795 939 106 61 cum
856 939 166 61 dicitur
976 939 121 61 unus
1051 939 136 61 Deus.

316 994 124 56 duae
393 994 201 56 Personae:
548 994 108 56 vel
610 994 124 56 tres
687 994 186 56 Personae
827 994 155 56 plures
935 994 201 56 Personae,
1075 994 77 56 di-

313 1033 195 56 stinctae
459 1033 130 56 sunt
540 1033 211 56 Personae.
703 1033 114 56 Vel
768 1033 114 56 cum
833 1033 195 56 dicitur,
963 1033 195 56 distinctio

309 1086 261 55 Personarum,
518 1086 244 55 pluralitas
709 1086 261 55 Personarum,
918 1086 209 55 Trinitas
1058 1086 87 55 Per

310 1133 219 60 sonarum,
474 1133 91 60 &
511 1133 256 60 huiusmodi.
712 1133 201 60 Didemur
858 1133 146 60 enim
949 1133 128 60 hoc
1004 1133 146 60 dicen-

306 1183 140 59 tes,
393 1183 227 59 numerorum
568 1183 280 59 quantitates,
795 1183 87 59 &
830 1183 157 59 rerum
917 1183 245 59 multitudinem

308 1225 119 69 vel
376 1225 323 69 multiplicitatem
648 1225 102 69 in
699 1225 119 69 Deo
766 1225 187 69 ponere.
902 1225 136 69 Quid
987 1225 136 69 ergo
1055 1225 102 69 ista

313 1279 106 60 ibi
374 1279 243 60 significent,
571 1279 137 60 ipso,
662 1279 91 60 de
708 1279 106 60 quo
769 1279 182 60 loquimur
906 1279 213 60 aperiente,
1058 1279 91 60 insi

300 1336 173 52 nuare
396 1336 192 52 curemus.

543 1373 265 86 CAP.
675 1373 133 86 II

361 1437 178 82 Magis
480 1437 158 82 illa
579 1437 237 82 dicuntur
757 1437 119 82 ad
816 1437 297 82 excludendum
1034 1437 79 82 ea

435 1500 153 81 quae
531 1500 134 81 non
607 1500 153 81 sunt
703 1500 115 81 in
761 1500 153 81 Deo,
857 1500 153 81 quam
933 1500 77 81 ad

548 1549 253 74 ponendum
716 1549 190 74 aliqua.

354 1606 102 62 SI
405 1606 238 62 diligenter
592 1606 238 62 praemissis
779 1606 255 62 autoritatum
983 1606 170 62 verbis
1085 1606 85 62 in-

313 1659 219 67 tendimus,
482 1659 101 67 vt
532 1659 202 67 dictorum
684 1659 303 67 intelligentiam
936 1659 219 67 capiamus,
1088 1659 84 67 ma-

311 1720 124 66 gis
382 1720 195 66 videtur
524 1720 160 66 horum
631 1720 213 66 verborum
791 1720 142 66 usus
880 1720 266 66 introductus
1075 1720 89 66 ra
