1289 2032
100 122 262 67 singularem
306 122 262 67 essentiam.

159 179 226 51 Personae
328 179 169 51 autem
441 179 226 51 diuinae,
611 179 94 51 &
648 179 169 51 Duae,
761 179 94 51 &
799 179 169 51 Tres,
912 179 94 51 &

105 219 202 59 Multae,
251 219 92 59 &
288 219 275 59 Differentes
508 219 92 59 &
545 219 275 59 Distinctae,
765 219 92 59 &
784 219 183 59 Diuersae

100 273 151 53 dici
195 273 246 53 orthodoxe
383 273 94 53 a
421 273 170 53 nobis
535 273 227 53 possunt:
705 273 132 53 sed
780 273 132 53 non
837 273 132 53 ἀπλῶς

102 327 202 43 tamen,
243 327 142 43 imo
324 327 202 43 addita
466 327 142 43 hac
547 327 364 43 determinatione
850 327 101 43 &
870 327 101 43 ex-

109 367 256 61 plicatione
310 367 201 61 numero,
456 367 146 61 quum
548 367 274 61 Differentes
767 367 91 61 &
785 367 183 61 Diuersae

111 410 281 64 appellantur.
340 410 228 64 Discretas
515 410 176 64 quoque
638 410 123 64 hic
709 410 141 64 dici
796 410 158 64 posse
884 410 88 64 pu-

112 463 137 63 tat,
198 463 103 63 de
249 463 120 63 quo
301 463 154 63 postea.

173 515 129 52 Sed
246 515 240 52 explicata
431 515 184 52 istius
560 515 276 52 quaestionis
781 515 203 52 origine
910 515 55 52 &

113 557 174 64 caussa
234 557 156 64 (quae
339 557 156 64 tamen
443 557 122 64 hic
512 557 278 64 praetermissa
738 557 139 64 est)
825 557 104 64 ad
860 557 87 64 re-

102 612 204 61 liquam
245 612 184 61 huius
367 612 347 61 Distinctionis
653 612 245 61 censuram
817 612 143 61 acce

80 657 188 55 damus.

154 703 152 63 Falsa
256 703 152 63 certe
357 703 135 63 est,
442 703 220 63 minimeque
611 703 203 63 sibiipsi
746 703 220 63 consentiens

103 751 157 52 liaec
207 751 209 52 Lombardi
364 751 244 52 sententia,
555 751 157 52 nempe
659 751 122 52 per
729 751 209 52 vocabula
868 751 87 52 nu-

103 800 208 54 meralia
255 800 95 54 a
292 800 133 54 Deo
368 800 227 54 remoueri
539 800 189 54 tantum
671 800 265 54 contrariam
860 800 95 54 il-

104 845 136 63 lis
181 845 214 63 numeris
337 845 253 63 notionem:
532 845 175 63 nihil
649 845 175 63 autem
766 845 175 63 poni,
864 845 97 63 aut

110 894 186 68 statui.
245 894 101 68 Ac
296 894 169 68 minime
414 894 135 68 sibi
498 894 135 68 ipsa
583 894 253 68 consentanea
785 894 135 68 est,
853 894 101 68 quo-

105 951 148 53 niam
198 951 148 53 iste
291 951 148 53 idem
383 951 185 53 capite
513 951 185 53 quinto
642 951 148 53 hanc
735 951 204 53 phrasin
864 951 93 53 in-

113 1000 231 54 terpretans,
298 1000 123 54 Tres
375 1000 123 54 sunt
452 1000 185 54 Personae
591 1000 185 54 diuinae,
730 1000 123 54 ait,
807 1000 139 54 huius
884 1000 77 54 di-

116 1044 105 52 cti
176 1044 120 52 haec
251 1044 105 52 est
311 1044 256 52 intelligentia
522 1044 120 52 tres
597 1044 180 52 Personae
732 1044 135 52 sunt,
823 1044 105 52 vel
868 1044 90 52 tres

105 1094 141 66 sunt
194 1094 176 66 Pater,
317 1094 88 66 &
352 1094 194 66 Filius,
493 1094 88 66 &
528 1094 212 66 Spiritus
687 1094 212 66 sanctus.
828 1094 141 66 Quibus

106 1144 181 50 verbis
233 1144 217 50 ostendit
396 1144 199 50 aliquid
541 1144 163 50 poni,
649 1144 127 50 non
722 1144 181 50 tantum
830 1144 127 50 remo-

107 1188 149 56 ueri
201 1188 131 56 per
275 1188 224 56 vocabula
425 1188 224 56 numeralia.

157 1233 161 71 Falsa
264 1233 125 71 est
336 1233 143 71 haec
425 1233 161 71 eadem
532 1233 232 71 sententia
711 1233 179 71 multis
836 1233 107 71 de
872 1233 107 71 cau-

99 1284 160 72 sis.
199 1284 200 72 Primum
340 1284 160 72 enim
440 1284 261 72 refutatur
640 1284 241 72 perpetuo
801 1284 160 72 omnium

106 1335 279 62 linguarum
320 1335 171 62 vsu.
427 1335 171 62 Quum
534 1335 171 62 enim
641 1335 171 62 tres
749 1335 257 62 homines,

109 1382 135 56 tres
194 1382 152 56 aues,
295 1382 135 56 tria
380 1382 203 56 animalia
532 1382 186 56 alicubi
667 1382 135 56 esse
752 1382 203 56 dicimus,
887 1382 85 56 non

101 1429 197 68 tantum
239 1429 236 68 remoueri
416 1429 256 68 quidpiam,
613 1429 138 68 sed
692 1429 197 68 statui
830 1429 98 68 &
850 1429 118 68 esse

105 1474 172 55 ibidem
225 1474 137 55 tria
311 1474 206 55 ψαοςατα,
465 1474 86 55 &
500 1474 137 55 tria
585 1474 137 55 ouτα
671 1474 206 55 volumus,
826 1474 103 55 vt
860 1474 103 55 mens

104 1523 175 63 nostra
226 1523 123 63 non
296 1523 123 63 tam
366 1523 105 63 de
419 1523 263 63 Sποςεpnoει,
629 1523 140 63 quam
716 1523 105 63 de
769 1523 158 63 δεσeς
856 1523 105 63 tunc

105 1577 222 58 cogitet.
271 1577 185 58 Itaque
400 1577 240 58 praeclare
585 1577 222 58 Basilius
751 1577 129 58 (vt
825 1577 148 58 Hla:
899 1577 55 58 o

111 1627 137 50 nem
190 1627 98 50 &
229 1627 313 50 Aristotelem,
483 1627 98 50 &
522 1627 176 50 alios
640 1627 235 50 probatos
796 1627 176 50 autores

104 1669 230 80 omittam)
276 1669 173 80 libro
392 1669 115 80 de
449 1669 211 80 Spititu
603 1669 192 80 sancto
737 1669 115 80 ad
794 1669 173 80 Ampl.
890 1669 77 80 i
