1291 2038
95 96 150 76 quae
189 96 131 76 hoc
264 96 150 76 loco
358 96 263 76 castiganda
564 96 169 76 sunt.
677 96 150 76 Quae
770 96 150 76 vero
845 96 113 76 dice

98 157 128 62 mus
171 157 165 62 omnia
281 157 110 62 ad
335 157 165 62 caput
445 157 110 62 &.
500 157 165 62 huius
610 157 311 62 distinctionis
847 157 110 62 prae

94 199 187 63 sertim
225 199 262 63 pertinent.
431 199 187 63 Primum
562 199 187 63 igitur
693 199 224 63 ἀσοολοὸν
861 199 150 63 est,

90 253 147 57 quod
182 253 166 57 ipsum
292 253 184 57 totius
421 253 276 57 Christianae
642 253 258 57 religionis
826 253 147 57 caput,

99 314 104 44 &
141 314 312 44 fundamentum
390 314 291 44 praecipuum
619 314 187 44 (quod
743 314 145 44 est
827 314 125 44 de
868 314 104 44 vna

104 353 88 58 &
139 353 158 58 eadem
244 353 105 58 in
296 353 175 58 tribus
419 353 228 58 personis,
594 353 175 58 Patre,
716 353 175 58 Filio,
839 353 88 58 &
856 353 105 58 Spi-

96 400 147 68 ritu
187 400 183 68 sancto
316 400 220 68 essentia
480 400 202 68 diuina)
627 400 275 68 probaturus,
828 400 147 68 impro-

104 451 158 48 bati,
210 451 88 48 &
245 451 158 48 dubij
351 451 158 48 inter
456 451 264 48 Christianos
667 451 158 48 ipsos
773 451 193 48 autoris
896 451 70 48 ni

97 496 165 58 mirum
207 496 312 58 Ecclesiastici
463 496 275 58 testimonium
684 496 202 58 affert,
830 496 147 58 adeo
904 496 73 58 vt

100 541 104 68 ex
152 541 104 68 eo
204 541 139 68 ipso
290 541 208 68 nutatura
446 541 87 68 &
481 541 260 68 vacillatura
689 541 104 68 in
741 541 139 68 ipso
810 541 156 68 ingres-

103 594 102 61 su
154 594 119 61 sit
222 594 170 61 nostra
341 594 170 61 fides,
460 594 102 61 si
511 594 119 61 tam
580 594 187 61 incerto
716 594 238 61 fulcimento
886 594 85 61 ni-

102 637 181 60 tatur.
229 637 127 60 Est
301 637 145 60 enim
392 637 109 60 ex
446 637 254 60 Apocryphis
646 637 181 60 libris
773 637 127 60 non
827 637 145 60 ἐucta-

97 690 167 55 πλκῶς
209 690 353 55 Ecclesiasticus:
506 690 112 55 in
562 690 186 55 primis
692 690 167 55 autem
804 690 149 55 Cap.
878 690 93 55 34-

112 740 157 51 vnde
210 740 137 51 hic
289 740 176 51 locus
406 740 98 51 a
445 740 117 51 P.
504 740 235 51 Lombardo
680 740 235 51 citatur,
857 740 137 51 est
915 740 59 51 &

105 789 216 54 mancum,
263 789 98 54 &
302 789 236 54 lacerum,
479 789 138 54 non
558 789 157 54 modo
656 789 118 54 in
715 789 236 54 Latinis,
873 789 98 54 sed

117 832 165 52 etiam
227 832 110 52 in
282 832 202 52 Graecis
429 832 312 52 exemplaribus,
686 832 147 52 quia
777 832 165 52 multa
869 832 92 52 de-

107 886 169 47 sunt.
220 886 150 47 Etsi
313 886 150 47 vero
407 886 206 47 sumptus
557 886 187 47 videri
688 886 187 47 potest
819 886 112 47 ex
857 886 112 47 Pro-

115 927 156 58 uerb.
219 927 104 58 8,
271 927 156 58 tamen
375 927 104 58 ex
427 927 139 58 isto
513 927 295 58 Ecclesiastici
756 927 139 58 loco
825 927 139 58 tantum

112 975 122 56 Dei
181 975 192 56 arcanum
321 975 244 56 illustrare
513 975 157 56 velle
617 975 140 56 est,
704 975 122 56 non
774 975 105 56 ex
809 975 157 56 fulgore

120 1021 165 54 lucem:
235 1021 132 54 sed,
317 1021 132 54 quod
399 1021 115 54 ait
465 1021 148 54 ille,
564 1021 165 54 inepte
679 1021 165 54 fieri,
794 1021 99 54 ex
827 1021 148 54 fulgore

123 1071 162 54 fumum
231 1071 162 54 dare.
339 1071 180 54 Deinde
465 1071 144 54 ista
555 1071 306 54 interpretatio
788 1071 180 54 capiteI.

121 1122 142 55 versi
216 1122 95 55 I.
263 1122 158 55 Genes.
374 1122 174 55 Creauit
500 1122 126 55 Deus
579 1122 95 55 in
626 1122 221 55 principio,
799 1122 95 55 id
847 1122 126 55 est,
910 1122 63 55 in

115 1167 185 50 Filio,
244 1167 185 50 coelum
373 1167 92 50 &
410 1167 203 50 terram,
558 1167 129 50 est
632 1167 129 50 non
706 1167 185 50 tantum
817 1167 148 50 aliena

119 1218 257 49 (quanquam
317 1218 139 49 eam
396 1218 218 49 veteres
555 1218 198 49 quidem
693 1218 198 49 Patres
812 1218 158 49 alicu-

107 1262 112 72 bi
163 1262 205 72 sequuti
313 1262 168 72 sunt,
425 1262 187 72 veluti
555 1262 261 72 Ambrosius,
761 1262 93 72 &
779 1262 187 72 Augusti-

109 1319 133 60 nus
185 1319 152 60 )sed
280 1319 171 60 etiam
394 1319 190 60 dubia.
527 1319 190 60 Melius
661 1319 152 60 enim
756 1319 190 60 omnino
870 1319 95 60 Ba-

102 1365 169 52 silius
220 1365 135 52 ait,
305 1365 101 52 vt
356 1365 152 52 neque
457 1365 270 52 ἀτεMdἰτυτoς,
677 1365 152 52 neque
778 1365 169 52 ἀξωρως
880 1365 85 52 in-

111 1407 280 58 telligeretur
338 1407 140 58 esse
426 1407 123 58 hic
496 1407 193 58 mundus,
636 1407 193 58 diserte
776 1407 175 58 dictum
881 1407 88 58 es-

106 1463 119 49 se,
174 1463 102 49 in
225 1463 221 49 principio
395 1463 187 49 creatum
531 1463 136 49 esse
617 1463 170 49 coelum
736 1463 85 49 &
770 1463 187 49 terram:
889 1463 85 49 non

105 1511 232 52 tantum,
274 1511 317 52 quemadmodum
527 1511 190 52 tamen
654 1511 274 52 existimat
843 1511 127 52 Phi-

102 1550 112 57 lo,
166 1550 96 57 vt
214 1550 112 57 vox
278 1550 208 57 Principij
438 1550 224 57 significet
613 1550 160 57 ωραμυῳ
725 1550 112 57 κατ
789 1550 176 57 αεόμον,
901 1550 64 57 id

110 1603 143 55 est,
200 1603 179 55 primam
325 1603 251 55 creationis
522 1603 161 55 diem.
630 1603 143 55 Ergo
719 1603 107 55 ex
773 1603 161 55 dubia
863 1603 107 55 ista

106 1649 342 56 interpretatione
394 1649 90 56 &
430 1649 252 56 patrocinio
628 1649 378 56 praestantissimam,

113 1700 100 76 &
153 1700 241 76 obscuram
334 1700 181 76 tamen
454 1700 221 76 humanis
615 1700 241 76 mentibus
775 1700 181 76 doctri
