1298 2025
148 103 217 87 Personas
311 103 145 87 vnam
401 103 235 87 essentiam
581 103 217 87 dicimus.
744 103 145 87 Tres
834 103 145 87 auem
907 103 108 87 Per-

153 166 147 64 sonas
251 166 98 64 ex
300 166 147 64 eadem
398 166 197 64 essentia
546 166 115 64 non
611 166 197 64 dicimus:
759 166 147 64 quasi
857 166 147 64 aliud
939 166 82 64 ibi

155 213 117 64 sit
222 213 133 64 quod
305 213 200 64 essentia
455 213 133 64 est,
539 213 150 64 aliud
638 213 133 64 quod
722 213 183 64 Persona
855 213 133 64 est.
922 213 83 64 Hac

160 270 222 59 autoritate
334 270 79 59 &
366 270 222 59 praemissis
540 270 190 59 conantur
683 270 206 59 asserere,
842 270 95 59 in
873 270 127 59 praedi

159 314 125 61 ctis
238 314 251 61 locutionibus
442 314 141 61 nomen
536 314 188 61 Personae
677 314 204 61 essentiam
818 314 188 61 significa-

151 362 119 64 re.
219 362 119 64 Sed
287 362 136 64 quid
373 362 273 64 respondebunt
595 362 102 64 ad
646 362 102 64 id
697 362 136 64 quod
782 362 136 64 ipse
850 362 154 64 August.

156 406 89 60 in
201 406 118 60 lib.
274 406 89 60 de
319 406 118 60 Fide
393 406 89 60 ad
437 406 148 60 Petrum
540 406 148 60 dicit,
644 406 177 60 scilicet
776 406 118 60 quod
850 406 133 60 alius
924 406 74 60 est

164 463 144 57 Pater
260 463 96 57 in
308 463 176 57 Persona
436 463 128 57 siue
516 463 272 57 personaliter,
739 463 144 57 alius
819 463 176 57 personali

159 509 110 67 ter
222 509 172 67 Filius,
347 509 141 67 alius
442 509 251 67 personaliter
645 509 188 67 Spiritus
786 509 188 67 Sanctuse
912 509 94 67 Quo-

164 559 127 64 modo
244 559 127 64 enim
323 559 143 64 alius
419 559 255 64 personaliter
626 559 159 64 Pater,
737 559 143 64 alius
817 559 191 64 personali-

166 607 99 57 ter
222 607 155 57 Filius:
335 607 127 57 alius
420 607 226 57 personaliter
604 607 169 57 Spiritus
731 607 169 57 sanctus,
858 607 85 57 si
900 607 85 57 in
928 607 85 57 esse

158 655 194 53 Personam
303 655 162 53 omnino
416 655 242 53 conueniunt,
610 655 97 53 id
659 655 129 53 est,
739 655 97 53 si
788 655 178 53 Persona
901 655 113 53 essen

155 705 131 62 tiae
237 705 164 62 tantum
351 705 295 62 intelligentiam
597 705 148 62 facit
696 705 131 62 Ideo
778 705 148 62 nobis
859 705 148 62 videtur

154 751 159 68 aliter
265 751 111 68 hoc
329 751 143 68 posse
424 751 127 68 dici
504 751 254 68 congruentius
711 751 143 68 iuxta
790 751 223 68 catholicorum

154 796 202 67 doctorum
289 796 235 67 autoritates.

441 873 262 78 CAP.
572 873 131 78 V.

169 944 142 74 Quod
258 944 124 74 hoc
329 944 178 74 nomen,
454 944 213 74 Persona,
614 944 267 74 tripliciter
827 944 107 74 in
863 944 142 74 Trini-

253 1008 133 67 tate
336 1008 232 67 accipitur,
518 1008 83 67 &
552 1008 133 67 haec
634 1008 116 67 est
701 1008 166 67 vtilis
817 1008 83 67 &
833 1008 83 67 ca-

319 1062 205 65 tholica
469 1062 224 65 doctrina
637 1062 112 65 de
674 1062 168 65 Persona

458 1111 95 69 &
496 1111 246 69 Personis.

190 1166 214 65 Sciendum
351 1166 125 65 est
422 1166 197 65 igitur,
565 1166 161 65 quod.
672 1166 125 65 hoc
744 1166 161 65 nomem
833 1166 161 65 Person.

151 1235 254 47 multiplicem
354 1235 305 47 intelligentiam
608 1235 169 47 facit,
727 1235 119 47 non
795 1235 136 47 vnam
862 1235 136 47 tantun

153 1282 96 63 Et
201 1282 96 63 vt
249 1282 191 63 Hilarius
392 1282 112 63 ait
456 1282 96 63 in
504 1282 128 63 lib.
584 1282 96 63 4.
631 1282 96 63 de
679 1282 143 63 Trin.
759 1282 239 63 Intelligenti-

152 1332 200 63 doctorum
303 1332 100 63 ex
353 1332 167 63 causis
470 1332 117 63 est
536 1332 217 63 assumenda
703 1332 200 63 dicendi:
854 1332 134 63 quia
921 1332 84 63 non

154 1373 168 69 sermoni
276 1373 123 69 res,
353 1373 107 69 sed
414 1373 107 69 rei
475 1373 138 69 sermo
567 1373 199 69 subiectus
720 1373 123 69 est.
782 1373 214 69 Discernente.

157 1418 128 66 ergo
237 1418 177 66 dicendi
366 1418 161 66 causas
478 1418 145 66 huius
574 1418 193 66 nominis,
719 1418 193 66 scilicet
847 1418 145 66 Persona

149 1474 314 58 significationem
414 1474 264 58 distinguimus
629 1474 215 58 dicentes,
794 1474 132 58 quod
876 1474 116 58 hoc
926 1474 66 58 no

148 1526 135 58 men,
232 1526 219 58 scilicet)
401 1526 202 58 Persona,
552 1526 185 58 proprie
687 1526 202 58 secundum
822 1526 168 58 substan-

148 1564 120 61 tiam
223 1564 181 61 dicitur,
359 1564 75 61 &
389 1564 196 61 essentiam
539 1564 226 61 significat,
720 1564 135 61 sicut
810 1564 135 61 supra
886 1564 105 61 osten

147 1617 136 62 dit.
232 1617 136 62 Aug.
316 1617 119 62 cum
384 1617 186 62 dicitur
520 1617 136 62 Deus
604 1617 119 62 est
672 1617 203 62 Persona,
825 1617 152 62 Pater
909 1617 85 62 est

150 1663 208 69 Persona.
305 1663 173 69 Quadam
426 1663 156 69 tamen
530 1663 259 69 necessitate
738 1663 121 69 (vt
807 1663 156 69 supra
893 1663 104 69 dixi

149 1715 128 73 Aug.
229 1715 240 73 )transtatum
421 1715 112 73 est
485 1715 112 73 hoc
549 1715 160 73 nomen,
662 1715 96 73 vt
710 1715 192 73 plurali:
854 1715 96 73 er
886 1715 112 73 dice
