1257 2029
267 107 147 62 retur
365 107 131 62 tres
446 107 212 62 Personae,
610 107 114 62 cum
675 107 261 62 quaereretur,
887 107 131 62 quid
969 107 147 62 tres,
1050 107 82 62 vel

279 156 117 67 quid
352 156 131 67 tria:
440 156 102 67 vbi
498 156 102 67 non
556 156 204 67 significat
717 156 204 67 essentiam,
877 156 87 67 id
921 156 117 67 est,
994 156 160 67 naturam

274 208 195 54 diuinam,
420 208 130 54 quae
501 208 195 54 communis
647 208 113 54 est
711 208 162 54 tribus
825 208 211 54 Personis,
987 208 113 54 sed
1036 208 97 54 sub-

273 252 235 57 sistentias
458 252 117 57 vel
525 252 235 57 hypostases
709 252 201 57 secundum
860 252 201 57 Graecos.
994 252 134 57 Graeci

279 311 233 46 quippe(vut
462 311 150 46 supra
562 311 150 46 dicit
662 311 150 46 Aug.)
761 311 166 46 aliter
878 311 216 46 accipiunt
1027 311 100 46 sub-

274 358 197 43 stantiam,
425 358 91 43 id
471 358 121 43 est,
547 358 227 43 hypostasim,
729 358 152 43 aliter
835 358 121 43 nos.
911 358 106 43 Nos
971 358 121 43 enim
1032 358 91 43 sub-

269 403 206 57 stantiam
424 403 189 57 dicimus
561 403 224 57 essentiam
733 403 138 57 siue
819 403 206 57 naturam.
957 403 172 57 Personas

265 449 146 59 autem
362 449 179 59 dicimus
493 449 146 59 sicut
590 449 130 59 illi
671 449 163 59 dicunt
785 449 260 59 substantias,
997 449 98 59 id
1029 449 98 59 est,

264 496 232 76 hypostases.
449 496 93 76 Si
495 496 124 76 ergo
573 496 108 76 nos
634 496 108 76 ita
696 496 201 76 accipimus
851 496 201 76 personas,
1005 496 93 76 vt
1036 496 93 76 illi

269 547 207 55 accipiunt
428 547 254 55 substantias,
635 547 111 55 vel
698 547 238 55 hypostases.
889 547 95 55 At
936 547 127 55 illi
1000 547 127 55 aliter

270 604 218 57 accipiunt
438 604 251 57 hypostases,
639 604 134 57 quum
723 604 117 57 nos
790 604 268 57 substantiam:
991 604 134 57 aliter

260 656 138 58 ergo
346 656 121 58 nos
415 656 225 58 accipimus
588 656 225 58 Personas,
761 656 138 58 quam
847 656 259 58 substantia.
1038 656 86 58 Cum

268 702 130 62 ergo
349 702 179 62 dicimus
480 702 130 62 tres
561 702 212 62 Personas,
724 702 114 62 non
789 702 114 62 ibi
854 702 196 62 Personae
985 702 130 62 nomine

259 744 222 58 essentiam
430 744 154 58 signi
532 744 205 58 ficamus.
685 744 136 58 Quid
771 744 136 58 ergo
856 744 205 58 dicimus:
993 744 119 58 Dici-

267 790 120 70 mus,
342 790 120 70 quia
417 790 120 70 tres
493 790 181 70 Personae
628 790 135 70 sunt,
719 790 90 70 id
764 790 120 70 est,
839 790 135 70 tres:
914 790 196 70 substantia,

250 840 190 77 scilicet
393 840 127 77 tres
472 840 158 77 entes:
583 840 111 77 pro
646 840 111 77 quo
709 840 158 77 Graeci
820 840 158 77 dicunt
931 840 127 77 ires
994 840 111 77 hypo

246 885 147 64 stases.

506 963 288 75 CAP.
650 963 144 75 VI

351 1049 235 75 Ostendit
528 1049 177 75 verba
646 1049 255 75 Augustini
822 1049 216 75 conuenire

545 1103 139 70 huic
614 1103 226 70 sententiae.

304 1167 106 75 ET
357 1167 124 75 hic
428 1167 176 75 sensus
551 1167 229 75 adiuuatur
728 1167 106 75 ex
781 1167 194 75 verbis,
922 1167 141 75 Aug.
992 1167 124 75 prae-

270 1227 171 54 missis,
395 1227 93 54 si
441 1227 186 54 interius
581 1227 280 54 intelligantur.
814 1227 124 54 Quia
892 1227 124 54 enim
970 1227 140 54 Pater
1047 1227 78 54 est

273 1270 187 68 Persona,
413 1270 93 68 id
460 1270 124 68 est,
538 1270 202 68 essentia,
693 1270 78 68 &
724 1270 155 68 Filius
833 1270 187 68 Persona,
973 1270 78 68 &
989 1270 124 68 Spiri-

266 1316 109 60 tus
329 1316 172 60 sanctus
454 1316 187 60 Persona:
594 1316 125 60 ideo
672 1316 187 60 dicuntur
813 1316 125 60 tres
891 1316 203 60 Personae,
1031 1316 94 60 tres

267 1370 324 66 subsistentiae,
537 1370 144 66 tres
627 1370 180 66 entes,
752 1370 126 66 Non
824 1370 144 66 enim
914 1370 198 66 possunt
1040 1370 90 66 di-

266 1416 94 64 ci
313 1416 126 64 tres
392 1416 236 64 substantiae
581 1416 110 64 vel
644 1416 157 64 entes,
754 1416 126 64 nisi
832 1416 189 64 singulus
974 1416 142 64 eorum
1052 1416 79 64 es-

266 1471 110 54 set
329 1471 189 54 Persona,
471 1471 95 54 id
518 1471 126 54 est,
597 1471 205 54 essentia.
755 1471 126 54 Quia
833 1471 126 54 ergo
912 1471 126 54 tis,
975 1471 142 54 commune

271 1526 102 45 est
330 1526 87 45 id
373 1526 116 45 quod
446 1526 102 45 est
504 1526 174 45 Persona,
635 1526 87 45 id
678 1526 116 45 est,
751 1526 189 45 essentia:
896 1526 116 45 ideo
969 1526 131 45 recte
1041 1526 73 45 di-

267 1572 146 62 cuntur
369 1572 117 62 tres
442 1572 189 62 Personae,
588 1572 87 62 id
632 1572 117 62 est,
705 1572 248 62 subsistentiae
908 1572 102 62 vel
952 1572 175 62 subsisten-

266 1615 130 68 tes:
347 1615 97 68 vt
395 1615 146 68 sicut
492 1615 194 68 essentia
638 1615 130 68 quae
719 1615 113 68 est
784 1615 113 68 eis
849 1615 210 68 communis,
1010 1615 130 68 vere
1075 1615 65 68 ac

264 1670 157 62 proprie
378 1670 114 62 est:
449 1670 100 62 ita
506 1670 114 62 illi
577 1670 114 62 tres
648 1670 114 62 vere
719 1670 85 62 ac
762 1670 157 62 proprie
876 1670 242 62 subsistentiae
1061 1670 71 62 vel

263 1714 153 77 entes
365 1714 305 77 intelligantur.
619 1714 187 77 Ideoque
755 1714 187 77 August.
891 1714 170 77 causas
992 1714 136 77 dicto
