1258 2030
489 85 301 80 CAP.
640 85 226 80 VIII

445 152 141 76 Quid
534 152 141 76 tres
622 152 141 76 res,
710 152 88 76 &
745 152 141 76 quid
834 152 124 76 vna
887 152 88 76 res

598 207 126 70 hic
652 207 180 70 dicitur.

327 250 136 83 NON
404 250 175 83 autem
521 250 117 83 te
580 250 195 83 moueat
716 250 156 83 quod
814 250 214 83 dicimus
970 250 156 83 tres
1048 250 97 83 res

276 320 136 54 Non
353 320 155 54 enim
450 320 136 54 hoc
527 320 232 54 dicentes
702 320 271 54 diuersarum
915 320 174 54 rerum
1012 320 116 54 nume

279 368 116 57 rum
346 368 182 57 ponimus
478 368 99 57 in
527 368 231 57 Trinitate,
709 368 116 57 sed
775 368 116 57 ita
841 368 132 57 tres
924 368 116 57 res
974 368 165 57 dicimus,

274 420 112 66 vt
330 420 187 66 easdem
461 420 150 66 esse
555 420 150 66 vnam
649 420 206 66 quandam
798 420 187 66 summam
929 420 131 66 rem
985 420 150 66 confi-

277 469 189 67 teamur.
414 469 138 67 Vnde
500 469 189 67 August.
638 469 103 67 in
690 469 103 67 v.
741 469 138 67 lib.
827 469 103 67 de
879 469 206 67 Doctrina
1017 469 120 67 Chri-

280 522 164 50 stiana
395 522 115 50 sic
460 522 131 50 ait,
542 522 115 50 Res
608 522 164 50 quibus
723 522 197 50 fruendum
871 522 131 50 est,
953 522 115 50 nos
1003 522 131 50 beatos

263 568 207 68 faciunt.
418 568 121 68 Res
487 568 138 68 ergo
573 568 172 68 quibus
694 568 207 68 fruendum
849 568 138 68 est,
935 568 138 68 sunt
1004 568 138 68 Pater,

266 610 90 73 &
302 610 198 73 Filius,
446 610 90 73 &
482 610 216 73 Spiritus
644 610 216 73 sanctus.
805 610 216 73 Eademque
949 610 180 73 Trinitas

267 659 124 62 vna
338 659 195 62 quaedam
480 659 159 62 summa
586 659 124 62 res
657 659 142 62 est,
745 659 266 62 communisque
940 659 177 62 fruenti-

273 707 116 63 bus
340 707 116 63 ea,
406 707 99 63 si
456 707 149 63 tamen
555 707 116 63 res
621 707 83 63 &
654 707 116 63 non
721 707 149 63 rerum
820 707 166 63 omnium
936 707 149 63 causa
1019 707 99 63 sit,

271 767 116 45 Non
338 767 133 45 enim
421 767 166 45 facile
538 767 166 45 potest
654 767 200 45 inueniri
804 767 166 45 nomen,
920 767 133 45 quod
987 767 133 45 tantae

273 817 245 49 excellentiae
472 817 214 49 conueniat:
640 817 123 49 nisi
717 817 123 49 quod
793 817 153 49 melius
901 817 184 49 dicitur,
1023 817 92 49 Tri-

269 858 148 63 nitas
367 858 131 63 haec
449 858 131 63 unus
531 858 148 63 Deus.
629 858 148 63 Sicut
728 858 131 63 ergo
810 858 131 63 tres
892 858 115 63 res
941 858 180 63 dicuntur.

276 917 77 53 &
306 917 108 53 hae
368 917 123 53 sunt
445 917 108 53 vna
507 917 123 53 res:
584 917 108 53 ita
646 917 123 53 tres
723 917 262 53 subsistentiae
939 917 201 53 dicuntur,
1078 917 46 53 &

268 959 110 57 hae
331 959 125 57 sunt
409 959 110 57 vna
472 959 204 57 essentia.
629 959 125 57 Ecce
707 959 188 57 ostensum
848 959 110 57 est
910 959 125 57 quae
989 959 110 57 sit
1036 959 78 57 in-

270 1015 239 66 telligentia
461 1015 143 66 huius
557 1015 191 66 nominis,
700 1015 191 66 Persona,
843 1015 111 66 cum
907 1015 175 66 dicimus
1018 1015 96 66 tres

242 1057 216 61 Personas.

516 1118 337 82 CAP.
684 1118 169 82 IX

317 1179 114 80 Ex
374 1179 133 80 quo
450 1179 171 80 sensu
564 1179 228 80 dicatur,
734 1179 152 80 alia
829 1179 133 80 est
886 1179 171 80 Persona

457 1239 170 73 Patris,
580 1239 124 73 alia
657 1239 154 73 Filij,
766 1239 124 73 alia
827 1239 93 73 Spi-

538 1291 163 71 ritus
629 1291 163 71 Sancti.

312 1349 148 77 Nunc
405 1349 296 77 inspiciamus,
646 1349 167 77 vtrum
757 1349 222 77 secundum
923 1349 185 77 eandem
1034 1349 93 77 ra-

269 1417 171 50 tionem
389 1417 86 50 &
423 1417 171 50 causam
543 1417 206 50 dicatur,
697 1417 137 50 alia
783 1417 120 50 est
852 1417 189 50 Persona
972 1417 154 50 Patrus,

275 1456 121 55 alia
350 1456 151 55 Filij,
456 1456 121 55 alia
532 1456 181 55 Spiritus
668 1456 166 55 sancti.
789 1456 121 55 Quod
864 1456 151 55 vtique
970 1456 121 55 sane
1030 1456 76 55 in-

277 1507 158 47 telligi
392 1507 158 47 potest,
506 1507 86 47 vt
550 1507 101 47 sit
607 1507 144 47 sensus
708 1507 144 47 talis,
808 1507 115 47 Alia
880 1507 101 47 est
923 1507 201 47 subsistentia

274 1549 102 68 vel
333 1549 204 68 hypostasis
493 1549 160 68 Patris,
609 1549 116 68 alia
682 1549 233 68 subsistentia
871 1549 145 68 Filij,
973 1549 116 68 alia
1031 1549 87 68 sub-

265 1607 193 53 sistentia
414 1607 178 53 Spiritus
547 1607 163 53 sancti.
666 1607 89 53 Et
711 1607 119 53 alia
785 1607 238 53 subsistentia
978 1607 149 53 Pater,
1067 1607 45 53 a

264 1646 107 71 lia
325 1646 168 71 Filius,
447 1646 122 71 alia
524 1646 184 71 Spiritus
646 1646 153 71 sanctus.
