1283 2024
128 85 132 87 pit:
211 85 116 87 sed
277 85 149 87 Pater
376 85 165 87 semper
492 85 165 87 Pater,
608 85 83 87 &
641 85 165 87 Filius
757 85 165 87 semper
856 85 132 87 Filius

126 153 83 73 &
160 153 200 73 Spiritus
310 153 183 73 sanctus
443 153 167 73 semper
560 153 200 73 Spiritus
710 153 200 73 sanctus.
844 153 133 73 Itaque

126 199 232 59 substantia
309 199 133 59 vnum
392 199 149 59 sunt,
492 199 116 59 sed
558 199 199 59 Personis
707 199 100 59 ac
757 199 216 59 nominibus
907 199 66 59 di

122 243 273 61 stinguuntur.
344 243 136 61 Ecce
429 243 119 61 hic
497 243 171 61 aperte
617 243 154 61 dicit
719 243 222 61 Hieronom.
873 243 102 61 pro-

124 293 207 66 prietatem
283 293 127 66 esse
362 293 207 66 Personas,
521 293 79 66 &
553 293 191 66 Personas
696 293 127 66 esse
760 293 222 66 substantias.

120 351 132 56 Vnde
203 351 231 56 manifestum
385 351 116 56 fit
451 351 132 56 quod
534 351 198 56 diximus,
682 351 198 56 scilicet
815 351 165 56 Personae

126 388 177 68 nomine
250 388 266 68 significari
463 388 89 68 &
498 388 248 68 hypostasim
693 388 89 68 &
710 388 266 68 proprietatem.

116 448 189 57 Ioannnes
258 448 142 57 etiam
353 448 126 57 Dam.
431 448 189 57 Personas
573 448 142 57 dicit
668 448 126 57 esse
746 448 236 57 hypostases,
920 448 47 57 &

123 499 113 62 eas
187 499 145 62 dicit
284 499 161 62 entes,
397 499 113 62 ita
462 499 210 62 inquiens,
623 499 97 62 In
672 499 178 62 deitate
801 499 129 62 vnam
865 499 97 62 natu

120 542 119 69 ram
188 542 254 69 confitamur,
391 542 152 69 &tres
493 542 237 69 hypostases
679 542 203 69 secundum
815 542 152 69 verita-

120 586 222 76 tenrentes,
295 586 95 76 id
342 586 127 76 est,
406 586 174 76 Personas.

94 680 238 108 AD
213 680 674 108 DISTINCTIONEM
729 680 238 108 XXV.

354 779 229 85 AD
468 779 305 85 CAP.
621 779 152 85 II

184 875 143 69 Deus
274 875 125 69 est
345 875 161 69 Deus,
452 875 89 69 &
488 875 143 69 Deus
578 875 125 69 est
649 875 215 69 Persona.
792 875 179 69 Puerilis

116 913 132 89 est
192 913 321 89 hallucinatio,
456 913 151 89 quod
551 913 132 89 hoc
627 913 151 89 loco
721 913 208 89 scribit
854 913 113 89 Lom-

117 967 206 72 bardus,
267 967 131 72 sed
342 967 187 72 fagris
473 967 169 72 tamen
585 967 206 72 propter
735 967 150 72 rei,
829 967 112 72 de
866 967 94 72 qua

103 1012 131 85 hic
178 1012 150 85 agit
272 1012 281 85 maiestatem,
497 1012 206 85 dignum,
647 1012 150 85 idem
722 1012 244 85 fignificare

102 1059 133 80 has
178 1059 266 80 locutiones
387 1059 209 80 nimirum
539 1059 152 80 Deus
634 1059 133 80 est
710 1059 171 80 Deus,
824 1059 95 80 &
843 1059 114 80 Deus

105 1121 120 60 est
173 1121 205 60 Persona.
327 1121 137 60 Illa
413 1121 137 60 enim
498 1121 137 60 Deus
584 1121 120 60 est
652 1121 137 60 Deus
738 1121 120 60 est
789 1121 171 60 identica

102 1179 265 57 praedicatio,
318 1179 83 57 &
351 1179 249 57 asseueratio
550 1179 166 57 maior,
666 1179 99 57 ac
716 1179 216 57 iξηyηlικῳ
865 1179 83 57 dum

98 1224 136 58 xat.
183 1224 136 58 Idem
268 1224 136 58 enim
354 1224 102 58 de
405 1224 170 58 seipso
524 1224 256 58 enuntiatur,
728 1224 119 58 sed
780 1224 170 58 certius,

100 1261 151 68 Haec
195 1261 170 68 autem
308 1261 151 68 Deus
402 1261 132 68 est
478 1261 208 68 Persona
629 1261 132 68 non
704 1261 132 68 est
761 1261 189 68 identica

102 1317 250 64 enuntiatio,
302 1317 117 64 sed
369 1317 183 64 diuinae
503 1317 183 64 naturae
636 1317 200 64 tribuit,
786 1317 100 64 vt
820 1317 133 64 Perso-

96 1369 114 49 nae
161 1369 195 49 ratione,
307 1369 81 49 &
340 1369 195 49 ὑπάρξεως
486 1369 146 49 Iδεον
584 1369 114 49 και
649 1369 260 49 καξατληςικὸν
844 1369 98 49 ρoπo

105 1404 199 73 admittat
254 1404 83 73 &
288 1404 232 73 suscipiat.
470 1404 99 73 Ex
519 1404 116 73 quo
586 1404 132 73 fit,
668 1404 99 73 vt
718 1404 132 73 illa
801 1404 149 73 prior
884 1404 66 73 e-

95 1471 237 54 nuntiatio
277 1471 109 54 de
332 1471 146 54 tota
423 1471 182 54 diuina
550 1471 219 54 essentia
714 1471 109 54 in
751 1471 200 54 vniuersum

101 1516 135 49 vera
186 1516 135 49 sit,
270 1516 85 49 &
304 1516 288 49 intelligatur,
541 1516 135 49 Haec
626 1516 152 49 autem
727 1516 220 49 posterior
879 1516 68 49 de

94 1560 162 67 Patre,
207 1560 113 67 vel
272 1560 162 67 Filio,
385 1560 113 67 vel
449 1560 178 67 Spiritu
578 1560 162 67 sancto
692 1560 242 67 sigillatim:
869 1560 81 67 non

101 1609 149 55 autem
201 1609 99 55 de
250 1609 132 55 tota
333 1609 132 55 ipsa
416 1609 198 55 essentia
565 1609 182 55 diuina,
697 1609 149 55 quasi
796 1609 116 55 sit
846 1609 99 55 vni-

102 1655 113 64 ca
159 1655 226 64 Persona.
328 1655 151 64 Ergo
423 1655 132 64 vox
498 1655 151 64 Deus
593 1655 113 64 in
649 1655 189 64 priori
762 1655 170 64 enuntia

97 1691 162 83 tione
205 1691 126 83 est
277 1691 198 83 quiddam
421 1691 126 83 non
493 1691 288 83 distributum,
726 1691 108 83 in
762 1691 180 83 posterio
