1311 2029
150 112 157 74 gatur.
260 112 110 74 Ait
323 112 220 74 Augustinus
496 112 94 74 in
543 112 141 74 libro
637 112 94 74 De
684 112 126 74 fide
762 112 94 74 ad
809 112 110 74 Pe¬
872 112 78 74 a
888 112 141 74 Primun,

146 175 150 50 trum,
246 175 150 50 Aliud
346 175 117 50 est
413 175 217 50 genuisse,
579 175 133 50 quam
663 175 150 50 natum
763 175 150 50 esse:
862 175 150 50 aliud
946 175 83 50 est

147 223 247 60 procedere,
342 223 141 60 quam
430 223 212 60 genuisse
589 223 124 60 vel
660 223 159 60 natum
766 223 159 60 esse.
872 223 141 60 Vnde
942 223 71 60 ma

151 276 187 52 nifestum
292 276 125 52 est,
370 276 125 52 quod
448 276 140 52 alius
541 276 109 52 est
604 276 156 52 Pater,
713 276 140 52 alius
807 276 172 52 Filius,
916 276 109 52 alius

143 318 200 57 Spiritus
293 318 200 57 sanctus.
443 318 100 57 Et
493 318 117 57 est
560 318 200 57 proprium
710 318 167 57 solius
827 318 183 57 Patris,
944 318 83 57 non

181 377 136 57 quia
266 377 119 57 non
334 377 119 57 est
402 377 153 57 natus
503 377 153 57 ipse,
605 377 119 57 sed
673 377 136 57 quia
758 377 136 57 vnum
842 377 170 57 Filium
944 377 85 57 ge-

148 414 186 56 nuerit:
284 414 254 56 propriumque
487 414 169 56 solius
605 414 169 56 Filij,
724 414 119 56 non
792 414 136 56 quia
877 414 136 56 ipse
944 414 85 56 non

1023 1362 0 5 addit.

144 460 187 72 genuit:
280 460 119 72 sed
348 460 136 72 quia
433 460 102 72 de
484 460 170 72 Patris
604 460 204 72 essentia
757 460 153 72 natus
859 460 136 72 est.
927 460 102 72 Pro-

149 522 144 58 prium
245 522 128 58 uero
325 522 192 58 Spiritus
469 522 160 58 sancti
581 522 128 58 est,
661 522 112 58 non
725 522 128 58 quia
805 522 112 58 nec
869 522 144 58 natus
949 522 80 58 est

155 561 126 67 ipse
234 561 110 67 nec
297 561 173 67 genuit,
423 561 110 67 sed
485 561 126 67 quia
564 561 142 67 solus
658 561 94 67 de
706 561 142 67 Patre
800 561 189 67 Filioque
926 561 94 67 pro-

151 620 160 47 cedit.
263 620 128 47 Ecce
343 620 192 47 breuiter
488 620 225 47 assignauit
664 620 128 47 tres
744 620 257 47 proprietates
937 620 80 47 tri

148 657 282 58 Personarum:
374 657 188 58 quarum
506 657 132 58 vna
581 657 132 58 non
656 657 132 58 est
732 657 169 58 alia.
845 657 132 58 Hoc
901 657 113 58 enim

157 709 194 62 signific
302 709 129 62 auit
383 709 113 62 cum
447 709 161 62 dixit,
560 709 145 62 Aliud
657 709 113 62 est
722 709 194 62 genuisse
867 709 129 62 quam
931 709 81 62 na-

152 765 112 50 tum
216 765 144 50 esse:
312 765 192 50 aliudque
455 765 223 50 procedere,
631 765 96 50 id
679 765 128 50 est,
759 765 128 50 alia
822 765 192 50 proprietas

150 814 124 58 siue
228 814 155 58 naotio
337 814 124 58 est)
414 814 217 58 generatio,
585 814 78 58 &
616 814 124 58 alia
694 814 217 58 natiuitas,
864 814 124 58 alia
926 814 78 58 pro

163 856 164 67 cessio,
282 856 119 67 quae
357 856 134 67 aliis
446 856 194 67 nominibus
596 856 179 67 dicuntur
730 856 224 67 paternitas,
894 856 119 67 filia-

162 897 133 64 tio.
245 897 116 64 Has
312 897 266 64 proprietates
528 897 216 64 designant
694 897 166 64 nomina
794 897 216 64 Personarum,

176 949 90 71 t,
221 949 180 71 scilicet
356 949 150 71 Pater,
461 949 165 71 Filius,
581 949 75 71 &
611 949 180 71 Spiritus
746 949 180 71 sanctus:
881 949 120 71 quae
941 949 60 71 re

174 999 150 63 atiua
275 999 150 63 sunt,
375 999 84 63 &
408 999 100 63 ad
458 999 100 63 se
509 999 184 63 inuicem
642 999 217 63 dicuntur,
809 999 134 63 quia
876 999 134 63 notani

163 1049 239 53 relationes,
354 1049 127 53 quae
434 1049 111 53 non
497 1049 127 53 sunt
577 1049 111 53 Deo
641 1049 271 53 accidentales,
864 1049 111 53 sed
927 1049 96 53 in
959 1049 48 53 i

151 1096 125 65 psis
229 1096 187 65 Personis
370 1096 94 65 ab
417 1096 172 65 aeterno
542 1096 125 65 sunt
620 1096 281 65 immutabiliter:
854 1096 94 65 vt
901 1096 109 65 non
948 1096 62 65 me

160 1153 88 51 do
204 1153 250 51 appellationes
411 1153 118 51 sint
484 1153 206 51 relatiuae,
646 1153 103 51 sed
705 1153 132 51 etiam
793 1153 206 51 relationes
940 1153 74 51 si-

152 1196 88 66 ue
196 1196 176 66 notiones
328 1196 88 66 in
372 1196 132 66 rebus
460 1196 146 66 ipsis,
563 1196 176 66 scilicet
694 1196 88 66 in
738 1196 176 66 Personis
855 1196 103 66 sint.

391 1281 282 85 CAP.
532 1281 176 85 III

164 1345 153 95 Quod
260 1345 134 95 non
336 1345 173 95 omnia
452 1345 153 95 quae
548 1345 115 95 de
605 1345 134 95 Deo
682 1345 249 95 dicuntur,
855 1345 153 95 secum-

210 1407 141 70 dum
291 1407 303 70 substantiam
533 1407 262 70 dicuntur:
734 1407 222 70 quaedam
875 1407 81 70 e-

304 1459 140 71 nim
384 1459 240 71 secundum
564 1459 281 71 relationem
765 1459 100 71 di-

343 1509 203 70 cuntur,
490 1509 166 70 nihil
601 1509 166 70 tamen
694 1509 92 70 se-

425 1564 214 69 cundum
553 1564 150 69 acci

481 1608 151 69 dens.

208 1655 435 89 VOCIRCAsciendum
574 1655 183 89 est,
689 1655 160 89 non
780 1655 183 89 omne
872 1655 137 89 quod

162 1724 173 82 dicitur
288 1724 94 82 de
335 1724 126 82 Deo,
413 1724 126 82 dici
492 1724 188 82 secundum
633 1724 251 82 substantiam:
837 1724 126 82 quia
900 1724 110 82 quae
