1237 2025
274 87 310 68 significatione
532 87 258 68 cognoscimus
739 87 155 68 dici.
842 87 103 68 Ex
894 87 224 68 adoptione
1049 87 103 68 enim

278 150 138 47 homo
364 150 173 47 factus
485 150 173 47 Filius
606 150 138 47 Dei,
692 150 121 47 non
761 150 104 47 ex
813 150 276 47 generatione:
1020 150 121 47 neque

278 198 96 54 ei
326 198 224 54 proprietas
502 198 128 54 est,
582 198 112 54 sed
646 198 240 54 nuncupatio:
839 198 96 54 ac
887 198 112 54 per
951 198 96 54 id
999 198 112 54 non
1047 198 96 54 vere

274 239 158 70 Filius
385 239 127 70 est,
464 239 127 70 quia
543 239 111 70 nec
607 239 174 70 proprie
733 239 143 70 natus
828 239 190 70 dicitur,
971 239 111 70 nec
1018 239 127 70 semper

279 293 133 60 fuit
362 293 182 60 Filius.
495 293 232 60 Vnigenitus
678 293 133 60 aute
760 293 133 60 Deus
843 293 116 60 nec
910 293 133 60 fuit
976 293 166 60 aliquan-

278 342 98 56 do
327 342 114 56 non
392 342 180 56 Filius,
523 342 114 56 nec
588 342 131 56 fuit
670 342 180 56 aliquid
801 342 196 56 antequam
948 342 180 56 Filius,
1062 342 82 56 nec

269 386 201 69 quicquam
420 386 134 69 ipse
504 386 134 69 nisi
588 386 184 69 Filius.
722 386 151 69 Atque
822 386 117 69 ita
890 386 117 69 qui
957 386 168 69 semper
1057 386 84 69 est

274 446 174 47 Filius,
400 446 284 47 nascibilitatis
637 446 237 47 proprietate
826 446 95 47 ac
874 446 205 47 veritate:
1016 446 126 47 Filius

271 489 110 62 est
334 489 142 62 eius,
429 489 157 62 solius
539 489 110 62 qui
601 489 173 62 genuit:
727 489 79 62 &
759 489 126 62 ille
837 489 157 62 tantum
947 489 110 62 qui
995 489 142 62 genuit,

274 532 132 82 Pater
362 532 146 82 ipsius
464 532 117 82 est:
538 532 117 82 quia
611 532 132 82 sicut
698 532 117 82 ille
771 532 146 82 Filius
874 532 175 82 origine,
1005 532 102 82 ita
1049 532 88 82 ille

271 579 159 79 Pater
360 579 247 79 generatione.

499 668 451 85 CAP.
780 668 338 85 V.
893 668 169 85 E

328 737 144 66 Quod
418 737 144 66 homo
508 737 198 66 dicitur
652 737 180 66 Filius
779 737 270 66 Trinitatis,
995 737 90 66 &

453 799 210 72 Trinitas
610 799 175 72 potest
733 799 140 72 dici
803 799 123 72 Pater

520 851 261 65 hominum.

313 907 154 74 HOMO
409 907 154 74 vero
505 907 135 74 qui
582 907 192 74 Filius
717 907 135 74 Dei
794 907 154 74 est,
890 907 212 74 factura
1025 907 96 74 non

276 971 166 57 tantum
393 971 183 57 Patris,
526 971 116 57 sed
593 971 166 57 Filij,
709 971 83 57 &
742 971 200 57 Spiritus
892 971 166 57 sancti
992 971 133 57 Filius

278 1021 123 68 est,
355 1021 93 68 id
401 1021 123 68 est,
478 1021 154 68 totius
586 1021 216 68 Trinitatis
756 1021 77 68 :
787 1021 77 68 &
817 1021 185 68 Trinitas
956 1021 123 68 ipsa
1018 1021 108 68 Pater

278 1069 136 51 eius
363 1069 136 51 dici
448 1069 187 51 potest.
585 1069 136 51 vnde
670 1069 239 51 Augustinus
857 1069 102 51 in
908 1069 170 51 quinto
1011 1069 119 51 libro

272 1116 104 56 de
324 1116 226 56 Trinitate
498 1116 174 56 dicit,
619 1116 122 56 Non
689 1116 174 56 potest
810 1116 139 56 dici
897 1116 209 56 Trinitas
1036 1116 87 56 Pa-

266 1166 124 67 ter,
343 1166 124 67 nisi
420 1166 139 67 forte
513 1166 232 67 transtatiue
698 1166 93 67 ad
744 1166 216 67 creaturam,
914 1166 170 67 propter
1022 1166 93 67 ado-

271 1210 193 61 ptionem
412 1210 228 61 filiorum.
587 1210 140 61 Quod
674 1210 140 61 enim
762 1210 210 61 scriptum
919 1210 140 61 est,
989 1210 123 61 AudiI

269 1269 170 54 srael,
388 1269 187 54 Dominus
524 1269 136 54 Deus
609 1269 153 54 tuus,
711 1269 136 54 Deus
796 1269 136 54 unus
881 1269 136 54 est,
966 1269 119 54 non
1017 1269 102 54 vti-

275 1316 107 55 que
336 1316 168 55 excepto
458 1316 137 55 Filio
549 1316 107 55 aut
610 1316 183 55 Spiritis
747 1316 152 55 sancto
854 1316 168 55 oportet
961 1316 152 55 intelli-

266 1364 131 62 gi:
341 1364 150 62 quem
435 1364 150 62 unum
529 1364 207 62 Dominum
679 1364 150 62 Deum
773 1364 207 62 nostrum
923 1364 169 62 recte
1017 1364 94 62 di-

272 1421 156 48 cimus
375 1421 156 48 etiam
479 1421 173 48 Patrem
600 1421 208 48 nostrum,
756 1421 121 48 per
825 1421 190 48 gratiam
963 1421 138 48 suam
1033 1421 86 48 nos

263 1470 286 49 regenerantem.
498 1470 101 49 De
549 1470 118 49 hoc
616 1470 151 49 etiam
717 1470 202 49 Hilarius
868 1470 101 49 in
918 1470 151 49 sexto
1002 1470 118 49 libro

272 1511 107 53 de
326 1511 232 53 Trinitate
504 1511 143 53 ait,
593 1511 196 53 Omnibus
736 1511 125 53 per
808 1511 161 53 fidem
915 1511 143 53 Deus
986 1511 125 53 Pater

268 1560 128 65 est,
348 1560 160 65 quibus
460 1560 112 65 est
524 1560 144 65 Pater
620 1560 112 65 per
684 1560 112 65 eam
747 1560 160 65 fidem,
859 1560 112 65 qua
923 1560 144 65 Iesum
1003 1560 112 65 Chri-

267 1616 135 53 stum
351 1616 118 53 Dei
419 1616 169 53 Filium
537 1616 253 53 confitemur.
739 1616 135 53 Ecce
824 1616 202 53 ostensum
975 1616 118 53 est
1026 1616 101 53 qua-

268 1654 99 60 re
318 1654 198 60 proprium
467 1654 182 60 dicatur
599 1654 132 60 esse
682 1654 116 60 Dei
748 1654 149 60 nati,
847 1654 132 60 quod
930 1654 165 60 Filius
1029 1654 99 60 est.

269 1707 132 72 quia
352 1707 199 72 scilicet
501 1707 132 72 ipse
584 1707 149 72 solus
683 1707 132 72 naus
766 1707 182 72 proprie
898 1707 199 72 dicitur.
1031 1707 99 72 Vnde
