1268 2024
76 100 195 77 Hilarius
222 100 97 77 in
270 100 130 77 lib.
352 100 130 77 iij.
433 100 97 77 de
481 100 178 77 Trinit.
611 100 130 77 ait,
692 100 178 77 Dominus
806 100 146 77 dicens,

83 165 205 53 clarifica
241 165 158 53 filium
351 165 142 53 tuum,
446 165 110 53 non
509 165 126 53 solo
588 165 158 53 nomine
699 165 237 53 contestatus
872 165 79 53 est

87 209 95 59 se
135 209 126 59 esse
214 209 174 59 Filium,
340 209 111 59 sed
403 209 95 59 &a
450 209 253 59 proprietate.
656 209 111 59 Nos
719 209 142 59 filij
814 209 111 59 Dei
861 209 79 59 su-

94 263 129 57 mus,
175 263 113 57 sed
239 263 113 57 non
304 263 146 57 talis
401 263 113 57 hic
466 263 178 57 Filius.
595 263 113 57 Hic
660 263 129 57 enim
741 263 146 57 uerus
838 263 81 57 &
854 263 97 57 pro-

94 304 141 63 prius
188 304 109 63 est
251 304 156 63 Filius
360 304 188 63 origine,
501 304 109 63 non
563 304 219 63 adoptione:
735 304 203 63 veritate,
876 304 78 63 non

87 363 287 54 nuncupatione:
324 363 254 54 natiuitate,
527 363 118 54 non
577 363 203 54 creatione.

333 441 296 76 CAP.
481 441 148 76 VI

101 505 155 69 Quod
198 505 233 69 Spiritus
372 505 214 69 sanctus
528 505 214 69 dicitur
683 505 214 69 proprie
819 505 136 69 donum

145 560 143 60 Dei,
235 560 143 60 quia
324 560 268 60 proprietate
539 560 125 60 est
610 560 179 60 donum,
735 560 107 60 vt
771 560 143 60 Filius

183 624 289 49 natiuitate:
414 624 96 49 &
453 624 212 49 vtroque
607 624 154 49 modo
684 624 174 49 dicitur

230 659 248 78 relatiue,
421 659 95 78 &
459 659 229 78 secundum
611 659 153 78 eandem

372 707 256 70 relationem:

128 777 124 59 ITA
199 777 159 59 etiam
305 777 106 59 de
358 777 195 59 Spiritu
500 777 177 59 sancto
624 777 212 59 dicendum
783 777 142 59 est,
854 777 88 59 qui

86 834 188 72 proprie
222 834 188 72 dicitur
359 834 154 72 donum
461 834 136 72 Dei,
547 834 119 72 cum
615 834 154 72 tamen
717 834 85 72 &
751 834 136 72 alia
820 834 119 72 plur-

89 880 125 64 sint
168 880 125 64 dona
246 880 125 64 Dei.
324 880 109 64 Sed
387 880 188 64 Spiritus
527 880 172 64 sanctus
652 880 94 64 in
699 880 235 64 proprietate
871 880 63 64 in

94 938 189 57 mutabili
236 938 79 57 &
268 938 173 57 aeterna
394 938 142 57 donum
488 938 126 57 est,
567 938 142 57 sicut
661 938 158 57 Filius
756 938 173 57 proprieta

85 980 102 74 te
136 980 119 74 est
204 980 187 74 Filius.
340 980 102 74 Eo
391 980 136 74 enim
476 980 187 74 dicitur
612 980 170 74 donum,
731 980 119 74 quo
782 980 153 74 Spiritu

82 1042 203 57 sanctus,
234 1042 84 57 &
268 1042 186 57 vtroque
403 1042 169 57 vtique
521 1042 169 57 nomine
639 1042 203 57 relatiue
774 1042 169 57 dicitur.

89 1080 202 69 eademque
241 1080 219 69 relatione
409 1080 185 69 dicitur
544 1080 202 69 Spiritus
696 1080 185 69 sanctus
831 1080 84 69 &
848 1080 84 69 do-

82 1126 126 61 num:
161 1126 142 61 licet
256 1126 126 61 ipsa
335 1126 174 61 relatio
461 1126 110 61 non
524 1126 110 61 ita
587 1126 189 61 appareat
729 1126 95 61 in
776 1126 110 61 hoc
824 1126 110 61 nomi-

88 1185 95 53 ne
136 1185 191 53 Spiritus
279 1185 191 53 sanctus,
422 1185 143 53 sicut
518 1185 95 53 in
565 1185 111 53 hoc
629 1185 175 53 nomine,
756 1185 159 53 donum.
851 1185 80 53 Vn-

72 1242 104 47 vde
132 1242 119 47 Aug.
206 1242 89 47 in
250 1242 89 47 v.
295 1242 134 47 libro
384 1242 89 47 de
429 1242 193 47 Trinitate
577 1242 119 47 ait,
652 1242 178 47 Spiritus
785 1242 178 47 sanctus,

96 1288 106 55 qui
156 1288 106 55 non
217 1288 106 55 est
277 1288 197 55 Trinitas,
429 1288 106 55 sed
489 1288 91 55 in
535 1288 197 55 Trinitate
686 1288 257 55 intelligitur,
882 1288 61 55 in

96 1324 92 63 eo
142 1324 122 63 quod
218 1324 168 63 proprie
340 1324 168 63 dicitur
462 1324 183 63 Spiritus
599 1324 183 63 sanctus,
737 1324 183 63 relatiue
859 1324 76 63 di-

92 1388 171 53 citur,
212 1388 120 53 cum
280 1388 103 53 ad
332 1388 171 53 Patrem
452 1388 86 53 &
486 1388 171 53 Filium
606 1388 223 53 refertur:
778 1388 137 53 quia
846 1388 103 53 Spi-

91 1423 146 64 ritus
188 1423 195 64 sanctus,
334 1423 81 64 &
366 1423 178 64 Patris,
496 1423 81 64 &
529 1423 146 64 Filij
626 1423 81 64 &
658 1423 195 64 Spiritus
804 1423 130 64 est.
869 1423 81 64 Sed

81 1478 132 63 ipsa
163 1478 181 63 relatio
295 1478 115 63 non
361 1478 181 63 apparet
493 1478 99 63 in
542 1478 115 63 hoc
608 1478 181 63 nomine:
740 1478 181 63 apparet
856 1478 82 63 au-

86 1530 130 53 tem
161 1530 130 53 cum
235 1530 204 53 dicitur
383 1530 167 53 donum
494 1530 148 53 Dei.
587 1530 167 53 Donum
698 1530 148 53 enim
791 1530 130 53 est
846 1530 93 53 Pa-

91 1575 132 58 tris
173 1575 82 58 &
206 1575 165 58 Filij,
321 1575 132 58 quia
404 1575 82 58 a
437 1575 148 58 Patre
536 1575 198 58 procedit
684 1575 82 58 &
717 1575 82 58 a
750 1575 165 58 Filio:
849 1575 99 58 ergo

94 1617 194 62 Spiritus
240 1617 178 62 sanctus
369 1617 243 62 ineffabilis
563 1617 178 62 quaedam
693 1617 162 62 Patris
790 1617 162 62 Filiique

91 1675 186 49 communto
231 1675 124 49 est.
309 1675 93 49 Et
356 1675 124 49 ideo
433 1675 186 49 fortasse
573 1675 109 49 sic
635 1675 233 49 appellatur,
822 1675 93 49 vt
868 1675 109 49 iam

90 1718 191 76 diximus,
234 1718 112 76 nec
297 1718 175 76 iterare
425 1718 159 76 piget:
536 1718 128 76 quia
616 1718 143 76 Patri
712 1718 80 76 &
744 1718 143 76 Filio
823 1718 128 76 potest
