1230 2045
270 109 315 77 Lombardica:
522 109 147 77 non
606 109 357 77 Augustiniana,
899 109 210 77 quorum
1025 109 126 77 pars

278 170 146 68 vna
361 170 270 68 παpiλκeι,
569 170 416 68 ingratissimumque
902 170 250 68 pleonasmum

251 208 168 81 habet.

444 265 209 83 Censura
596 265 114 83 ad
634 265 286 83 Distinctionem

481 359 291 61 XXVI

335 444 182 71 Praeter
468 444 116 71 ea,
534 444 132 71 quae
617 444 132 71 sunt
699 444 83 71 a
732 444 149 71 nobis
831 444 99 71 in
881 444 198 71 singulis
1013 444 116 71 capi-

271 511 159 49 tibus
377 511 247 49 obseruata,
571 511 141 49 nemo
659 511 159 49 certe
765 511 282 49 diffitebitur
995 511 106 49 in
1030 511 88 49 vnr

285 555 174 64 uersam
406 555 139 64 hanc
493 555 295 64 Distinctionem
737 555 139 64 ista
823 555 139 64 dici
893 555 139 64 posse.

327 608 214 51 Primum,
482 608 155 51 quod
579 608 97 51 &
618 608 272 51 perturbata
832 608 97 51 &
870 608 194 51 inanis
987 608 136 51 repe-

279 656 154 50 titio
382 656 120 50 est
450 656 171 50 eorum,
570 656 137 50 quae
655 656 154 50 supra
758 656 222 50 Distinct.
929 656 103 50 28
963 656 154 50 fuerunt

275 705 131 61 iam
331 705 225 61 explicata.

330 750 260 62 Secundum,
530 750 200 62 nullum
670 750 140 62 non
751 750 160 62 fere
851 750 200 62 Patrum
971 750 140 62 locum

286 797 113 69 hic
350 797 177 69 citari,
479 797 113 69 qui
543 797 113 69 non
608 797 161 69 fuerit
721 797 97 69 in
769 797 113 69 hac
833 797 258 69 Distinctione
1027 797 81 69 fo-

273 846 208 66 dissime
406 846 227 66 corruptus.

331 889 222 73 Tertium,
498 889 241 73 curiosam,
683 889 167 73 neque
795 889 167 73 satis
906 889 185 73 firmam
1017 889 111 73 esse

274 945 105 63 de
327 945 298 63 appellationis
573 945 211 63 Spiritus
731 945 176 63 sancti
854 945 193 63 ratione
977 945 140 63 expli-

272 985 239 65 cationem,
456 985 147 65 quum
548 985 129 65 eam
622 985 184 65 censet
751 985 221 65 relatiue
916 985 166 65 dici,
1008 985 111 65 etsi

279 1045 201 56 proprio
425 1045 256 56 relationis
626 1045 219 56 vocabulo
790 1045 183 56 caret,
918 1045 201 56 quoniam
1046 1045 73 56 i-

271 1091 121 53 dem
340 1091 225 53 plerisque
513 1091 155 53 etiam
616 1091 155 53 aliis
720 1091 225 53 relatiuis
892 1091 207 53 accidere
1031 1091 86 53 do-

275 1137 119 54 cet
343 1137 255 54 Aristoteles
547 1137 102 54 in
598 1137 221 54 categoria
767 1137 119 54 κει
835 1137 119 54 ταν
903 1137 170 54 σειςτ.
1005 1137 119 54 Dici-

269 1188 131 59 tur
344 1188 244 59 (quicquid
532 1188 206 59 conetur
681 1188 131 59 hic
756 1188 225 59 efficere
906 1188 225 59 Lombardus)

273 1234 182 58 potius
400 1234 219 58 Spiritus
564 1234 200 58 sanctus
710 1234 200 58 nostri,
856 1234 146 58 quam
929 1234 200 58 diuinarum

283 1283 254 65 Personarum,
486 1283 102 65 id
537 1283 136 65 est,
622 1283 186 65 Patris,
757 1283 85 65 &
791 1283 152 65 Filij
893 1283 203 65 ratione,
1028 1283 102 65 quo-

277 1332 139 60 niam
364 1332 122 60 non
433 1332 226 60 carnalis,
608 1332 122 60 sed
677 1332 279 60 spiritualis,
904 1332 157 60 mira,
991 1332 139 60 nobis-

273 1371 122 68 que
342 1371 383 68 incomprehensibilis
673 1371 209 68 sentitur
829 1371 174 68 illius
934 1371 191 68 ἀripacia,

275 1427 93 70 &
313 1427 185 70 quidem
442 1427 130 70 nos
516 1427 241 70 praecipue
701 1427 315 70 sanctificans.
942 1427 185 70 Spiritum

274 1474 163 72 enim
375 1474 264 72 appellant
579 1474 224 72 Hebraei
742 1474 142 72 vim
823 1474 285 72 naturamque
1026 1474 102 72 om-

274 1520 123 63 nem
345 1520 123 63 vel
415 1520 246 63 essentiam,
608 1520 140 63 quae
695 1520 193 63 interna
836 1520 140 63 est,
906 1520 228 63 incospicua,

272 1567 96 63 &
291 1567 191 63 efficax.

351 1620 222 59 Denique
512 1620 162 59 quid
614 1620 182 59 magis
735 1620 344 59 intempestiuum
1018 1620 162 59 est,

287 1663 85 75 &
321 1663 306 75 ἁνεοννδιονυοον
576 1663 102 75 ad
627 1663 187 75 Titulum
763 1663 153 75 huius
865 1663 306 75 Distinctionis,
