1270 2025
88 108 148 60 dem
172 108 148 60 rei
257 108 274 60 notiones,
467 108 316 60 quemadmodum
699 108 253 60 impiissime

88 163 243 65 Sabelliani
279 163 296 65 contenderunt.
522 163 156 65 Atque
627 163 139 65 haec
714 163 156 65 sunt,
818 163 139 65 quae
887 163 70 65 in

87 206 143 60 huis
177 206 287 60 tractationis
410 206 108 60 de
464 206 323 60 Proprietatibus
715 206 233 60 personaliba

89 261 212 54 ingressu
248 261 88 54 a
283 261 212 54 Lombardo
442 261 212 54 tradenda
601 261 212 54 fuerant,
760 261 106 54 si
813 261 124 54 suo
866 261 88 54 ti-

98 303 140 67 tulo
185 303 279 67 &promissioni
412 303 262 67 satisfacere
621 303 192 67 vellet.
761 303 122 67 Sed
813 303 140 67 nonest

94 348 144 73 homo
184 348 144 73 iste
274 348 126 73 tam
346 348 270 73 religiosus,
562 348 108 73 vt
616 348 162 73 fidem
724 348 216 73 exoluat,
868 348 90 73 qui

92 404 122 45 ne
153 404 122 45 in
214 404 265 45 optimorum
418 404 204 45 quidem
561 404 286 45 scriptorum
765 404 184 45 senten-

89 451 153 66 tia,
185 451 211 66 tanquam
338 451 211 66 pecunia
491 451 192 66 aliena
625 451 172 66 nobis
721 451 230 66 repraesen-

93 502 172 51 tanda,
213 502 189 51 fidelis
351 502 138 51 est.
437 502 138 51 Haec
523 502 172 51 igitur
643 502 155 51 sunt,
747 502 138 51 quae
833 502 103 51 in
867 502 86 51 hac

85 549 307 67 Distinctione
334 549 154 67 visa
430 549 154 67 sunt
527 549 346 67 animaduersione
795 549 154 67 digna.

91 593 164 64 quam
194 593 247 64 conferto
379 593 144 64 cum
462 593 206 64 capite
605 593 185 64 sexto
729 593 206 64 nostra
852 593 103 64 Sy

64 645 218 78 nopseos.

177 861 557 96 DISTINCTIO
575 861 279 96 XXVII

81 938 138 72 An
150 938 229 72 easdem
311 938 367 72 proprietates
609 938 298 72 assignent
815 938 115 72 Au-

147 999 236 95 gustinus
324 999 98 95 &
363 999 236 95 Hilarius
540 999 98 95 :
579 999 98 95 &
619 999 118 95 an
678 999 157 95 ista
756 999 118 95 sint

261 1062 160 83 quae
361 1062 240 83 dicuntur
541 1062 299 83 paternitas,

339 1120 267 79 filiatio,
544 1120 103 79 &
564 1120 123 79 pro

406 1178 179 71 cessio.

392 1238 263 70 CAP.
524 1238 131 70 I.

86 1316 153 74 ERIC
181 1316 191 74 quaeri
315 1316 210 74 potest,
467 1316 439 74 vtrumiproprietates,
830 1316 95 74 qua

162 1377 95 67 ag
210 1377 190 67 Hilarius
353 1377 143 67 supra
448 1377 238 67 assignauit,
638 1377 206 67 scilicet,
797 1377 127 67 quod
861 1377 63 67 Pa

204 1427 112 60 ter
268 1427 160 60 semper
380 1427 112 60 est
444 1427 160 60 Pater,
556 1427 80 60 &
588 1427 160 60 Filius
700 1427 160 60 semper
812 1427 112 60 est
860 1427 64 60 Fi

76 1466 142 63 lius,
171 1466 126 63 sint
250 1466 142 63 illae
345 1466 158 63 eaedem
456 1466 269 63 porprietates,
677 1466 126 63 quas
740 1466 190 63 Augustinus

84 1522 187 64 superius
225 1522 219 64 distinxit,
397 1522 172 64 dicens:
522 1522 187 64 proprium
662 1522 125 64 esse
741 1522 156 64 Patris
834 1522 94 64 quoo

84 1578 167 60 genuit
201 1578 184 60 Filium,
335 1578 84 60 &
369 1578 201 60 proprium
520 1578 151 60 Filij
620 1578 134 60 quod
704 1578 184 60 genitus
838 1578 117 60 est
888 1578 50 60 a

86 1621 164 65 Patre,
201 1621 82 65 &
234 1621 197 65 Spiritus
381 1621 181 65 sancti,
513 1621 132 65 quod
595 1621 99 65 ab
645 1621 181 65 vtroque
760 1621 164 65 procedit

81 1671 95 51 Ac
129 1671 159 51 deinde
240 1671 143 51 vtrum
335 1671 79 51 &
367 1671 143 51 istae
462 1671 127 51 sunt
542 1671 143 51 illae
637 1671 127 51 quae
717 1671 191 51 dicuntur
844 1671 79 51 pa-

74 1718 212 77 ternitas,
237 1718 212 77 filiatio,
400 1718 228 77 processio.
579 1718 179 77 Videtur
709 1718 130 77 quod
791 1718 114 77 non
840 1718 81 77 sin
