1294 2038
96 110 136 59 Ecce
181 110 119 59 tot
249 110 153 59 modis
351 110 170 59 potuit
470 110 204 59 cognosci
624 110 187 59 veritas
760 110 136 59 Dei.
845 110 136 59 Quum

96 172 131 61 ergo
178 172 131 61 Deus
260 172 115 61 vna
326 172 115 61 sit
391 172 82 61 &
424 172 181 61 simplex
556 172 214 61 essentia,
720 172 131 61 quae
802 172 99 61 ex
835 172 115 61 nulla

87 217 238 64 diuersitate
278 217 175 64 partium
404 217 111 64 vel
468 217 238 64 accidentium
658 217 222 64 consistit,
817 217 127 64 plura-

88 263 166 52 liter:
205 263 149 52 tamen
304 263 149 52 dicit
404 263 232 52 Apostolus,
586 263 249 52 Inuisibilia
785 263 133 52 Dei,
851 263 100 52 quia

111 310 195 68 pluribus
257 310 146 68 modis
354 310 244 68 cognoscitur
549 310 179 68 veritas
679 310 114 68 Dei
744 310 114 68 per
809 310 97 68 ea
842 310 97 68 quae

84 371 163 47 facta
192 371 163 47 sunt.
301 371 108 47 Ex
355 371 289 47 perpetuitate
590 371 181 47 nanque
698 371 235 47 creaturarum

92 412 252 53 intelligitur
297 412 189 53 conditor
439 412 205 53 aeternus:
596 412 95 53 ex
644 412 236 53 magnitudine
817 412 110 53 crea-

87 464 198 58 turarum,
235 464 247 58 omnipotens:
432 464 99 58 ex
482 464 165 58 ordine
597 464 82 58 &
630 464 280 58 dispositione,
844 464 82 58 sa-

93 507 165 57 piens:
208 507 99 57 ex
257 507 280 57 gubernatione,
488 507 165 57 bonus.
603 507 132 57 Haec
685 507 148 57 autem
784 507 148 57 omnia
866 507 66 57 ao

93 554 208 72 vnitatem
248 554 208 72 Deitatis
404 554 225 72 pertinent
577 554 277 72 monstrandam.

326 608 299 90 CAP.
475 608 150 90 VI

223 669 214 82 Quomodo
378 669 117 82 in
436 669 253 82 creaturis
612 669 194 82 appareat

296 731 236 76 vestigium
459 731 236 76 Trinitatis.

136 796 158 56 NVNC
235 796 197 56 restat
373 796 276 56 ostendere,
590 796 178 56 vtrum
709 796 138 56 per
788 796 118 56 ea
827 796 99 56 qua

86 857 147 61 facta
184 857 147 61 sunt,
282 857 180 61 aliquod
413 857 229 61 Trinitatis
593 857 196 61 indicium
740 857 114 61 vel
789 857 147 61 exiguum

89 904 158 53 haberi
200 904 206 53 potucrit.
359 904 95 53 De
406 904 111 53 hoc
469 904 174 53 August.
596 904 127 53 lib.
675 904 79 53 6
707 904 95 53 de
755 904 143 53 Trin.
834 904 95 53 ait,

83 950 172 61 Oportet
209 950 94 61 vt
256 950 204 61 creatorem
412 950 110 61 per
475 950 94 61 ea
522 950 125 61 quae
601 950 141 61 facta
695 950 141 61 sunt,
773 950 141 61 intelle

88 992 117 61 cta
155 992 302 61 conspicientes,
407 992 235 61 Trinitatem
591 992 285 61 intelligamus.
809 992 117 61 Huiu-

93 1036 126 68 enim
172 1036 221 68 Trinitatis
346 1036 206 68 vestigium
504 1036 95 68 in
552 1036 206 68 creaturis
710 1036 190 68 apparet.
836 1036 95 68 Haec

92 1099 131 48 enim
174 1099 131 48 quae
256 1099 131 48 arte
338 1099 164 48 diuina
452 1099 148 48 facta
551 1099 148 48 sunt,
649 1099 82 48 &
682 1099 197 48 vnitatem
813 1099 115 48 quan-

98 1143 122 50 dam
167 1143 105 50 in
220 1143 105 50 se
272 1143 245 50 ostendunt,
464 1143 87 50 &
499 1143 210 50 speciem,
657 1143 87 50 &
691 1143 210 50 ordinem.
849 1143 122 50 Nam

92 1188 187 64 quodque
228 1188 153 64 horum
329 1188 237 64 creatorum,
516 1188 85 64 &
550 1188 136 64 vnum
635 1188 187 64 aliquid
770 1188 136 64 est,
838 1188 85 64 sic

86 1244 103 55 ut
137 1244 138 55 sunt
224 1244 207 55 naturae:
379 1244 207 55 corporum
534 1244 86 55 &
568 1244 190 55 ingenia
706 1244 207 55 animarum
861 1244 86 55 :
878 1244 52 55 &

92 1292 148 47 aliqua
196 1292 148 47 specie
299 1292 192 47 formatur,
447 1292 133 47 sicut
536 1292 118 47 sunt
610 1292 163 47 figurae
729 1292 104 47 vel
773 1292 148 47 qualita.

86 1346 109 52 tes
149 1346 203 52 corporum,
305 1346 94 52 ac
352 1346 203 52 doctrinae
508 1346 109 52 vel
570 1346 140 52 artes
663 1346 187 52 animarum
804 1346 78 52 :
835 1346 78 52 &
851 1346 62 52 or

87 1384 140 57 dinem
181 1384 171 57 aliquem
305 1384 140 57 petit
399 1384 109 57 aut
461 1384 156 57 tenet,
570 1384 140 57 sicut
663 1384 125 57 sunt
741 1384 171 57 pondera
850 1384 78 57 vei

85 1430 246 51 collationes
281 1430 213 51 corporum,
445 1430 82 51 &
478 1430 164 51 amores
592 1430 115 51 vel
658 1430 278 51 delectationes
871 1430 49 51 a

86 1480 195 56 nimarum:
232 1480 81 56 &
265 1480 114 56 ita
330 1480 98 56 in
379 1480 212 56 creaturis
541 1480 212 56 praelucet
704 1480 212 56 vestigium
851 1480 81 56 Tri

86 1524 194 58 nitatis.
231 1524 97 58 In
280 1524 129 58 illa
361 1524 129 58 enim
441 1524 210 58 Trinitate
603 1524 145 58 summa
700 1524 145 58 origo
797 1524 113 58 est
845 1524 81 58 om.

85 1581 131 61 nium
167 1581 164 61 rerum,
282 1581 82 61 &
314 1581 279 61 perfectissima
544 1581 263 61 pulchritudo,
758 1581 82 61 &
774 1581 148 61 beatis-

84 1617 135 74 sima
168 1617 252 74 delectatio.
370 1617 151 74 Summa
471 1617 151 74 autem
572 1617 168 74 origo,
690 1617 101 74 vt
740 1617 185 74 August.
858 1617 67 74 o-

87 1670 172 71 stendit
213 1670 94 71 in
260 1670 125 71 lib.
338 1670 94 71 De
385 1670 125 71 vera
463 1670 219 71 religione,
635 1670 250 71 intelligitur
823 1670 94 71 Deu.

80 1719 172 82 Pater,
200 1719 86 82 a
235 1719 120 82 quo
304 1719 138 82 sunt
390 1719 172 82 omnia:
510 1719 86 82 a
544 1719 120 82 quo
613 1719 172 82 Filius
734 1719 86 82 &
751 1719 172 82 Spiritus
