1234 2033
288 111 147 86 ginem
386 111 98 86 ad
435 111 98 86 se
484 111 131 86 dici
566 111 131 86 Idem
647 111 98 86 in
696 111 98 86 &.
745 111 180 86 Dicitur
876 111 196 86 relatiue
1007 111 147 86 Filius.

297 179 200 72 relatiue
447 179 183 72 dicitur
581 179 183 72 verbum,
714 179 83 72 &
747 179 167 72 imago:
864 179 83 72 &
897 179 100 72 in
947 179 183 72 omnibus
1064 179 83 72 his

301 238 232 56 vocabulis
479 238 107 56 ad
533 238 178 56 Patrem
658 238 232 56 refertur,
836 238 160 56 nihil
943 238 160 56 autem
1032 238 125 56 horum

295 280 151 81 Pater
379 280 168 81 dicitur.

550 329 327 91 CAP.
714 329 163 91 VI

374 412 230 85 Breuiter
547 412 192 85 summam
681 412 230 85 colligit
834 412 250 85 intelligen-

537 470 143 68 tiae
609 470 268 68 praedictorum.

344 507 208 83 APERTE
490 507 249 83 ostensum
676 507 166 83 est,
780 507 166 83 quod
884 507 187 83 sicut
988 507 166 83 Filius

307 572 115 73 vel
372 572 181 73 genitus
504 572 198 73 relatiue
652 572 181 73 dicitur
784 572 99 73 ad
833 572 181 73 Patrem,
965 572 115 73 ita
1014 572 132 73 verbum

301 627 85 57 &
335 627 170 57 imago:
454 627 85 57 &
488 627 136 57 quod
573 627 102 57 eo
624 627 187 57 dicitur
760 627 170 57 verbum
879 627 136 57 siue
964 627 153 57 imago
1049 627 85 57 qui

304 667 171 73 Filius,
428 667 93 73 id
474 667 124 73 est,
552 667 140 73 eadem
645 667 233 73 proprietate
831 667 124 73 siue
908 667 171 73 notione
1017 667 109 73 dici-

303 728 121 60 tur
372 728 173 60 verbum
493 728 86 60 &
527 728 173 60 imago,
648 728 121 60 qua
717 728 190 60 Filius:
856 728 121 60 sed
925 728 121 60 non
994 728 121 60 eo,
1046 728 86 60 quo

304 770 171 63 verbum,
429 770 171 63 dicitur
553 770 202 63 sapientia
708 770 109 63 vel
770 770 202 63 essentia:
925 770 124 63 quia
1003 770 109 63 non
1049 770 78 63 no-

300 831 149 55 tione
400 831 116 55 qua
466 831 182 55 dicitur
599 831 182 55 verbum,
731 831 182 55 dicitur
864 831 232 55 sapientia.
1046 831 116 55 Nam

297 874 213 63 sapientia
461 874 181 63 dicitur
592 874 197 63 secundum
740 874 230 63 essentiam,
921 874 115 63 non
970 874 164 63 secundum

278 925 227 62 relationem:

501 979 298 106 CAP.
650 979 186 106 VII

296 1061 243 86 Generalis
484 1061 187 86 regula
615 1061 187 86 eorum,
746 1061 150 86 quae
839 1061 112 86 ad
896 1061 131 86 se:
970 1061 94 86 &
989 1061 150 86 corum,

347 1127 148 83 quae
439 1127 222 83 relatiue
606 1127 241 83 dicuntur:
791 1127 222 83 Quicquid
957 1127 148 83 enim
1031 1127 74 83 ad

432 1170 142 74 se,
513 1170 183 74 simul
635 1170 162 74 ambo
736 1170 264 74 dicuntur:
919 1170 101 74 sed

532 1225 122 69 non
601 1225 122 69 ita
671 1225 104 69 in
705 1225 209 69 praedictis

617 1271 209 58 relatiuis.

359 1311 103 79 ET
410 1311 120 79 est
479 1311 120 79 hic
547 1311 240 79 aduertenda
735 1311 188 79 quaedam
872 1311 222 79 generalis
1026 1311 120 79 regu-

317 1379 99 58 la
366 1379 148 58 eorum
465 1379 132 58 quae
547 1379 99 58 ad
597 1379 115 58 se,
663 1379 82 58 &
696 1379 148 58 eorum
795 1379 132 58 quae
877 1379 198 58 relatiue
1009 1379 132 58 dicun-

314 1431 119 69 tur
382 1431 102 69 de
433 1431 153 69 Patre
536 1431 85 69 &
570 1431 170 69 Filio.
689 1431 205 69 Quicquid
842 1431 136 69 enim
927 1431 102 69 ad
979 1431 102 69 se
1013 1431 119 69 dicum

317 1476 119 59 tur,
392 1476 89 59 vt
436 1476 104 59 ait
496 1476 119 59 Aug.
570 1476 89 59 in
615 1476 89 59 &.
660 1476 119 59 lib.
734 1476 89 59 de
779 1476 134 59 Trin,
868 1476 104 59 non
928 1476 164 59 dicitur
1032 1476 104 59 alter

313 1527 126 65 sine
392 1527 173 65 altero,
517 1527 94 65 id
564 1527 126 65 est,
643 1527 188 65 quicquid
784 1527 188 65 dicuntur
925 1527 126 65 quod
988 1527 157 65 substan-

306 1582 132 64 tiam
389 1582 149 64 eorum
489 1582 215 64 ostendat,
654 1582 132 64 ambo
737 1582 149 64 simul
836 1582 215 64 dicuntur.
1002 1582 132 64 Ergo
1068 1582 83 64 nec

306 1626 142 70 Pater
401 1626 111 70 est
464 1626 126 70 Deus
543 1626 126 70 sine
622 1626 158 70 Filio,
733 1626 111 70 nec
796 1626 158 70 Filius
906 1626 126 70 sine
985 1626 158 70 Patre,
1080 1626 79 70 sed

308 1675 134 71 ambo
392 1675 151 71 simul
493 1675 151 71 Deus:
593 1675 117 71 sed
660 1675 117 71 non
727 1675 134 71 ambo
811 1675 151 71 simul
912 1675 168 71 Pater,
1029 1675 117 71 non
1096 1675 101 71 am

296 1723 101 79 bo
347 1723 152 79 simul
448 1723 185 79 Filius,
582 1723 118 79 vel
650 1723 168 79 verbum
768 1723 118 79 vel
818 1723 135 79 imago.
