1264 2029
80 117 173 46 nitate
201 117 208 46 Proprium
357 117 139 46 enim
444 117 139 46 esse
530 117 191 46 Patris,
669 117 139 46 quod
755 117 173 46 genuit
859 117 87 46 Fi-

84 163 148 63 lium:
182 163 132 63 Fij,
264 163 132 63 quod
347 163 181 63 genitus
478 163 132 63 sit,
560 163 115 63 &c.
626 163 132 63 Ergo
708 163 197 63 diuersas
840 163 115 63 istas

82 212 132 52 tum
158 212 246 52 haereses,
347 212 132 52 tum
422 212 284 52 quaestiones
649 212 265 52 confundens
839 212 113 52 Lon-

82 258 205 56 bardus,
232 258 149 56 idem
325 258 112 56 ab
381 258 205 56 vtroque
530 258 149 56 dici
623 258 187 56 putat,
754 258 242 56 nequaquam

82 301 106 80 ad
135 301 124 80 ea,
206 301 142 80 quae
295 301 142 80 ipse
383 301 212 80 legebat,
525 301 212 80 attendens.

266 371 227 84 AD
380 371 303 84 CAP.
531 371 190 84 III

207 430 154 69 Deus
303 430 135 69 vol
380 430 193 69 diuina
515 430 251 69 essentia.
708 430 154 69 Quod
785 430 174 69 maximum

92 493 108 56 in
146 493 198 56 docendo
290 493 180 56 vitium
416 493 144 56 esse
506 493 180 56 solet,
631 493 216 56 admittit
793 493 126 56 hoc
847 493 108 56 loco

87 541 301 72 Lombardus,
323 541 236 72 nimirum
495 541 129 72 vt
559 541 258 72 obscurum
753 541 172 72 quod
839 541 107 72 est

94 588 223 58 doceat,
256 588 101 58 &
296 588 202 58 probet
438 588 142 58 per
519 588 182 58 aliud
640 588 283 58 obscurius.
843 588 101 58 Hoc

97 636 230 61 contendit
274 636 177 61 Patris
398 636 177 61 nomine
521 636 88 61 &
556 636 247 61 hypostasin
751 636 88 61 &
768 636 177 61 relatio-

90 683 133 69 nem
166 683 304 69 significari.
413 683 152 69 Quod
508 683 114 69 vt
566 683 285 69 demonstret,
775 683 171 69 profert

97 735 143 58 hanc
187 735 197 58 phrasim
330 735 143 58 Deus
420 735 125 58 est
491 735 179 58 Pater,
617 735 107 58 in
670 735 125 58 qua
742 735 179 58 Patris
849 735 90 58 vo-

91 791 226 52 cabulum,
261 791 151 52 ait,
355 791 94 52 &
393 791 283 52 relationem,
619 791 94 52 &
656 791 264 52 hypostasin
845 791 94 52 de-

101 829 200 56 signat.
246 829 145 56 Haec
337 829 200 56 phrasis
483 829 182 56 istius
610 829 309 56 interpretatio
846 829 91 56 con

96 875 235 68 trouersa
273 875 157 68 est,
371 875 137 68 cum
449 875 235 68 nonnulli
625 875 137 68 eam
704 875 157 68 esse
782 875 157 68 impro-

90 925 158 66 priam
196 925 194 66 putent,
337 925 106 66 si
390 925 194 66 dicamus
530 925 176 66 Patris
653 925 158 66 nome,
759 925 158 66 velut
847 925 88 66 at-

92 973 121 63 tr.
161 973 173 63 butum,
282 973 104 63 de
334 973 121 63 Deo
404 973 243 63 praedicari
594 973 104 63 in
646 973 121 63 hac
716 973 260 63 enuntiatio¬

94 1022 116 61 ne
152 1022 154 61 Deus
248 1022 135 61 est
325 1022 174 61 Paer.
441 1022 174 61 Nimia
556 1022 154 61 enim
653 1022 212 61 Arianis
807 1022 96 61 &
826 1022 116 61 Pho-

90 1083 229 54 tinianis
262 1083 210 54 erraudi
414 1083 191 54 causam
548 1083 153 54 tunc
643 1083 229 54 praebet,
815 1083 133 54 qui
872 1083 76 54 ex

89 1121 149 56 hac
174 1121 192 56 eadem
302 1121 405 56 interpretatione
643 1121 192 56 solum
771 1121 213 56 Patrem

97 1170 141 59 Deum
186 1170 88 59 &
221 1170 159 59 esse,
327 1170 88 59 &
362 1170 194 59 proprie
503 1170 141 59 dici
591 1170 247 59 censebant.
785 1170 141 59 Ergo
856 1170 88 59 qui

102 1215 156 60 vere
200 1215 98 60 &
239 1215 254 60 orthodoxe
435 1215 156 60 haec
533 1215 176 60 verba
650 1215 254 60 exponunt,
826 1215 117 60 Deus

92 1268 130 55 est
167 1268 186 55 Pater,
297 1268 130 55 pro
371 1268 111 55 eo
427 1268 149 55 sumi
520 1268 242 55 scribique
705 1268 186 55 aiunt,
817 1268 130 55 Pater

95 1316 132 54 est
171 1316 170 54 Deus,
284 1316 113 54 vt
341 1316 151 54 Deus
435 1316 132 54 sit
511 1316 283 54 attributum,
737 1316 132 54 non
813 1316 170 54 autem

97 1364 194 57 Pater.
233 1364 136 57 Sic
310 1364 155 57 apud
407 1364 214 57 Ioannem
563 1364 194 57 capite
699 1364 117 57 t.
757 1364 233 57 scriptum

99 1409 148 62 est,
192 1409 130 62 κας
266 1409 148 62 Oεος
359 1409 111 62 ὑν
415 1409 185 62 Oλνoς.
544 1409 148 62 Quod
637 1409 167 62 vulgo
730 1409 222 62 conuertunt

98 1456 116 61 Et
156 1456 154 61 Deus
252 1456 154 61 erat
349 1456 212 61 verbum,
503 1456 174 61 proeo
619 1456 154 61 quod
715 1456 154 61 vere
793 1456 154 61 trans-

97 1512 168 59 ferri
209 1512 224 59 oportet,
378 1512 93 59 &
415 1512 168 59 Sermo
527 1512 149 59 ille
620 1512 149 59 erat
714 1512 168 59 Deus.
826 1512 112 59 Et
863 1512 75 59 a-

96 1551 153 69 pud
184 1551 219 69 eundem
337 1551 241 69 Ioannem
513 1551 219 69 capite
666 1551 132 69 4.
732 1551 197 69 Versu
841 1551 110 69 24-

98 1618 189 49 ωνεμμα
230 1618 170 49 oQεῆς
343 1618 151 49 quod
438 1618 113 49 ad
494 1618 189 49 verbum
626 1618 226 49 vertunt,
796 1618 113 49 Et
834 1618 113 49 Spi-

98 1655 171 49 ritus
212 1655 133 49 est
288 1655 171 49 Deus,
402 1655 133 49 sed
478 1655 114 49 ad
535 1655 190 49 mentem
668 1655 209 49 Ioannis
820 1655 133 49 est
877 1655 76 49 m-

101 1690 344 87 terpretandunt,
388 1690 115 87 Et
445 1690 153 87 Deus
541 1690 134 87 est
617 1690 248 87 Spiritus.
808 1690 153 87 Hinc
885 1690 76 87 in
