1213 2029
295 105 146 70 tiae:
392 105 129 70 Ergo
473 105 97 70 vt
521 105 226 70 respondeam
699 105 129 70 mihi
780 105 226 70 propositae
942 105 210 70 quaestioni,

325 164 149 56 Primo
425 164 165 56 omnium
540 164 99 56 in
590 164 182 56 diuinis
722 164 231 56 Scripturis
903 164 215 56 ingenitus
1052 164 99 56 nus-

302 210 136 69 quam
387 210 187 69 inuemo,
523 210 119 69 non
591 210 153 69 legi,
693 210 119 69 non
761 210 187 69 audiui.
897 210 153 69 Cuius
999 210 136 69 ergo
1067 210 85 69 mu-

304 255 233 63 tabilitatis
491 255 125 63 sunt
569 255 171 63 homines
694 255 218 63 huiusmodi,
865 255 93 63 vt
912 255 109 63 nos
974 255 156 63 dicant
1067 255 78 63 ea-

305 307 187 62 usurpare
446 307 125 62 quae
524 307 109 62 non
587 307 125 62 sunt
665 307 187 62 scripta,
805 307 109 62 cum
868 307 94 62 ea
915 307 125 62 quae
977 307 172 62 suntscri-

299 359 114 65 pta
364 359 196 65 dicamus,
511 359 82 65 &
543 359 131 65 ipsi
625 359 212 65 obiiciant
788 359 131 65 quod
870 359 196 65 scriptum
1016 359 114 65 non
1065 359 82 65 sic

301 410 148 55 Nonne
399 410 132 55 ipsi
482 410 132 55 sibi
564 410 264 55 aduersantur,
778 410 82 55 &
811 410 247 55 autoritatem
993 410 148 55 calunia

299 455 136 60 suae
384 455 221 60 derogante
554 455 187 60 Attende
690 455 187 60 lector,
826 455 187 60 quoniam
962 455 119 60 hoc
1013 455 136 60 nomine

298 506 209 47 ingenitus
459 506 177 47 nolebat
588 506 113 47 vti
652 506 209 47 Ambrosius
813 506 177 47 propter
926 506 209 47 haereticus.

295 554 116 63 lta
362 554 83 63 &
395 554 116 63 nos
461 554 216 63 subiicere
627 554 182 63 quaedam
760 554 182 63 oportet
892 554 182 63 propter
1008 554 133 63 calum-

292 598 188 61 niantium
433 598 203 61 insidias,
590 598 125 61 quae
668 598 219 61 Catholicis
840 598 94 61 ac
887 598 125 61 pijs
949 598 188 61 lectoribus

290 663 162 46 secure
403 663 146 46 credi
501 663 195 46 possunt.
647 663 130 46 Sunt
728 663 162 46 etenim
841 663 195 46 quaedam,
987 663 130 46 quae
1052 663 81 46 non

291 702 151 60 tantae
396 702 120 60 sunt
472 702 211 60 religionis
637 702 75 60 &
667 702 241 60 autoritatis,
863 702 90 60 vt
908 702 105 60 eis
968 702 105 60 non
1014 702 105 60 opor-

300 743 121 54 teat
376 743 151 54 semper
481 743 212 54 confitendo
648 743 91 54 ac
693 743 212 54 recipiendo
860 743 212 54 inseruire,
1011 743 106 54 verum

290 804 179 55 silentio
424 804 194 55 aliquando
573 804 208 55 praeteriri
737 804 164 55 queunt:
856 804 104 55 nec
915 804 149 55 illius
1005 804 104 55 tamen

295 843 126 69 sunt
374 843 283 69 peruersitatis,
610 843 142 69 quinc
704 843 110 69 cum
767 843 220 69 opportunum
924 843 189 69 fuerit)eis

297 892 124 71 vti
368 892 195 71 liberum
492 892 195 71 habeamus.

529 987 302 68 CAP.
680 987 151 68 V.

430 1039 112 76 An
486 1039 223 76 diuersum
654 1039 130 76 sit
728 1039 149 76 esse
821 1039 186 76 Patrem
951 1039 93 76 &

582 1105 141 65 esse
653 1105 159 65 Filium.

340 1170 252 61 PRAETEREA
534 1170 194 61 quaeri
669 1170 194 61 solet,
805 1170 136 61 cum
883 1170 175 61 supra
980 1170 155 61 dictum

291 1224 123 63 sit,
368 1224 123 63 quia
445 1224 139 63 aliud
537 1224 108 63 est
599 1224 154 63 dicere
706 1224 216 63 ingenitum,
876 1224 139 63 aliud
968 1224 169 63 Patrem,
1076 1224 46 63 &

289 1272 133 66 quod
373 1272 200 66 diuersum
523 1272 117 66 sit
589 1272 183 66 genitus
723 1272 83 66 &
756 1272 233 66 ingenitus:
940 1272 150 66 vtrum
1023 1272 100 66 sim-

295 1321 139 62 liter
387 1321 185 62 diuersum
526 1321 108 62 sit
587 1321 123 62 esse
664 1321 154 62 Patrem
772 1321 77 62 &
803 1321 123 62 esse
880 1321 169 62 Filium,
1003 1321 92 62 an
1034 1321 92 62 idi.

293 1366 101 67 Ad
344 1366 135 67 quod
428 1366 185 67 dicimus
563 1366 135 67 quia
647 1366 101 67 ex
698 1366 152 67 eodem
799 1366 169 67 sensu,
917 1366 118 67 quo
967 1366 152 67 dicitus

294 1419 190 63 diuersum
437 1419 174 63 genitus
563 1419 79 63 &
595 1419 222 63 ingenitus,
769 1419 79 63 &
801 1419 111 63 quo
864 1419 174 63 dicitur
990 1419 95 63 no
1022 1419 95 63 esse

285 1472 128 59 idem
365 1472 161 59 dicere
478 1472 177 59 genitum
606 1472 80 59 &
638 1472 225 59 ingenitum,
815 1472 161 59 potest
927 1472 128 59 dici
1008 1472 96 59 no
1040 1472 80 59 es-

281 1515 95 69 se
329 1515 142 69 idem,
423 1515 111 69 sed
487 1515 205 69 diuersum,
644 1515 126 69 esse
723 1515 158 69 Patre,
834 1515 79 69 &
866 1515 126 69 esse
944 1515 174 69 Filium,
1055 1515 79 69 vel

287 1573 128 56 esse
367 1573 192 56 Spiritum
511 1573 192 56 sanctum:
655 1573 128 56 quia
734 1573 112 56 non
798 1573 96 56 ea
846 1573 176 56 notione
974 1573 144 56 Pater
1054 1573 80 56 est

284 1617 155 55 Pater,
392 1617 108 55 qua
454 1617 155 55 Filius
562 1617 108 55 est
624 1617 170 55 Filius,
748 1617 108 55 vel
810 1617 108 55 qua
872 1617 186 55 Spiritus
996 1617 155 55 sanctus.

286 1667 115 63 est
351 1667 196 63 Spiritus
498 1667 196 63 sanctus.
646 1667 180 63 Ideoque
777 1667 98 63 ex
826 1667 115 63 hoc
891 1667 147 63 sensu
973 1667 164 63 concedi-

281 1713 129 80 mas,
361 1713 129 80 quod
442 1713 145 80 aliud
538 1713 113 80 est
603 1713 129 80 esse
683 1713 161 80 Patre:
796 1713 80 80 &
828 1713 145 80 aliud
925 1713 113 80 est
989 1713 129 80 esse
1054 1713 80 80 Fi
