1251 2026
73 113 137 53 lium:
164 113 122 53 quia
240 113 122 53 alia
316 113 137 53 notio
407 113 122 53 est,
483 113 106 53 qua
544 113 137 53 Pater
635 113 106 53 est
696 113 152 53 Pater,
802 113 122 53 alia
863 113 76 53 qua

79 177 157 49 Filius
189 177 110 49 est
252 177 173 49 Filius.
378 177 110 49 Sed
441 177 94 49 si
488 177 236 49 transponas,
677 177 94 49 vt
724 177 157 49 dicas,
818 177 110 49 aliuo

78 215 111 63 est
141 215 158 63 Patrem
252 215 142 63 esse,
347 215 142 63 aliud
441 215 158 63 Filium
552 215 142 63 esse,
647 215 190 63 variatur
773 215 158 63 intelli-

72 263 186 64 gentia:
208 263 85 64 &
241 263 136 64 ideo
326 263 119 64 non
394 263 254 64 conceditur.
597 263 119 64 Est
665 263 136 64 enim
750 263 169 64 sensus
851 263 85 64 ta-

89 311 121 57 lis,
164 311 121 57 acsi
240 311 181 57 dicatur,
375 311 136 57 aliud
466 311 106 57 est
526 311 106 57 quo
586 311 136 57 Pater
677 311 121 57 est,
752 311 106 57 non
812 311 151 57 quidem

83 358 153 58 Pater,
190 358 107 58 sed
251 358 107 58 est
313 358 138 58 aliud
405 358 107 58 quo
466 358 153 58 Filius
573 358 123 58 est,
650 358 107 58 non
711 358 153 58 quidem
803 358 138 58 Filius.

75 410 111 65 sed
139 410 127 65 est:
218 410 127 65 quod
298 410 175 65 penitus
425 410 159 65 falsum
536 410 127 65 est.
615 410 95 65 Eo
663 410 127 65 enim
742 410 143 65 Pater
838 410 127 65 est,

84 455 111 61 quo
147 455 142 61 Pater
242 455 126 61 Deus
321 455 126 61 est,
400 455 95 61 id
447 455 126 61 est,
526 455 111 61 per
590 455 205 61 essentiam
747 455 111 61 vel
795 455 142 61 natura:

83 503 99 68 at
133 503 165 68 Filius
249 503 99 68 eo
298 503 132 68 Deus
381 503 132 68 est,
464 503 116 68 quo
530 503 149 68 Pater
629 503 132 68 Deus
712 503 132 68 est.
795 503 99 68 Eo
828 503 99 68 ergo

84 561 161 50 Filius
197 561 129 50 est,
278 561 113 50 quo
342 561 145 50 Pater
439 561 129 50 est,
520 561 81 50 &
552 561 113 50 ita
616 561 129 50 idem
697 561 113 50 est
762 561 161 50 Patrem
858 561 65 50 es

90 609 98 52 se
139 609 131 52 quod
220 609 163 52 Filium
335 609 147 52 esse:
433 609 114 52 sed
498 609 114 52 non
563 609 114 52 est
629 609 131 52 idem
710 609 131 52 esse
792 609 163 52 Patrem
890 609 49 52 &

85 663 135 45 esse
169 663 185 45 Filium.
304 663 135 45 Vnde
389 663 135 45 Aug.
473 663 101 45 in
524 663 169 45 quinto
642 663 152 45 libro
743 663 101 45 de
777 663 185 45 Trinita

80 712 99 49 te
129 712 132 49 ait,
211 712 181 49 Quanuis
343 712 198 49 diuersum
492 712 115 49 sit
558 712 132 49 esse
640 712 165 49 Patrem
756 712 82 49 &
789 712 132 49 esse
855 712 82 49 Fi-

92 747 144 54 lium,
188 747 112 54 non
252 747 112 54 est
316 747 144 54 tamen
412 747 176 54 diuersa
541 747 240 54 substantia:
733 747 128 54 quia
813 747 112 54 non
861 747 80 54 hoc

91 800 198 66 secundum
240 800 248 66 substantiam
438 800 198 66 dicitur,
587 800 116 66 sed
653 800 198 66 secundum
785 800 149 66 relati-

87 845 139 60 uum:
174 845 139 60 quod
260 845 156 60 tamen
365 845 226 60 relatiuum
538 845 122 60 non
608 845 122 60 est
677 845 226 60 accidens,
834 845 104 60 quia

87 892 112 57 non
151 892 112 57 est
215 892 209 57 mutabile.
376 892 128 57 Ecce
456 892 192 57 diuersum
600 892 128 57 esse
680 892 160 57 dicit,
793 892 128 57 esse
857 892 80 57 Pa-

89 937 131 59 trem
170 937 82 59 &
203 937 131 59 esse
285 937 180 59 Filium,
416 937 131 59 quod
497 937 147 59 iuxta
596 937 196 59 rationem
743 937 229 59 praedictam

87 995 159 63 accipi
199 995 191 63 oportet:
342 995 127 63 quia
421 995 191 63 scilicet
565 995 127 63 alia
644 995 143 63 notio
740 995 127 63 est,
820 995 111 63 qua
867 995 80 63 est

87 1041 183 54 Pater:
215 1041 164 54 alia,
324 1041 128 54 qua
397 1041 128 54 est
470 1041 201 54 Filius.
616 1041 128 54 Non
689 1041 146 54 enim
762 1041 183 54 secundum

88 1098 223 62 essentiam
259 1098 154 62 Pater
362 1098 188 62 dicitur
499 1098 154 62 Pater
602 1098 120 62 vel
670 1098 188 62 Filius,
790 1098 154 62 Filius:

81 1135 124 75 sed
152 1135 213 75 secundum
294 1135 231 75 relationem:

329 1188 295 67 CAP.
477 1188 147 67 VI

124 1245 207 83 Quomodo
274 1245 207 83 dicatur
425 1245 244 83 sapientia
612 1245 188 83 genita
744 1245 131 83 vel
800 1245 94 83 na-

211 1317 133 58 ta,
287 1317 114 58 an
344 1317 229 58 secundum
516 1317 286 58 relationem,
726 1317 76 58 an

369 1358 288 60 substantiam.

131 1412 256 70 SCIENDVM
323 1412 213 70 quoque
472 1412 171 70 est,
579 1412 171 70 quod
686 1412 192 70 sicut
792 1412 171 70 solus)

95 1469 157 53 Filius
205 1469 172 53 dicitur
331 1469 157 53 verbum
440 1469 110 53 vel
503 1469 157 53 imago,
613 1469 110 53 ita
675 1469 141 53 etiam
770 1469 125 53 ipse
832 1469 110 53 solus

96 1514 185 61 dicitur
230 1514 218 61 Sapientia
398 1514 134 61 nata
482 1514 117 61 vel
549 1514 185 61 genita.
683 1514 101 61 Et
734 1514 134 61 ideo
801 1514 134 61 quaeri

96 1563 122 51 tur,
172 1563 138 51 vtrum
264 1563 107 51 hoc
325 1563 184 51 relatiue
463 1563 184 51 dicatur:
600 1563 76 51 &
631 1563 92 51 si
677 1563 184 51 relatiue
799 1563 138 51 dicitur

100 1608 103 61 an
151 1608 206 61 secundum
306 1608 172 61 eandem
426 1608 258 61 relationem,
632 1608 120 61 qua
701 1608 189 61 dicitur
821 1608 120 61 verbi

102 1660 79 58 &
134 1660 158 58 imago.
244 1660 95 58 De
292 1660 111 58 hoc
355 1660 126 58 Aug.
434 1660 95 58 in
482 1660 126 58 vij.
561 1660 126 58 lib.
640 1660 95 58 de
687 1660 174 58 Trinit.
814 1660 111 58 ita
861 1660 79 58 ait

93 1705 97 80 ld
141 1705 129 80 dici
222 1705 225 80 accipiamus
399 1705 113 80 cum
463 1705 177 80 dicitur
592 1705 177 80 verbum,
721 1705 97 80 ac
769 1705 97 80 si
801 1705 145 80 dicatur
