<?xml version="1.0" encoding="UTF-8"?>
<alto xmlns:xsi="http://www.w3.org/2001/XMLSchema-instance"
      xmlns="http://www.loc.gov/standards/alto/ns-v2#"
      xmlns:page="http://schema.primaresearch.org/PAGE/gts/pagecontent/2013-07-15"
      xsi:schemaLocation="http://www.loc.gov/standards/alto/ns-v2# http://www.loc.gov/standards/alto/alto.xsd">
   <Description>
      <MeasurementUnit>pixel</MeasurementUnit>
      <OCRProcessing ID="IdOcr">
         <ocrProcessingStep>
            <processingDateTime>2021-02-10T14:40:41.542-05:00</processingDateTime>
            <processingSoftware>
               <softwareCreator>READ COOP</softwareCreator>
               <softwareName>Transkribus</softwareName>
            </processingSoftware>
         </ocrProcessingStep>
      </OCRProcessing>
   </Description>
   <Tags/>
   <Layout>
      <Page ID="Page1" PHYSICAL_IMG_NR="1" HEIGHT="2030" WIDTH="1232">
         <TopMargin HEIGHT="0" WIDTH="1232" VPOS="0" HPOS="0"/>
         <LeftMargin HEIGHT="2030" WIDTH="0" VPOS="0" HPOS="0"/>
         <RightMargin HEIGHT="2030" WIDTH="0" VPOS="0" HPOS="1232"/>
         <BottomMargin HEIGHT="0" WIDTH="1232" VPOS="2030" HPOS="0"/>
         <PrintSpace HEIGHT="2030" WIDTH="1232" VPOS="0" HPOS="0">
            <TextBlock ID="r2" HEIGHT="1711" WIDTH="857" VPOS="76" HPOS="298">
               <Shape>
                  <Polygon POINTS="298,76 298,1787 1155,1787 1155,76"/>
               </Shape>
               <TextLine ID="r2l3"
                         BASELINE="184"
                         HEIGHT="79"
                         WIDTH="857"
                         VPOS="105"
                         HPOS="302">
                  <String HEIGHT="79"
                          WIDTH="137"
                          VPOS="105"
                          HPOS="285"
                          CONTENT="nata"/>
                  <SP HEIGHT="79" WIDTH="17" VPOS="105" HPOS="422"/>
                  <String HEIGHT="79"
                          WIDTH="240"
                          VPOS="105"
                          HPOS="371"
                          CONTENT="sapientia,"/>
                  <SP HEIGHT="79" WIDTH="17" VPOS="105" HPOS="611"/>
                  <String HEIGHT="79" WIDTH="103" VPOS="105" HPOS="559" CONTENT="vt"/>
                  <SP HEIGHT="79" WIDTH="17" VPOS="105" HPOS="662"/>
                  <String HEIGHT="79" WIDTH="120" VPOS="105" HPOS="611" CONTENT="sit"/>
                  <SP HEIGHT="79" WIDTH="17" VPOS="105" HPOS="731"/>
                  <String HEIGHT="79"
                          WIDTH="171"
                          VPOS="105"
                          HPOS="679"
                          CONTENT="Filius"/>
                  <SP HEIGHT="79" WIDTH="17" VPOS="105" HPOS="850"/>
                  <String HEIGHT="79" WIDTH="86" VPOS="105" HPOS="799" CONTENT="&amp;"/>
                  <SP HEIGHT="79" WIDTH="17" VPOS="105" HPOS="885"/>
                  <String HEIGHT="79"
                          WIDTH="171"
                          VPOS="105"
                          HPOS="833"
                          CONTENT="imago."/>
                  <SP HEIGHT="79" WIDTH="17" VPOS="105" HPOS="1005"/>
                  <String HEIGHT="79" WIDTH="103" VPOS="105" HPOS="953" CONTENT="Et"/>
                  <SP HEIGHT="79" WIDTH="17" VPOS="105" HPOS="1056"/>
                  <String HEIGHT="79"
                          WIDTH="137"
                          VPOS="105"
                          HPOS="1005"
                          CONTENT="haec"/>
                  <SP HEIGHT="79" WIDTH="17" VPOS="105" HPOS="1142"/>
                  <String HEIGHT="79" WIDTH="86" VPOS="105" HPOS="1073" CONTENT="duo"/>
               </TextLine>
               <TextLine ID="r2l4"
                         BASELINE="239"
                         HEIGHT="67"
                         WIDTH="851"
                         VPOS="172"
                         HPOS="302">
                  <String HEIGHT="67" WIDTH="119" VPOS="172" HPOS="285" CONTENT="cum"/>
                  <SP HEIGHT="67" WIDTH="17" VPOS="172" HPOS="404"/>
                  <String HEIGHT="67"
                          WIDTH="221"
                          VPOS="172"
                          HPOS="353"
                          CONTENT="dicuntur,"/>
                  <SP HEIGHT="67" WIDTH="17" VPOS="172" HPOS="574"/>
                  <String HEIGHT="67" WIDTH="102" VPOS="172" HPOS="523" CONTENT="id"/>
                  <SP HEIGHT="67" WIDTH="17" VPOS="172" HPOS="625"/>
                  <String HEIGHT="67"
                          WIDTH="136"
                          VPOS="172"
                          HPOS="574"
                          CONTENT="est,"/>
                  <SP HEIGHT="67" WIDTH="17" VPOS="172" HPOS="710"/>
                  <String HEIGHT="67"
                          WIDTH="136"
                          VPOS="172"
                          HPOS="659"
                          CONTENT="nata"/>
                  <SP HEIGHT="67" WIDTH="17" VPOS="172" HPOS="796"/>
                  <String HEIGHT="67"
                          WIDTH="221"
                          VPOS="172"
                          HPOS="745"
                          CONTENT="sapientia"/>
                  <SP HEIGHT="67" WIDTH="17" VPOS="172" HPOS="966"/>
                  <String HEIGHT="67" WIDTH="102" VPOS="172" HPOS="915" CONTENT="in"/>
                  <SP HEIGHT="67" WIDTH="17" VPOS="172" HPOS="1017"/>
                  <String HEIGHT="67" WIDTH="119" VPOS="172" HPOS="966" CONTENT="vno"/>
                  <SP HEIGHT="67" WIDTH="17" VPOS="172" HPOS="1085"/>
                  <String HEIGHT="67"
                          WIDTH="136"
                          VPOS="172"
                          HPOS="1017"
                          CONTENT="eorum,"/>
               </TextLine>
               <TextLine ID="r2l5"
                         BASELINE="291"
                         HEIGHT="76"
                         WIDTH="857"
                         VPOS="215"
                         HPOS="301">
                  <String HEIGHT="76"
                          WIDTH="171"
                          VPOS="215"
                          HPOS="282"
                          CONTENT="(quod"/>
                  <SP HEIGHT="76" WIDTH="19" VPOS="215" HPOS="453"/>
                  <String HEIGHT="76" WIDTH="133" VPOS="215" HPOS="396" CONTENT="est"/>
                  <SP HEIGHT="76" WIDTH="19" VPOS="215" HPOS="530"/>
                  <String HEIGHT="76"
                          WIDTH="171"
                          VPOS="215"
                          HPOS="472"
                          CONTENT="nata)"/>
                  <SP HEIGHT="76" WIDTH="19" VPOS="215" HPOS="644"/>
                  <String HEIGHT="76" WIDTH="95" VPOS="215" HPOS="587" CONTENT="&amp;"/>
                  <SP HEIGHT="76" WIDTH="19" VPOS="215" HPOS="682"/>
                  <String HEIGHT="76"
                          WIDTH="190"
                          VPOS="215"
                          HPOS="625"
                          CONTENT="verbum"/>
                  <SP HEIGHT="76" WIDTH="19" VPOS="215" HPOS="815"/>
                  <String HEIGHT="76" WIDTH="95" VPOS="215" HPOS="758" CONTENT="&amp;"/>
                  <SP HEIGHT="76" WIDTH="19" VPOS="215" HPOS="853"/>
                  <String HEIGHT="76"
                          WIDTH="171"
                          VPOS="215"
                          HPOS="796"
                          CONTENT="imago"/>
                  <SP HEIGHT="76" WIDTH="19" VPOS="215" HPOS="968"/>
                  <String HEIGHT="76" WIDTH="95" VPOS="215" HPOS="910" CONTENT="&amp;"/>
                  <SP HEIGHT="76" WIDTH="19" VPOS="215" HPOS="1006"/>
                  <String HEIGHT="76"
                          WIDTH="190"
                          VPOS="215"
                          HPOS="949"
                          CONTENT="Filius"/>
                  <SP HEIGHT="76" WIDTH="19" VPOS="215" HPOS="1139"/>
                  <String HEIGHT="76"
                          WIDTH="95"
                          VPOS="215"
                          HPOS="1063"
                          CONTENT="in"
                          SUBS_TYPE="HypPart1"
                          SUBS_CONTENT="intelligatur."/>
                  <HYP CONTENT="-"/>
               </TextLine>
               <TextLine ID="r2l6"
                         BASELINE="336"
                         HEIGHT="60"
                         WIDTH="845"
                         VPOS="276"
                         HPOS="306">
                  <String HEIGHT="60"
                          WIDTH="254"
                          VPOS="276"
                          HPOS="289"
                          CONTENT="telligatur."
                          SUBS_TYPE="HypPart2"
                          SUBS_CONTENT="intelligatur."/>
                  <SP HEIGHT="60" WIDTH="17" VPOS="276" HPOS="543"/>
                  <String HEIGHT="60" WIDTH="101" VPOS="276" HPOS="492" CONTENT="Et"/>
                  <SP HEIGHT="60" WIDTH="17" VPOS="276" HPOS="593"/>
                  <String HEIGHT="60" WIDTH="101" VPOS="276" HPOS="543" CONTENT="in"/>
                  <SP HEIGHT="60" WIDTH="17" VPOS="276" HPOS="644"/>
                  <String HEIGHT="60" WIDTH="118" VPOS="276" HPOS="593" CONTENT="his"/>
                  <SP HEIGHT="60" WIDTH="17" VPOS="276" HPOS="712"/>
                  <String HEIGHT="60"
                          WIDTH="186"
                          VPOS="276"
                          HPOS="661"
                          CONTENT="omnibus"/>
                  <SP HEIGHT="60" WIDTH="17" VPOS="276" HPOS="847"/>
                  <String HEIGHT="60"
                          WIDTH="220"
                          VPOS="276"
                          HPOS="796"
                          CONTENT="nominibus"/>
                  <SP HEIGHT="60" WIDTH="17" VPOS="276" HPOS="1016"/>
                  <String HEIGHT="60" WIDTH="118" VPOS="276" HPOS="965" CONTENT="non"/>
                  <SP HEIGHT="60" WIDTH="17" VPOS="276" HPOS="1083"/>
                  <String HEIGHT="60"
                          WIDTH="135"
                          VPOS="276"
                          HPOS="1016"
                          CONTENT="osten"
                          SUBS_TYPE="HypPart1"
                          SUBS_CONTENT="ostendatur"/>
                  <HYP CONTENT="-"/>
               </TextLine>
               <TextLine ID="r2l7"
                         BASELINE="375"
                         HEIGHT="58"
                         WIDTH="852"
                         VPOS="317"
                         HPOS="302">
                  <String HEIGHT="58"
                          WIDTH="147"
                          VPOS="317"
                          HPOS="286"
                          CONTENT="datur"
                          SUBS_TYPE="HypPart2"
                          SUBS_CONTENT="ostendatur"/>
                  <SP HEIGHT="58" WIDTH="16" VPOS="317" HPOS="433"/>
                  <String HEIGHT="58"
                          WIDTH="213"
                          VPOS="317"
                          HPOS="384"
                          CONTENT="essentia,"/>
                  <SP HEIGHT="58" WIDTH="16" VPOS="317" HPOS="597"/>
                  <String HEIGHT="58"
                          WIDTH="131"
                          VPOS="317"
                          HPOS="548"
                          CONTENT="quia"/>
                  <SP HEIGHT="58" WIDTH="16" VPOS="317" HPOS="679"/>
                  <String HEIGHT="58"
                          WIDTH="197"
                          VPOS="317"
                          HPOS="630"
                          CONTENT="relatiue"/>
                  <SP HEIGHT="58" WIDTH="16" VPOS="317" HPOS="826"/>
                  <String HEIGHT="58"
                          WIDTH="213"
                          VPOS="317"
                          HPOS="777"
                          CONTENT="dicuntur."/>
                  <SP HEIGHT="58" WIDTH="16" VPOS="317" HPOS="990"/>
                  <String HEIGHT="58" WIDTH="98" VPOS="317" HPOS="941" CONTENT="At"/>
                  <SP HEIGHT="58" WIDTH="16" VPOS="317" HPOS="1039"/>
                  <String HEIGHT="58" WIDTH="98" VPOS="317" HPOS="990" CONTENT="in"/>
                  <SP HEIGHT="58" WIDTH="16" VPOS="317" HPOS="1088"/>
                  <String HEIGHT="58"
                          WIDTH="131"
                          VPOS="317"
                          HPOS="1023"
                          CONTENT="altero"/>
               </TextLine>
               <TextLine ID="r2l8"
                         BASELINE="440"
                         HEIGHT="65"
                         WIDTH="835"
                         VPOS="375"
                         HPOS="316">
                  <String HEIGHT="65"
                          WIDTH="145"
                          VPOS="375"
                          HPOS="300"
                          CONTENT="(quod"/>
                  <SP HEIGHT="65" WIDTH="16" VPOS="375" HPOS="444"/>
                  <String HEIGHT="65" WIDTH="112" VPOS="375" HPOS="396" CONTENT="est"/>
                  <SP HEIGHT="65" WIDTH="16" VPOS="375" HPOS="509"/>
                  <String HEIGHT="65"
                          WIDTH="305"
                          VPOS="375"
                          HPOS="461"
                          CONTENT="sapientia)etiam"/>
                  <SP HEIGHT="65" WIDTH="16" VPOS="375" HPOS="766"/>
                  <String HEIGHT="65"
                          WIDTH="193"
                          VPOS="375"
                          HPOS="717"
                          CONTENT="essentia"/>
                  <SP HEIGHT="65" WIDTH="16" VPOS="375" HPOS="910"/>
                  <String HEIGHT="65"
                          WIDTH="257"
                          VPOS="375"
                          HPOS="862"
                          CONTENT="demostretur,"/>
                  <SP HEIGHT="65" WIDTH="16" VPOS="375" HPOS="1119"/>
                  <String HEIGHT="65"
                          WIDTH="96"
                          VPOS="375"
                          HPOS="1055"
                          CONTENT="quo"
                          SUBS_TYPE="HypPart1"
                          SUBS_CONTENT="quoniam"/>
                  <HYP CONTENT="-"/>
               </TextLine>
               <TextLine ID="r2l9"
                         BASELINE="482"
                         HEIGHT="65"
                         WIDTH="841"
                         VPOS="417"
                         HPOS="308">
                  <String HEIGHT="65"
                          WIDTH="129"
                          VPOS="417"
                          HPOS="292"
                          CONTENT="niam"
                          SUBS_TYPE="HypPart2"
                          SUBS_CONTENT="quoniam"/>
                  <SP HEIGHT="65" WIDTH="16" VPOS="417" HPOS="421"/>
                  <String HEIGHT="65" WIDTH="81" VPOS="417" HPOS="373" CONTENT="&amp;"/>
                  <SP HEIGHT="65" WIDTH="16" VPOS="417" HPOS="454"/>
                  <String HEIGHT="65" WIDTH="97" VPOS="417" HPOS="405" CONTENT="ad"/>
                  <SP HEIGHT="65" WIDTH="16" VPOS="417" HPOS="502"/>
                  <String HEIGHT="65" WIDTH="97" VPOS="417" HPOS="454" CONTENT="se"/>
                  <SP HEIGHT="65" WIDTH="16" VPOS="417" HPOS="551"/>
                  <String HEIGHT="65"
                          WIDTH="194"
                          VPOS="417"
                          HPOS="502"
                          CONTENT="dicitur:"/>
                  <SP HEIGHT="65" WIDTH="16" VPOS="417" HPOS="696"/>
                  <String HEIGHT="65"
                          WIDTH="162"
                          VPOS="417"
                          HPOS="648"
                          CONTENT="seipsa"/>
                  <SP HEIGHT="65" WIDTH="16" VPOS="417" HPOS="809"/>
                  <String HEIGHT="65"
                          WIDTH="129"
                          VPOS="417"
                          HPOS="761"
                          CONTENT="enim"/>
                  <SP HEIGHT="65" WIDTH="16" VPOS="417" HPOS="890"/>
                  <String HEIGHT="65" WIDTH="113" VPOS="417" HPOS="842" CONTENT="est"/>
                  <SP HEIGHT="65" WIDTH="16" VPOS="417" HPOS="955"/>
                  <String HEIGHT="65"
                          WIDTH="194"
                          VPOS="417"
                          HPOS="906"
                          CONTENT="sapiens,"/>
                  <SP HEIGHT="65" WIDTH="16" VPOS="417" HPOS="1100"/>
                  <String HEIGHT="65" WIDTH="81" VPOS="417" HPOS="1052" CONTENT="&amp;"/>
                  <SP HEIGHT="65" WIDTH="16" VPOS="417" HPOS="1133"/>
                  <String HEIGHT="65" WIDTH="81" VPOS="417" HPOS="1068" CONTENT="hoc"/>
               </TextLine>
               <TextLine ID="r2l10"
                         BASELINE="526"
                         HEIGHT="63"
                         WIDTH="846"
                         VPOS="463"
                         HPOS="309">
                  <String HEIGHT="63" WIDTH="112" VPOS="463" HPOS="293" CONTENT="est"/>
                  <SP HEIGHT="63" WIDTH="16" VPOS="463" HPOS="405"/>
                  <String HEIGHT="63"
                          WIDTH="128"
                          VPOS="463"
                          HPOS="357"
                          CONTENT="eius"/>
                  <SP HEIGHT="63" WIDTH="16" VPOS="463" HPOS="485"/>
                  <String HEIGHT="63"
                          WIDTH="144"
                          VPOS="463"
                          HPOS="437"
                          CONTENT="esse,"/>
                  <SP HEIGHT="63" WIDTH="16" VPOS="463" HPOS="580"/>
                  <String HEIGHT="63"
                          WIDTH="128"
                          VPOS="463"
                          HPOS="532"
                          CONTENT="quod"/>
                  <SP HEIGHT="63" WIDTH="16" VPOS="463" HPOS="660"/>
                  <String HEIGHT="63"
                          WIDTH="176"
                          VPOS="463"
                          HPOS="612"
                          CONTENT="sapere:"/>
                  <SP HEIGHT="63" WIDTH="16" VPOS="463" HPOS="788"/>
                  <String HEIGHT="63"
                          WIDTH="128"
                          VPOS="463"
                          HPOS="740"
                          CONTENT="vnde"/>
                  <SP HEIGHT="63" WIDTH="16" VPOS="463" HPOS="868"/>
                  <String HEIGHT="63"
                          WIDTH="144"
                          VPOS="463"
                          HPOS="820"
                          CONTENT="Pater"/>
                  <SP HEIGHT="63" WIDTH="16" VPOS="463" HPOS="963"/>
                  <String HEIGHT="63" WIDTH="80" VPOS="463" HPOS="916" CONTENT="&amp;"/>
                  <SP HEIGHT="63" WIDTH="16" VPOS="463" HPOS="995"/>
                  <String HEIGHT="63"
                          WIDTH="160"
                          VPOS="463"
                          HPOS="947"
                          CONTENT="Filius"/>
                  <SP HEIGHT="63" WIDTH="16" VPOS="463" HPOS="1107"/>
                  <String HEIGHT="63"
                          WIDTH="112"
                          VPOS="463"
                          HPOS="1043"
                          CONTENT="simul"/>
               </TextLine>
               <TextLine ID="r2l11"
                         BASELINE="581"
                         HEIGHT="68"
                         WIDTH="843"
                         VPOS="513"
                         HPOS="310">
                  <String HEIGHT="68" WIDTH="113" VPOS="513" HPOS="294" CONTENT="vna"/>
                  <SP HEIGHT="68" WIDTH="16" VPOS="513" HPOS="407"/>
                  <String HEIGHT="68"
                          WIDTH="227"
                          VPOS="513"
                          HPOS="359"
                          CONTENT="sapientia,"/>
                  <SP HEIGHT="68" WIDTH="16" VPOS="513" HPOS="586"/>
                  <String HEIGHT="68"
                          WIDTH="130"
                          VPOS="513"
                          HPOS="537"
                          CONTENT="quia"/>
                  <SP HEIGHT="68" WIDTH="16" VPOS="513" HPOS="667"/>
                  <String HEIGHT="68" WIDTH="113" VPOS="513" HPOS="618" CONTENT="vna"/>
                  <SP HEIGHT="68" WIDTH="16" VPOS="513" HPOS="732"/>
                  <String HEIGHT="68"
                          WIDTH="211"
                          VPOS="513"
                          HPOS="683"
                          CONTENT="essentia."/>
                  <SP HEIGHT="68" WIDTH="16" VPOS="513" HPOS="894"/>
                  <String HEIGHT="68"
                          WIDTH="130"
                          VPOS="513"
                          HPOS="845"
                          CONTENT="Caue"/>
                  <SP HEIGHT="68" WIDTH="16" VPOS="513" HPOS="975"/>
                  <String HEIGHT="68"
                          WIDTH="162"
                          VPOS="513"
                          HPOS="926"
                          CONTENT="lector"/>
                  <SP HEIGHT="68" WIDTH="16" VPOS="513" HPOS="1088"/>
                  <String HEIGHT="68"
                          WIDTH="130"
                          VPOS="513"
                          HPOS="1023"
                          CONTENT="quali"
                          SUBS_TYPE="HypPart1"
                          SUBS_CONTENT="qualiter"/>
                  <HYP CONTENT="-"/>
               </TextLine>
               <TextLine ID="r2l12"
                         BASELINE="620"
                         HEIGHT="61"
                         WIDTH="839"
                         VPOS="559"
                         HPOS="310">
                  <String HEIGHT="61"
                          WIDTH="113"
                          VPOS="559"
                          HPOS="294"
                          CONTENT="ter"
                          SUBS_TYPE="HypPart2"
                          SUBS_CONTENT="qualiter"/>
                  <SP HEIGHT="61" WIDTH="16" VPOS="559" HPOS="407"/>
                  <String HEIGHT="61" WIDTH="113" VPOS="559" HPOS="358" CONTENT="hoc"/>
                  <SP HEIGHT="61" WIDTH="16" VPOS="559" HPOS="471"/>
                  <String HEIGHT="61"
                          WIDTH="242"
                          VPOS="559"
                          HPOS="423"
                          CONTENT="intelligas,"/>
                  <SP HEIGHT="61" WIDTH="16" VPOS="559" HPOS="665"/>
                  <String HEIGHT="61"
                          WIDTH="129"
                          VPOS="559"
                          HPOS="617"
                          CONTENT="quod"/>
                  <SP HEIGHT="61" WIDTH="16" VPOS="559" HPOS="746"/>
                  <String HEIGHT="61" WIDTH="113" VPOS="559" HPOS="697" CONTENT="hic"/>
                  <SP HEIGHT="61" WIDTH="16" VPOS="559" HPOS="810"/>
                  <String HEIGHT="61"
                          WIDTH="145"
                          VPOS="559"
                          HPOS="762"
                          CONTENT="dicit"/>
                  <SP HEIGHT="61" WIDTH="16" VPOS="559" HPOS="907"/>
                  <String HEIGHT="61"
                          WIDTH="129"
                          VPOS="559"
                          HPOS="859"
                          CONTENT="Aug."/>
                  <SP HEIGHT="61" WIDTH="16" VPOS="559" HPOS="988"/>
                  <String HEIGHT="61"
                          WIDTH="177"
                          VPOS="559"
                          HPOS="939"
                          CONTENT="Videtur"/>
                  <SP HEIGHT="61" WIDTH="16" VPOS="559" HPOS="1117"/>
                  <String HEIGHT="61"
                          WIDTH="97"
                          VPOS="559"
                          HPOS="1052"
                          CONTENT="enim"/>
               </TextLine>
               <TextLine ID="r2l13"
                         BASELINE="675"
                         HEIGHT="64"
                         WIDTH="833"
                         VPOS="611"
                         HPOS="309">
                  <String HEIGHT="64"
                          WIDTH="176"
                          VPOS="611"
                          HPOS="293"
                          CONTENT="dicere,"/>
                  <SP HEIGHT="64" WIDTH="16" VPOS="611" HPOS="469"/>
                  <String HEIGHT="64"
                          WIDTH="128"
                          VPOS="611"
                          HPOS="421"
                          CONTENT="quod"/>
                  <SP HEIGHT="64" WIDTH="16" VPOS="611" HPOS="549"/>
                  <String HEIGHT="64" WIDTH="112" VPOS="611" HPOS="501" CONTENT="cum"/>
                  <SP HEIGHT="64" WIDTH="16" VPOS="611" HPOS="613"/>
                  <String HEIGHT="64"
                          WIDTH="176"
                          VPOS="611"
                          HPOS="565"
                          CONTENT="dicitur"/>
                  <SP HEIGHT="64" WIDTH="16" VPOS="611" HPOS="742"/>
                  <String HEIGHT="64"
                          WIDTH="128"
                          VPOS="611"
                          HPOS="693"
                          CONTENT="nata"/>
                  <SP HEIGHT="64" WIDTH="16" VPOS="611" HPOS="822"/>
                  <String HEIGHT="64"
                          WIDTH="224"
                          VPOS="611"
                          HPOS="774"
                          CONTENT="sapientia,"/>
                  <SP HEIGHT="64" WIDTH="16" VPOS="611" HPOS="998"/>
                  <String HEIGHT="64" WIDTH="112" VPOS="611" HPOS="950" CONTENT="ibi"/>
                  <SP HEIGHT="64" WIDTH="16" VPOS="611" HPOS="1062"/>
                  <String HEIGHT="64"
                          WIDTH="144"
                          VPOS="611"
                          HPOS="998"
                          CONTENT="sapien"
                          SUBS_TYPE="HypPart1"
                          SUBS_CONTENT="sapientia"/>
                  <HYP CONTENT="-"/>
               </TextLine>
               <TextLine ID="r2l14"
                         BASELINE="723"
                         HEIGHT="58"
                         WIDTH="819"
                         VPOS="665"
                         HPOS="313">
                  <String HEIGHT="58"
                          WIDTH="108"
                          VPOS="665"
                          HPOS="298"
                          CONTENT="tia"
                          SUBS_TYPE="HypPart2"
                          SUBS_CONTENT="sapientia"/>
                  <SP HEIGHT="58" WIDTH="15" VPOS="665" HPOS="406"/>
                  <String HEIGHT="58"
                          WIDTH="185"
                          VPOS="665"
                          HPOS="359"
                          CONTENT="essentia"/>
                  <SP HEIGHT="58" WIDTH="15" VPOS="665" HPOS="545"/>
                  <String HEIGHT="58"
                          WIDTH="232"
                          VPOS="665"
                          HPOS="498"
                          CONTENT="significet,"/>
                  <SP HEIGHT="58" WIDTH="15" VPOS="665" HPOS="730"/>
                  <String HEIGHT="58" WIDTH="77" VPOS="665" HPOS="684" CONTENT="&amp;"/>
                  <SP HEIGHT="58" WIDTH="15" VPOS="665" HPOS="761"/>
                  <String HEIGHT="58"
                          WIDTH="124"
                          VPOS="665"
                          HPOS="715"
                          CONTENT="nata"/>
                  <SP HEIGHT="58" WIDTH="15" VPOS="665" HPOS="838"/>
                  <String HEIGHT="58"
                          WIDTH="201"
                          VPOS="665"
                          HPOS="792"
                          CONTENT="relatione"/>
                  <SP HEIGHT="58" WIDTH="15" VPOS="665" HPOS="993"/>
                  <String HEIGHT="58"
                          WIDTH="155"
                          VPOS="665"
                          HPOS="947"
                          CONTENT="notet."/>
                  <SP HEIGHT="58" WIDTH="15" VPOS="665" HPOS="1101"/>
                  <String HEIGHT="58"
                          WIDTH="93"
                          VPOS="665"
                          HPOS="1039"
                          CONTENT="Quod"/>
               </TextLine>
               <TextLine ID="r2l15"
                         BASELINE="769"
                         HEIGHT="50"
                         WIDTH="806"
                         VPOS="719"
                         HPOS="317">
                  <String HEIGHT="50" WIDTH="91" VPOS="719" HPOS="302" CONTENT="si"/>
                  <SP HEIGHT="50" WIDTH="15" VPOS="719" HPOS="393"/>
                  <String HEIGHT="50" WIDTH="106" VPOS="719" HPOS="347" CONTENT="ita"/>
                  <SP HEIGHT="50" WIDTH="15" VPOS="719" HPOS="454"/>
                  <String HEIGHT="50"
                          WIDTH="122"
                          VPOS="719"
                          HPOS="408"
                          CONTENT="est,"/>
                  <SP HEIGHT="50" WIDTH="15" VPOS="719" HPOS="530"/>
                  <String HEIGHT="50"
                          WIDTH="167"
                          VPOS="719"
                          HPOS="484"
                          CONTENT="cogimur"/>
                  <SP HEIGHT="50" WIDTH="15" VPOS="719" HPOS="652"/>
                  <String HEIGHT="50"
                          WIDTH="152"
                          VPOS="719"
                          HPOS="606"
                          CONTENT="dicere"/>
                  <SP HEIGHT="50" WIDTH="15" VPOS="719" HPOS="758"/>
                  <String HEIGHT="50"
                          WIDTH="198"
                          VPOS="719"
                          HPOS="712"
                          CONTENT="essentiam"/>
                  <SP HEIGHT="50" WIDTH="15" VPOS="719" HPOS="910"/>
                  <String HEIGHT="50"
                          WIDTH="167"
                          VPOS="719"
                          HPOS="864"
                          CONTENT="diuinam"/>
                  <SP HEIGHT="50" WIDTH="15" VPOS="719" HPOS="1032"/>
                  <String HEIGHT="50"
                          WIDTH="122"
                          VPOS="719"
                          HPOS="986"
                          CONTENT="esse"/>
                  <SP HEIGHT="50" WIDTH="15" VPOS="719" HPOS="1108"/>
                  <String HEIGHT="50"
                          WIDTH="76"
                          VPOS="719"
                          HPOS="1047"
                          CONTENT="na"
                          SUBS_TYPE="HypPart1"
                          SUBS_CONTENT="natam:"/>
                  <HYP CONTENT="-"/>
               </TextLine>
               <TextLine ID="r2l16"
                         BASELINE="824"
                         HEIGHT="75"
                         WIDTH="800"
                         VPOS="749"
                         HPOS="320">
                  <String HEIGHT="75"
                          WIDTH="131"
                          VPOS="749"
                          HPOS="304"
                          CONTENT="tam:"
                          SUBS_TYPE="HypPart2"
                          SUBS_CONTENT="natam:"/>
                  <SP HEIGHT="75" WIDTH="16" VPOS="749" HPOS="434"/>
                  <String HEIGHT="75"
                          WIDTH="131"
                          VPOS="749"
                          HPOS="385"
                          CONTENT="quod"/>
                  <SP HEIGHT="75" WIDTH="16" VPOS="749" HPOS="516"/>
                  <String HEIGHT="75"
                          WIDTH="261"
                          VPOS="749"
                          HPOS="467"
                          CONTENT="superioribus"/>
                  <SP HEIGHT="75" WIDTH="16" VPOS="749" HPOS="728"/>
                  <String HEIGHT="75"
                          WIDTH="212"
                          VPOS="749"
                          HPOS="679"
                          CONTENT="repugnat."/>
                  <SP HEIGHT="75" WIDTH="16" VPOS="749" HPOS="891"/>
                  <String HEIGHT="75" WIDTH="82" VPOS="749" HPOS="842" CONTENT="a"/>
                  <SP HEIGHT="75" WIDTH="16" VPOS="749" HPOS="924"/>
                  <String HEIGHT="75" WIDTH="114" VPOS="749" HPOS="875" CONTENT="Sed"/>
                  <SP HEIGHT="75" WIDTH="16" VPOS="749" HPOS="989"/>
                  <String HEIGHT="75" WIDTH="98" VPOS="749" HPOS="940" CONTENT="ad"/>
                  <SP HEIGHT="75" WIDTH="16" VPOS="749" HPOS="1038"/>
                  <String HEIGHT="75" WIDTH="114" VPOS="749" HPOS="989" CONTENT="hoc"/>
                  <SP HEIGHT="75" WIDTH="16" VPOS="749" HPOS="1104"/>
                  <String HEIGHT="75"
                          WIDTH="82"
                          VPOS="749"
                          HPOS="1038"
                          CONTENT="di"
                          SUBS_TYPE="HypPart1"
                          SUBS_CONTENT="dicimus,"/>
                  <HYP CONTENT="-"/>
               </TextLine>
               <TextLine ID="r2l17"
                         BASELINE="866"
                         HEIGHT="67"
                         WIDTH="802"
                         VPOS="799"
                         HPOS="318">
                  <String HEIGHT="67"
                          WIDTH="143"
                          VPOS="799"
                          HPOS="304"
                          CONTENT="cimus,"
                          SUBS_TYPE="HypPart2"
                          SUBS_CONTENT="dicimus,"/>
                  <SP HEIGHT="67" WIDTH="14" VPOS="799" HPOS="447"/>
                  <String HEIGHT="67"
                          WIDTH="115"
                          VPOS="799"
                          HPOS="404"
                          CONTENT="quod"/>
                  <SP HEIGHT="67" WIDTH="14" VPOS="799" HPOS="519"/>
                  <String HEIGHT="67" WIDTH="86" VPOS="799" HPOS="476" CONTENT="in"/>
                  <SP HEIGHT="67" WIDTH="14" VPOS="799" HPOS="561"/>
                  <String HEIGHT="67"
                          WIDTH="158"
                          VPOS="799"
                          HPOS="519"
                          CONTENT="altero,"/>
                  <SP HEIGHT="67" WIDTH="14" VPOS="799" HPOS="676"/>
                  <String HEIGHT="67" WIDTH="86" VPOS="799" HPOS="633" CONTENT="id"/>
                  <SP HEIGHT="67" WIDTH="14" VPOS="799" HPOS="719"/>
                  <String HEIGHT="67"
                          WIDTH="115"
                          VPOS="799"
                          HPOS="676"
                          CONTENT="est,"/>
                  <SP HEIGHT="67" WIDTH="14" VPOS="799" HPOS="791"/>
                  <String HEIGHT="67" WIDTH="86" VPOS="799" HPOS="748" CONTENT="in"/>
                  <SP HEIGHT="67" WIDTH="14" VPOS="799" HPOS="834"/>
                  <String HEIGHT="67" WIDTH="86" VPOS="799" HPOS="791" CONTENT="eo"/>
                  <SP HEIGHT="67" WIDTH="14" VPOS="799" HPOS="877"/>
                  <String HEIGHT="67"
                          WIDTH="115"
                          VPOS="799"
                          HPOS="834"
                          CONTENT="quod"/>
                  <SP HEIGHT="67" WIDTH="14" VPOS="799" HPOS="948"/>
                  <String HEIGHT="67"
                          WIDTH="115"
                          VPOS="799"
                          HPOS="905"
                          CONTENT="nata"/>
                  <SP HEIGHT="67" WIDTH="14" VPOS="799" HPOS="1020"/>
                  <String HEIGHT="67"
                          WIDTH="115"
                          VPOS="799"
                          HPOS="977"
                          CONTENT="est,"/>
                  <SP HEIGHT="67" WIDTH="14" VPOS="799" HPOS="1091"/>
                  <String HEIGHT="67"
                          WIDTH="86"
                          VPOS="799"
                          HPOS="1034"
                          CONTENT="eade"/>
               </TextLine>
               <TextLine ID="r2l18"
                         BASELINE="923"
                         HEIGHT="69"
                         WIDTH="817"
                         VPOS="854"
                         HPOS="313">
                  <String HEIGHT="69"
                          WIDTH="144"
                          VPOS="854"
                          HPOS="297"
                          CONTENT="notio"/>
                  <SP HEIGHT="69" WIDTH="16" VPOS="854" HPOS="441"/>
                  <String HEIGHT="69"
                          WIDTH="272"
                          VPOS="854"
                          HPOS="393"
                          CONTENT="intelligatur,"/>
                  <SP HEIGHT="69" WIDTH="16" VPOS="854" HPOS="665"/>
                  <String HEIGHT="69"
                          WIDTH="128"
                          VPOS="854"
                          HPOS="617"
                          CONTENT="quae"/>
                  <SP HEIGHT="69" WIDTH="16" VPOS="854" HPOS="746"/>
                  <String HEIGHT="69"
                          WIDTH="176"
                          VPOS="854"
                          HPOS="697"
                          CONTENT="notatur"/>
                  <SP HEIGHT="69" WIDTH="16" VPOS="854" HPOS="874"/>
                  <String HEIGHT="69" WIDTH="112" VPOS="854" HPOS="826" CONTENT="cum"/>
                  <SP HEIGHT="69" WIDTH="16" VPOS="854" HPOS="938"/>
                  <String HEIGHT="69"
                          WIDTH="176"
                          VPOS="854"
                          HPOS="890"
                          CONTENT="dicitur"/>
                  <SP HEIGHT="69" WIDTH="16" VPOS="854" HPOS="1066"/>
                  <String HEIGHT="69"
                          WIDTH="128"
                          VPOS="854"
                          HPOS="1002"
                          CONTENT="verbum"/>
               </TextLine>
               <TextLine ID="r2l19"
                         BASELINE="967"
                         HEIGHT="68"
                         WIDTH="808"
                         VPOS="899"
                         HPOS="320">
                  <String HEIGHT="68" WIDTH="75" VPOS="899" HPOS="305" CONTENT="&amp;"/>
                  <SP HEIGHT="68" WIDTH="15" VPOS="899" HPOS="380"/>
                  <String HEIGHT="68"
                          WIDTH="150"
                          VPOS="899"
                          HPOS="335"
                          CONTENT="imago."/>
                  <SP HEIGHT="68" WIDTH="15" VPOS="899" HPOS="485"/>
                  <String HEIGHT="68" WIDTH="90" VPOS="899" HPOS="440" CONTENT="In"/>
                  <SP HEIGHT="68" WIDTH="15" VPOS="899" HPOS="529"/>
                  <String HEIGHT="68"
                          WIDTH="150"
                          VPOS="899"
                          HPOS="485"
                          CONTENT="altero"/>
                  <SP HEIGHT="68" WIDTH="15" VPOS="899" HPOS="634"/>
                  <String HEIGHT="68"
                          WIDTH="135"
                          VPOS="899"
                          HPOS="589"
                          CONTENT="vero,"/>
                  <SP HEIGHT="68" WIDTH="15" VPOS="899" HPOS="724"/>
                  <String HEIGHT="68"
                          WIDTH="180"
                          VPOS="899"
                          HPOS="679"
                          CONTENT="scilicet"/>
                  <SP HEIGHT="68" WIDTH="15" VPOS="899" HPOS="859"/>
                  <String HEIGHT="68"
                          WIDTH="209"
                          VPOS="899"
                          HPOS="814"
                          CONTENT="sapientia,"/>
                  <SP HEIGHT="68" WIDTH="15" VPOS="899" HPOS="1023"/>
                  <String HEIGHT="68"
                          WIDTH="165"
                          VPOS="899"
                          HPOS="963"
                          CONTENT="demostra"
                          SUBS_TYPE="HypPart1"
                          SUBS_CONTENT="demostratur"/>
                  <HYP CONTENT="-"/>
               </TextLine>
               <TextLine ID="r2l20"
                         BASELINE="1022"
                         HEIGHT="73"
                         WIDTH="822"
                         VPOS="949"
                         HPOS="314">
                  <String HEIGHT="73"
                          WIDTH="109"
                          VPOS="949"
                          HPOS="298"
                          CONTENT="tur"
                          SUBS_TYPE="HypPart2"
                          SUBS_CONTENT="demostratur"/>
                  <SP HEIGHT="73" WIDTH="16" VPOS="949" HPOS="407"/>
                  <String HEIGHT="73"
                          WIDTH="124"
                          VPOS="949"
                          HPOS="361"
                          CONTENT="quod"/>
                  <SP HEIGHT="73" WIDTH="16" VPOS="949" HPOS="485"/>
                  <String HEIGHT="73"
                          WIDTH="155"
                          VPOS="949"
                          HPOS="438"
                          CONTENT="Filius"/>
                  <SP HEIGHT="73" WIDTH="16" VPOS="949" HPOS="593"/>
                  <String HEIGHT="73" WIDTH="109" VPOS="949" HPOS="547" CONTENT="sit"/>
                  <SP HEIGHT="73" WIDTH="16" VPOS="949" HPOS="655"/>
                  <String HEIGHT="73"
                          WIDTH="202"
                          VPOS="949"
                          HPOS="609"
                          CONTENT="essentia,"/>
                  <SP HEIGHT="73" WIDTH="16" VPOS="949" HPOS="810"/>
                  <String HEIGHT="73"
                          WIDTH="124"
                          VPOS="949"
                          HPOS="764"
                          CONTENT="quia"/>
                  <SP HEIGHT="73" WIDTH="16" VPOS="949" HPOS="888"/>
                  <String HEIGHT="73"
                          WIDTH="202"
                          VPOS="949"
                          HPOS="841"
                          CONTENT="sapientia"/>
                  <SP HEIGHT="73" WIDTH="16" VPOS="949" HPOS="1043"/>
                  <String HEIGHT="73"
                          WIDTH="155"
                          VPOS="949"
                          HPOS="981"
                          CONTENT="secundum"/>
               </TextLine>
               <TextLine ID="r2l21"
                         BASELINE="1068"
                         HEIGHT="62"
                         WIDTH="807"
                         VPOS="1006"
                         HPOS="325">
                  <String HEIGHT="62"
                          WIDTH="206"
                          VPOS="1006"
                          HPOS="309"
                          CONTENT="essentiam"/>
                  <SP HEIGHT="62" WIDTH="16" VPOS="1006" HPOS="515"/>
                  <String HEIGHT="62"
                          WIDTH="190"
                          VPOS="1006"
                          HPOS="467"
                          CONTENT="dicitur."/>
                  <SP HEIGHT="62" WIDTH="16" VPOS="1006" HPOS="657"/>
                  <String HEIGHT="62" WIDTH="95" VPOS="1006" HPOS="610" CONTENT="Et"/>
                  <SP HEIGHT="62" WIDTH="16" VPOS="1006" HPOS="705"/>
                  <String HEIGHT="62"
                          WIDTH="127"
                          VPOS="1006"
                          HPOS="657"
                          CONTENT="ideo"/>
                  <SP HEIGHT="62" WIDTH="16" VPOS="1006" HPOS="784"/>
                  <String HEIGHT="62"
                          WIDTH="111"
                          VPOS="1006"
                          HPOS="736"
                          CONTENT="cum"/>
                  <SP HEIGHT="62" WIDTH="16" VPOS="1006" HPOS="847"/>
                  <String HEIGHT="62"
                          WIDTH="174"
                          VPOS="1006"
                          HPOS="800"
                          CONTENT="dicitur"/>
                  <SP HEIGHT="62" WIDTH="16" VPOS="1006" HPOS="974"/>
                  <String HEIGHT="62"
                          WIDTH="127"
                          VPOS="1006"
                          HPOS="926"
                          CONTENT="nata"/>
                  <SP HEIGHT="62" WIDTH="16" VPOS="1006" HPOS="1053"/>
                  <String HEIGHT="62"
                          WIDTH="142"
                          VPOS="1006"
                          HPOS="990"
                          CONTENT="sapien"
                          SUBS_TYPE="HypPart1"
                          SUBS_CONTENT="sapientia,"/>
                  <HYP CONTENT="-"/>
               </TextLine>
               <TextLine ID="r2l22"
                         BASELINE="1115"
                         HEIGHT="72"
                         WIDTH="821"
                         VPOS="1043"
                         HPOS="315">
                  <String HEIGHT="72"
                          WIDTH="113"
                          VPOS="1043"
                          HPOS="301"
                          CONTENT="tia,"
                          SUBS_TYPE="HypPart2"
                          SUBS_CONTENT="sapientia,"/>
                  <SP HEIGHT="72" WIDTH="14" VPOS="1043" HPOS="414"/>
                  <String HEIGHT="72"
                          WIDTH="226"
                          VPOS="1043"
                          HPOS="372"
                          CONTENT="intelligitur"/>
                  <SP HEIGHT="72" WIDTH="14" VPOS="1043" HPOS="598"/>
                  <String HEIGHT="72"
                          WIDTH="113"
                          VPOS="1043"
                          HPOS="556"
                          CONTENT="quod"/>
                  <SP HEIGHT="72" WIDTH="14" VPOS="1043" HPOS="669"/>
                  <String HEIGHT="72"
                          WIDTH="113"
                          VPOS="1043"
                          HPOS="626"
                          CONTENT="ipse"/>
                  <SP HEIGHT="72" WIDTH="14" VPOS="1043" HPOS="740"/>
                  <String HEIGHT="72" WIDTH="99" VPOS="1043" HPOS="697" CONTENT="qui"/>
                  <SP HEIGHT="72" WIDTH="14" VPOS="1043" HPOS="796"/>
                  <String HEIGHT="72"
                          WIDTH="127"
                          VPOS="1043"
                          HPOS="754"
                          CONTENT="natus"/>
                  <SP HEIGHT="72" WIDTH="14" VPOS="1043" HPOS="881"/>
                  <String HEIGHT="72"
                          WIDTH="113"
                          VPOS="1043"
                          HPOS="839"
                          CONTENT="est,"/>
                  <SP HEIGHT="72" WIDTH="14" VPOS="1043" HPOS="952"/>
                  <String HEIGHT="72"
                          WIDTH="170"
                          VPOS="1043"
                          HPOS="910"
                          CONTENT="essentia"/>
                  <SP HEIGHT="72" WIDTH="14" VPOS="1043" HPOS="1079"/>
                  <String HEIGHT="72"
                          WIDTH="99"
                          VPOS="1043"
                          HPOS="1037"
                          CONTENT="est"/>
                  <SP HEIGHT="72" WIDTH="14" VPOS="1043" HPOS="1136"/>
                  <String HEIGHT="72"
                          WIDTH="57"
                          VPOS="1043"
                          HPOS="1079"
                          CONTENT="i"
                          SUBS_TYPE="HypPart1"
                          SUBS_CONTENT="ibi"/>
                  <HYP CONTENT="-"/>
               </TextLine>
               <TextLine ID="r2l23"
                         BASELINE="1159"
                         HEIGHT="70"
                         WIDTH="824"
                         VPOS="1089"
                         HPOS="316">
                  <String HEIGHT="70"
                          WIDTH="92"
                          VPOS="1089"
                          HPOS="301"
                          CONTENT="bi"
                          SUBS_TYPE="HypPart2"
                          SUBS_CONTENT="ibi"/>
                  <SP HEIGHT="70" WIDTH="15" VPOS="1089" HPOS="392"/>
                  <String HEIGHT="70"
                          WIDTH="137"
                          VPOS="1089"
                          HPOS="347"
                          CONTENT="tamen"/>
                  <SP HEIGHT="70" WIDTH="15" VPOS="1089" HPOS="484"/>
                  <String HEIGHT="70"
                          WIDTH="198"
                          VPOS="1089"
                          HPOS="438"
                          CONTENT="sapientia"/>
                  <SP HEIGHT="70" WIDTH="15" VPOS="1089" HPOS="636"/>
                  <String HEIGHT="70"
                          WIDTH="107"
                          VPOS="1089"
                          HPOS="591"
                          CONTENT="non"/>
                  <SP HEIGHT="70" WIDTH="15" VPOS="1089" HPOS="697"/>
                  <String HEIGHT="70"
                          WIDTH="107"
                          VPOS="1089"
                          HPOS="652"
                          CONTENT="pro"/>
                  <SP HEIGHT="70" WIDTH="15" VPOS="1089" HPOS="759"/>
                  <String HEIGHT="70"
                          WIDTH="198"
                          VPOS="1089"
                          HPOS="713"
                          CONTENT="essentia,"/>
                  <SP HEIGHT="70" WIDTH="15" VPOS="1089" HPOS="911"/>
                  <String HEIGHT="70"
                          WIDTH="107"
                          VPOS="1089"
                          HPOS="865"
                          CONTENT="sed"/>
                  <SP HEIGHT="70" WIDTH="15" VPOS="1089" HPOS="972"/>
                  <String HEIGHT="70"
                          WIDTH="107"
                          VPOS="1089"
                          HPOS="926"
                          CONTENT="pro"/>
                  <SP HEIGHT="70" WIDTH="15" VPOS="1089" HPOS="1033"/>
                  <String HEIGHT="70"
                          WIDTH="168"
                          VPOS="1089"
                          HPOS="972"
                          CONTENT="hypostasi"/>
               </TextLine>
               <TextLine ID="r2l24"
                         BASELINE="1209"
                         HEIGHT="54"
                         WIDTH="817"
                         VPOS="1155"
                         HPOS="322">
                  <String HEIGHT="54"
                          WIDTH="141"
                          VPOS="1155"
                          HPOS="306"
                          CONTENT="facit"/>
                  <SP HEIGHT="54" WIDTH="16" VPOS="1155" HPOS="448"/>
                  <String HEIGHT="54"
                          WIDTH="299"
                          VPOS="1155"
                          HPOS="401"
                          CONTENT="intelligentiam:"/>
                  <SP HEIGHT="54" WIDTH="16" VPOS="1155" HPOS="699"/>
                  <String HEIGHT="54" WIDTH="94" VPOS="1155" HPOS="652" CONTENT="vt"/>
                  <SP HEIGHT="54" WIDTH="16" VPOS="1155" HPOS="746"/>
                  <String HEIGHT="54"
                          WIDTH="141"
                          VPOS="1155"
                          HPOS="699"
                          CONTENT="sicut"/>
                  <SP HEIGHT="54" WIDTH="16" VPOS="1155" HPOS="840"/>
                  <String HEIGHT="54"
                          WIDTH="157"
                          VPOS="1155"
                          HPOS="793"
                          CONTENT="quando"/>
                  <SP HEIGHT="54" WIDTH="16" VPOS="1155" HPOS="950"/>
                  <String HEIGHT="54"
                          WIDTH="173"
                          VPOS="1155"
                          HPOS="903"
                          CONTENT="dicitur"/>
                  <SP HEIGHT="54" WIDTH="16" VPOS="1155" HPOS="1076"/>
                  <String HEIGHT="54"
                          WIDTH="126"
                          VPOS="1155"
                          HPOS="1013"
                          CONTENT="verbum"/>
               </TextLine>
               <TextLine ID="r2l25"
                         BASELINE="1263"
                         HEIGHT="68"
                         WIDTH="819"
                         VPOS="1195"
                         HPOS="320">
                  <String HEIGHT="68"
                          WIDTH="106"
                          VPOS="1195"
                          HPOS="305"
                          CONTENT="uel"/>
                  <SP HEIGHT="68" WIDTH="15" VPOS="1195" HPOS="411"/>
                  <String HEIGHT="68"
                          WIDTH="167"
                          VPOS="1195"
                          HPOS="366"
                          CONTENT="Filius,"/>
                  <SP HEIGHT="68" WIDTH="15" VPOS="1195" HPOS="532"/>
                  <String HEIGHT="68"
                          WIDTH="243"
                          VPOS="1195"
                          HPOS="487"
                          CONTENT="intelligitur"/>
                  <SP HEIGHT="68" WIDTH="15" VPOS="1195" HPOS="730"/>
                  <String HEIGHT="68"
                          WIDTH="212"
                          VPOS="1195"
                          HPOS="684"
                          CONTENT="hypostasis"/>
                  <SP HEIGHT="68" WIDTH="15" VPOS="1195" HPOS="896"/>
                  <String HEIGHT="68"
                          WIDTH="106"
                          VPOS="1195"
                          HPOS="851"
                          CONTENT="cum"/>
                  <SP HEIGHT="68" WIDTH="15" VPOS="1195" HPOS="957"/>
                  <String HEIGHT="68"
                          WIDTH="106"
                          VPOS="1195"
                          HPOS="912"
                          CONTENT="sua"/>
                  <SP HEIGHT="68" WIDTH="15" VPOS="1195" HPOS="1018"/>
                  <String HEIGHT="68"
                          WIDTH="182"
                          VPOS="1195"
                          HPOS="957"
                          CONTENT="proprieta"
                          SUBS_TYPE="HypPart1"
                          SUBS_CONTENT="proprietate."/>
                  <HYP CONTENT="-"/>
               </TextLine>
               <TextLine ID="r2l26"
                         BASELINE="1301"
                         HEIGHT="55"
                         WIDTH="820"
                         VPOS="1246"
                         HPOS="320">
                  <String HEIGHT="55"
                          WIDTH="106"
                          VPOS="1246"
                          HPOS="305"
                          CONTENT="te."
                          SUBS_TYPE="HypPart2"
                          SUBS_CONTENT="proprietate."/>
                  <SP HEIGHT="55" WIDTH="15" VPOS="1246" HPOS="411"/>
                  <String HEIGHT="55"
                          WIDTH="121"
                          VPOS="1246"
                          HPOS="366"
                          CONTENT="Item"/>
                  <SP HEIGHT="55" WIDTH="15" VPOS="1246" HPOS="487"/>
                  <String HEIGHT="55"
                          WIDTH="106"
                          VPOS="1246"
                          HPOS="441"
                          CONTENT="cum"/>
                  <SP HEIGHT="55" WIDTH="15" VPOS="1246" HPOS="548"/>
                  <String HEIGHT="55"
                          WIDTH="167"
                          VPOS="1246"
                          HPOS="502"
                          CONTENT="dicitur"/>
                  <SP HEIGHT="55" WIDTH="15" VPOS="1246" HPOS="669"/>
                  <String HEIGHT="55"
                          WIDTH="121"
                          VPOS="1246"
                          HPOS="624"
                          CONTENT="nata"/>
                  <SP HEIGHT="55" WIDTH="15" VPOS="1246" HPOS="745"/>
                  <String HEIGHT="55"
                          WIDTH="197"
                          VPOS="1246"
                          HPOS="700"
                          CONTENT="sapietia,"/>
                  <SP HEIGHT="55" WIDTH="15" VPOS="1246" HPOS="897"/>
                  <String HEIGHT="55"
                          WIDTH="121"
                          VPOS="1246"
                          HPOS="851"
                          CONTENT="idem"/>
                  <SP HEIGHT="55" WIDTH="15" VPOS="1246" HPOS="973"/>
                  <String HEIGHT="55"
                          WIDTH="228"
                          VPOS="1246"
                          HPOS="912"
                          CONTENT="intelligitur,"/>
               </TextLine>
               <TextLine ID="r2l27"
                         BASELINE="1356"
                         HEIGHT="62"
                         WIDTH="818"
                         VPOS="1294"
                         HPOS="319">
                  <String HEIGHT="62" WIDTH="88" VPOS="1294" HPOS="304" CONTENT="id"/>
                  <SP HEIGHT="62" WIDTH="15" VPOS="1294" HPOS="392"/>
                  <String HEIGHT="62"
                          WIDTH="117"
                          VPOS="1294"
                          HPOS="348"
                          CONTENT="est,"/>
                  <SP HEIGHT="62" WIDTH="15" VPOS="1294" HPOS="465"/>
                  <String HEIGHT="62"
                          WIDTH="146"
                          VPOS="1294"
                          HPOS="421"
                          CONTENT="genita"/>
                  <SP HEIGHT="62" WIDTH="15" VPOS="1294" HPOS="567"/>
                  <String HEIGHT="62"
                          WIDTH="219"
                          VPOS="1294"
                          HPOS="524"
                          CONTENT="hypostasis."/>
                  <SP HEIGHT="62" WIDTH="15" VPOS="1294" HPOS="743"/>
                  <String HEIGHT="62"
                          WIDTH="117"
                          VPOS="1294"
                          HPOS="699"
                          CONTENT="Ideo"/>
                  <SP HEIGHT="62" WIDTH="15" VPOS="1294" HPOS="816"/>
                  <String HEIGHT="62"
                          WIDTH="205"
                          VPOS="1294"
                          HPOS="772"
                          CONTENT="vigilanter"/>
                  <SP HEIGHT="62" WIDTH="15" VPOS="1294" HPOS="976"/>
                  <String HEIGHT="62"
                          WIDTH="102"
                          VPOS="1294"
                          HPOS="933"
                          CONTENT="ait"/>
                  <SP HEIGHT="62" WIDTH="15" VPOS="1294" HPOS="1035"/>
                  <String HEIGHT="62"
                          WIDTH="117"
                          VPOS="1294"
                          HPOS="991"
                          CONTENT="idem"/>
                  <SP HEIGHT="62" WIDTH="15" VPOS="1294" HPOS="1108"/>
                  <String HEIGHT="62"
                          WIDTH="88"
                          VPOS="1294"
                          HPOS="1049"
                          CONTENT="esse"/>
               </TextLine>
               <TextLine ID="r2l28"
                         BASELINE="1409"
                         HEIGHT="68"
                         WIDTH="827"
                         VPOS="1341"
                         HPOS="311">
                  <String HEIGHT="68"
                          WIDTH="310"
                          VPOS="1341"
                          HPOS="294"
                          CONTENT="intelligendum:"/>
                  <SP HEIGHT="68" WIDTH="17" VPOS="1341" HPOS="604"/>
                  <String HEIGHT="68"
                          WIDTH="121"
                          VPOS="1341"
                          HPOS="552"
                          CONTENT="cum"/>
                  <SP HEIGHT="68" WIDTH="17" VPOS="1341" HPOS="673"/>
                  <String HEIGHT="68"
                          WIDTH="190"
                          VPOS="1341"
                          HPOS="621"
                          CONTENT="dicitur"/>
                  <SP HEIGHT="68" WIDTH="17" VPOS="1341" HPOS="811"/>
                  <String HEIGHT="68"
                          WIDTH="190"
                          VPOS="1341"
                          HPOS="759"
                          CONTENT="verbum,"/>
                  <SP HEIGHT="68" WIDTH="17" VPOS="1341" HPOS="948"/>
                  <String HEIGHT="68" WIDTH="86" VPOS="1341" HPOS="897" CONTENT="&amp;"/>
                  <SP HEIGHT="68" WIDTH="17" VPOS="1341" HPOS="983"/>
                  <String HEIGHT="68"
                          WIDTH="121"
                          VPOS="1341"
                          HPOS="931"
                          CONTENT="cum"/>
                  <SP HEIGHT="68" WIDTH="17" VPOS="1341" HPOS="1052"/>
                  <String HEIGHT="68"
                          WIDTH="155"
                          VPOS="1341"
                          HPOS="983"
                          CONTENT="dicitur"/>
               </TextLine>
               <TextLine ID="r2l29"
                         BASELINE="1470"
                         HEIGHT="81"
                         WIDTH="829"
                         VPOS="1389"
                         HPOS="314">
                  <String HEIGHT="81"
                          WIDTH="125"
                          VPOS="1389"
                          HPOS="298"
                          CONTENT="nata"/>
                  <SP HEIGHT="81" WIDTH="16" VPOS="1389" HPOS="423"/>
                  <String HEIGHT="81"
                          WIDTH="219"
                          VPOS="1389"
                          HPOS="377"
                          CONTENT="sapientia,"/>
                  <SP HEIGHT="81" WIDTH="16" VPOS="1389" HPOS="596"/>
                  <String HEIGHT="81" WIDTH="94" VPOS="1389" HPOS="549" CONTENT="id"/>
                  <SP HEIGHT="81" WIDTH="16" VPOS="1389" HPOS="642"/>
                  <String HEIGHT="81"
                          WIDTH="125"
                          VPOS="1389"
                          HPOS="596"
                          CONTENT="est,"/>
                  <SP HEIGHT="81" WIDTH="16" VPOS="1389" HPOS="721"/>
                  <String HEIGHT="81"
                          WIDTH="141"
                          VPOS="1389"
                          HPOS="674"
                          CONTENT="eadem"/>
                  <SP HEIGHT="81" WIDTH="16" VPOS="1389" HPOS="815"/>
                  <String HEIGHT="81"
                          WIDTH="188"
                          VPOS="1389"
                          HPOS="768"
                          CONTENT="relatio,"/>
                  <SP HEIGHT="81" WIDTH="16" VPOS="1389" HPOS="955"/>
                  <String HEIGHT="81"
                          WIDTH="188"
                          VPOS="1389"
                          HPOS="908"
                          CONTENT="eademque"/>
                  <SP HEIGHT="81" WIDTH="16" VPOS="1389" HPOS="1096"/>
                  <String HEIGHT="81"
                          WIDTH="109"
                          VPOS="1389"
                          HPOS="1034"
                          CONTENT="hypo"
                          SUBS_TYPE="HypPart1"
                          SUBS_CONTENT="hypostasis,"/>
                  <HYP CONTENT="-"/>
               </TextLine>
               <TextLine ID="r2l30"
                         BASELINE="1508"
                         HEIGHT="69"
                         WIDTH="830"
                         VPOS="1439"
                         HPOS="310">
                  <String HEIGHT="69"
                          WIDTH="169"
                          VPOS="1439"
                          HPOS="295"
                          CONTENT="stasis,"
                          SUBS_TYPE="HypPart2"
                          SUBS_CONTENT="hypostasis,"/>
                  <SP HEIGHT="69" WIDTH="15" VPOS="1439" HPOS="464"/>
                  <String HEIGHT="69"
                          WIDTH="108"
                          VPOS="1439"
                          HPOS="418"
                          CONTENT="cui"/>
                  <SP HEIGHT="69" WIDTH="15" VPOS="1439" HPOS="525"/>
                  <String HEIGHT="69"
                          WIDTH="138"
                          VPOS="1439"
                          HPOS="479"
                          CONTENT="inest"/>
                  <SP HEIGHT="69" WIDTH="15" VPOS="1439" HPOS="617"/>
                  <String HEIGHT="69"
                          WIDTH="123"
                          VPOS="1439"
                          HPOS="571"
                          CONTENT="illa"/>
                  <SP HEIGHT="69" WIDTH="15" VPOS="1439" HPOS="694"/>
                  <String HEIGHT="69"
                          WIDTH="231"
                          VPOS="1439"
                          HPOS="648"
                          CONTENT="proprietas."/>
                  <SP HEIGHT="69" WIDTH="15" VPOS="1439" HPOS="879"/>
                  <String HEIGHT="69" WIDTH="92" VPOS="1439" HPOS="833" CONTENT="Et"/>
                  <SP HEIGHT="69" WIDTH="15" VPOS="1439" HPOS="925"/>
                  <String HEIGHT="69" WIDTH="92" VPOS="1439" HPOS="879" CONTENT="ex"/>
                  <SP HEIGHT="69" WIDTH="15" VPOS="1439" HPOS="971"/>
                  <String HEIGHT="69"
                          WIDTH="108"
                          VPOS="1439"
                          HPOS="925"
                          CONTENT="hoc"/>
                  <SP HEIGHT="69" WIDTH="15" VPOS="1439" HPOS="1032"/>
                  <String HEIGHT="69"
                          WIDTH="169"
                          VPOS="1439"
                          HPOS="971"
                          CONTENT="adiuuatur"/>
               </TextLine>
               <TextLine ID="r2l31"
                         BASELINE="1550"
                         HEIGHT="60"
                         WIDTH="821"
                         VPOS="1490"
                         HPOS="317">
                  <String HEIGHT="60"
                          WIDTH="139"
                          VPOS="1490"
                          HPOS="302"
                          CONTENT="illud"/>
                  <SP HEIGHT="60" WIDTH="15" VPOS="1490" HPOS="441"/>
                  <String HEIGHT="60"
                          WIDTH="124"
                          VPOS="1490"
                          HPOS="394"
                          CONTENT="quod"/>
                  <SP HEIGHT="60" WIDTH="15" VPOS="1490" HPOS="518"/>
                  <String HEIGHT="60"
                          WIDTH="186"
                          VPOS="1490"
                          HPOS="472"
                          CONTENT="superius"/>
                  <SP HEIGHT="60" WIDTH="15" VPOS="1490" HPOS="658"/>
                  <String HEIGHT="60" WIDTH="93" VPOS="1490" HPOS="611" CONTENT="di"/>
                  <SP HEIGHT="60" WIDTH="15" VPOS="1490" HPOS="704"/>
                  <String HEIGHT="60"
                          WIDTH="155"
                          VPOS="1490"
                          HPOS="658"
                          CONTENT="ximus,"/>
                  <SP HEIGHT="60" WIDTH="15" VPOS="1490" HPOS="813"/>
                  <String HEIGHT="60"
                          WIDTH="186"
                          VPOS="1490"
                          HPOS="766"
                          CONTENT="scilicet"/>
                  <SP HEIGHT="60" WIDTH="15" VPOS="1490" HPOS="952"/>
                  <String HEIGHT="60" WIDTH="93" VPOS="1490" HPOS="906" CONTENT="cu"/>
                  <SP HEIGHT="60" WIDTH="15" VPOS="1490" HPOS="999"/>
                  <String HEIGHT="60"
                          WIDTH="170"
                          VPOS="1490"
                          HPOS="952"
                          CONTENT="dicitur"/>
                  <SP HEIGHT="60" WIDTH="15" VPOS="1490" HPOS="1123"/>
                  <String HEIGHT="60"
                          WIDTH="77"
                          VPOS="1490"
                          HPOS="1061"
                          CONTENT="Pa"
                          SUBS_TYPE="HypPart1"
                          SUBS_CONTENT="Pater,"/>
                  <HYP CONTENT="-"/>
               </TextLine>
               <TextLine ID="r2l32"
                         BASELINE="1600"
                         HEIGHT="73"
                         WIDTH="836"
                         VPOS="1527"
                         HPOS="314">
                  <String HEIGHT="73"
                          WIDTH="122"
                          VPOS="1527"
                          HPOS="299"
                          CONTENT="ter,"
                          SUBS_TYPE="HypPart2"
                          SUBS_CONTENT="Pater,"/>
                  <SP HEIGHT="73" WIDTH="15" VPOS="1527" HPOS="420"/>
                  <String HEIGHT="73"
                          WIDTH="106"
                          VPOS="1527"
                          HPOS="375"
                          CONTENT="uel"/>
                  <SP HEIGHT="73" WIDTH="15" VPOS="1527" HPOS="481"/>
                  <String HEIGHT="73"
                          WIDTH="167"
                          VPOS="1527"
                          HPOS="436"
                          CONTENT="Filius,"/>
                  <SP HEIGHT="73" WIDTH="15" VPOS="1527" HPOS="603"/>
                  <String HEIGHT="73"
                          WIDTH="106"
                          VPOS="1527"
                          HPOS="557"
                          CONTENT="vel"/>
                  <SP HEIGHT="73" WIDTH="15" VPOS="1527" HPOS="664"/>
                  <String HEIGHT="73"
                          WIDTH="182"
                          VPOS="1527"
                          HPOS="618"
                          CONTENT="Spiritus"/>
                  <SP HEIGHT="73" WIDTH="15" VPOS="1527" HPOS="800"/>
                  <String HEIGHT="73"
                          WIDTH="182"
                          VPOS="1527"
                          HPOS="755"
                          CONTENT="sanctus,"/>
                  <SP HEIGHT="73" WIDTH="15" VPOS="1527" HPOS="937"/>
                  <String HEIGHT="73"
                          WIDTH="106"
                          VPOS="1527"
                          HPOS="892"
                          CONTENT="non"/>
                  <SP HEIGHT="73" WIDTH="15" VPOS="1527" HPOS="998"/>
                  <String HEIGHT="73"
                          WIDTH="152"
                          VPOS="1527"
                          HPOS="952"
                          CONTENT="tantum"/>
                  <SP HEIGHT="73" WIDTH="15" VPOS="1527" HPOS="1104"/>
                  <String HEIGHT="73"
                          WIDTH="106"
                          VPOS="1527"
                          HPOS="1044"
                          CONTENT="illse"/>
               </TextLine>
               <TextLine ID="r2l33"
                         BASELINE="1657"
                         HEIGHT="61"
                         WIDTH="841"
                         VPOS="1596"
                         HPOS="316">
                  <String HEIGHT="61"
                          WIDTH="264"
                          VPOS="1596"
                          HPOS="300"
                          CONTENT="proprietates"/>
                  <SP HEIGHT="61" WIDTH="16" VPOS="1596" HPOS="563"/>
                  <String HEIGHT="61"
                          WIDTH="297"
                          VPOS="1596"
                          HPOS="514"
                          CONTENT="significantur:"/>
                  <SP HEIGHT="61" WIDTH="16" VPOS="1596" HPOS="811"/>
                  <String HEIGHT="61" WIDTH="99" VPOS="1596" HPOS="761" CONTENT="vt"/>
                  <SP HEIGHT="61" WIDTH="16" VPOS="1596" HPOS="860"/>
                  <String HEIGHT="61"
                          WIDTH="115"
                          VPOS="1596"
                          HPOS="811"
                          CONTENT="cum"/>
                  <SP HEIGHT="61" WIDTH="16" VPOS="1596" HPOS="926"/>
                  <String HEIGHT="61"
                          WIDTH="181"
                          VPOS="1596"
                          HPOS="877"
                          CONTENT="dicitur"/>
                  <SP HEIGHT="61" WIDTH="16" VPOS="1596" HPOS="1058"/>
                  <String HEIGHT="61"
                          WIDTH="165"
                          VPOS="1596"
                          HPOS="992"
                          CONTENT="Paterni"
                          SUBS_TYPE="HypPart1"
                          SUBS_CONTENT="Paternitas,"/>
                  <HYP CONTENT="-"/>
               </TextLine>
               <TextLine ID="r2l34"
                         BASELINE="1719"
                         HEIGHT="91"
                         WIDTH="836"
                         VPOS="1628"
                         HPOS="318">
                  <String HEIGHT="91"
                          WIDTH="126"
                          VPOS="1628"
                          HPOS="302"
                          CONTENT="tas,"
                          SUBS_TYPE="HypPart2"
                          SUBS_CONTENT="Paternitas,"/>
                  <SP HEIGHT="91" WIDTH="16" VPOS="1628" HPOS="428"/>
                  <String HEIGHT="91"
                          WIDTH="205"
                          VPOS="1628"
                          HPOS="381"
                          CONTENT="Filiatio:"/>
                  <SP HEIGHT="91" WIDTH="16" VPOS="1628" HPOS="586"/>
                  <String HEIGHT="91"
                          WIDTH="110"
                          VPOS="1628"
                          HPOS="539"
                          CONTENT="sed"/>
                  <SP HEIGHT="91" WIDTH="16" VPOS="1628" HPOS="649"/>
                  <String HEIGHT="91"
                          WIDTH="142"
                          VPOS="1628"
                          HPOS="602"
                          CONTENT="etiam"/>
                  <SP HEIGHT="91" WIDTH="16" VPOS="1628" HPOS="744"/>
                  <String HEIGHT="91"
                          WIDTH="221"
                          VPOS="1628"
                          HPOS="697"
                          CONTENT="hypostasis"/>
                  <SP HEIGHT="91" WIDTH="16" VPOS="1628" HPOS="917"/>
                  <String HEIGHT="91"
                          WIDTH="110"
                          VPOS="1628"
                          HPOS="870"
                          CONTENT="cum"/>
                  <SP HEIGHT="91" WIDTH="16" VPOS="1628" HPOS="980"/>
                  <String HEIGHT="91"
                          WIDTH="126"
                          VPOS="1628"
                          HPOS="933"
                          CONTENT="suis"/>
                  <SP HEIGHT="91" WIDTH="16" VPOS="1628" HPOS="1059"/>
                  <String HEIGHT="91"
                          WIDTH="158"
                          VPOS="1628"
                          HPOS="996"
                          CONTENT="proprie"/>
               </TextLine>
               <TextLine ID="r2l35"
                         BASELINE="1770"
                         HEIGHT="77"
                         WIDTH="148"
                         VPOS="1693"
                         HPOS="312">
                  <String HEIGHT="77"
                          WIDTH="185"
                          VPOS="1693"
                          HPOS="275"
                          CONTENT="tatibus."/>
               </TextLine>
            </TextBlock>
         </PrintSpace>
      </Page>
   </Layout>
</alto>
