<?xml version="1.0" encoding="UTF-8"?>
<alto xmlns:xsi="http://www.w3.org/2001/XMLSchema-instance"
      xmlns="http://www.loc.gov/standards/alto/ns-v2#"
      xmlns:page="http://schema.primaresearch.org/PAGE/gts/pagecontent/2013-07-15"
      xsi:schemaLocation="http://www.loc.gov/standards/alto/ns-v2# http://www.loc.gov/standards/alto/alto.xsd">
   <Description>
      <MeasurementUnit>pixel</MeasurementUnit>
      <OCRProcessing ID="IdOcr">
         <ocrProcessingStep>
            <processingDateTime>2021-02-10T14:40:42.74-05:00</processingDateTime>
            <processingSoftware>
               <softwareCreator>READ COOP</softwareCreator>
               <softwareName>Transkribus</softwareName>
            </processingSoftware>
         </ocrProcessingStep>
      </OCRProcessing>
   </Description>
   <Tags/>
   <Layout>
      <Page ID="Page1" PHYSICAL_IMG_NR="1" HEIGHT="2033" WIDTH="1238">
         <TopMargin HEIGHT="0" WIDTH="1238" VPOS="0" HPOS="0"/>
         <LeftMargin HEIGHT="2033" WIDTH="0" VPOS="0" HPOS="0"/>
         <RightMargin HEIGHT="2033" WIDTH="0" VPOS="0" HPOS="1238"/>
         <BottomMargin HEIGHT="0" WIDTH="1238" VPOS="2033" HPOS="0"/>
         <PrintSpace HEIGHT="2033" WIDTH="1238" VPOS="0" HPOS="0">
            <TextBlock ID="r1" HEIGHT="1741" WIDTH="871" VPOS="75" HPOS="279">
               <Shape>
                  <Polygon POINTS="279,75 279,1816 1150,1816 1150,75"/>
               </Shape>
               <TextLine ID="r1l3"
                         BASELINE="183"
                         HEIGHT="69"
                         WIDTH="855"
                         VPOS="114"
                         HPOS="275">
                  <String HEIGHT="69"
                          WIDTH="214"
                          VPOS="114"
                          HPOS="257"
                          CONTENT="gustinum"/>
                  <SP HEIGHT="69" WIDTH="18" VPOS="114" HPOS="471"/>
                  <String HEIGHT="69"
                          WIDTH="160"
                          VPOS="114"
                          HPOS="418"
                          CONTENT="vocem"/>
                  <SP HEIGHT="69" WIDTH="18" VPOS="114" HPOS="578"/>
                  <String HEIGHT="69" WIDTH="125" VPOS="114" HPOS="524" CONTENT="eo,"/>
                  <SP HEIGHT="69" WIDTH="18" VPOS="114" HPOS="649"/>
                  <String HEIGHT="69"
                          WIDTH="143"
                          VPOS="114"
                          HPOS="596"
                          CONTENT="quae"/>
                  <SP HEIGHT="69" WIDTH="18" VPOS="114" HPOS="738"/>
                  <String HEIGHT="69" WIDTH="125" VPOS="114" HPOS="685" CONTENT="est"/>
                  <SP HEIGHT="69" WIDTH="18" VPOS="114" HPOS="809"/>
                  <String HEIGHT="69" WIDTH="89" VPOS="114" HPOS="756" CONTENT="&amp;"/>
                  <SP HEIGHT="69" WIDTH="18" VPOS="114" HPOS="845"/>
                  <String HEIGHT="69"
                          WIDTH="196"
                          VPOS="114"
                          HPOS="792"
                          CONTENT="nihili,"/>
                  <SP HEIGHT="69" WIDTH="18" VPOS="114" HPOS="988"/>
                  <String HEIGHT="69" WIDTH="89" VPOS="114" HPOS="934" CONTENT="&amp;"/>
                  <SP HEIGHT="69" WIDTH="18" VPOS="114" HPOS="1023"/>
                  <String HEIGHT="69"
                          WIDTH="178"
                          VPOS="114"
                          HPOS="952"
                          CONTENT="obscura."/>
               </TextLine>
               <TextLine ID="r1l4"
                         BASELINE="224"
                         HEIGHT="47"
                         WIDTH="844"
                         VPOS="177"
                         HPOS="284">
                  <String HEIGHT="47" WIDTH="123" VPOS="177" HPOS="266" CONTENT="vti"/>
                  <SP HEIGHT="47" WIDTH="18" VPOS="177" HPOS="390"/>
                  <String HEIGHT="47" WIDTH="106" VPOS="177" HPOS="337" CONTENT="in"/>
                  <SP HEIGHT="47" WIDTH="18" VPOS="177" HPOS="442"/>
                  <String HEIGHT="47"
                          WIDTH="211"
                          VPOS="177"
                          HPOS="390"
                          CONTENT="sequenti"/>
                  <SP HEIGHT="47" WIDTH="18" VPOS="177" HPOS="601"/>
                  <String HEIGHT="47"
                          WIDTH="176"
                          VPOS="177"
                          HPOS="548"
                          CONTENT="membro"/>
                  <SP HEIGHT="47" WIDTH="18" VPOS="177" HPOS="724"/>
                  <String HEIGHT="47" WIDTH="88" VPOS="177" HPOS="671" CONTENT="&amp;"/>
                  <SP HEIGHT="47" WIDTH="18" VPOS="177" HPOS="759"/>
                  <String HEIGHT="47" WIDTH="106" VPOS="177" HPOS="706" CONTENT="in"/>
                  <SP HEIGHT="47" WIDTH="18" VPOS="177" HPOS="811"/>
                  <String HEIGHT="47" WIDTH="123" VPOS="177" HPOS="759" CONTENT="his"/>
                  <SP HEIGHT="47" WIDTH="18" VPOS="177" HPOS="882"/>
                  <String HEIGHT="47"
                          WIDTH="193"
                          VPOS="177"
                          HPOS="829"
                          CONTENT="verbis,"/>
                  <SP HEIGHT="47" WIDTH="18" VPOS="177" HPOS="1022"/>
                  <String HEIGHT="47" WIDTH="106" VPOS="177" HPOS="970" CONTENT="in"/>
                  <SP HEIGHT="47" WIDTH="18" VPOS="177" HPOS="1075"/>
                  <String HEIGHT="47"
                          WIDTH="123"
                          VPOS="177"
                          HPOS="1005"
                          CONTENT="alte"
                          SUBS_TYPE="HypPart1"
                          SUBS_CONTENT="altero"/>
                  <HYP CONTENT="-"/>
               </TextLine>
               <TextLine ID="r1l5"
                         BASELINE="293"
                         HEIGHT="74"
                         WIDTH="841"
                         VPOS="219"
                         HPOS="285">
                  <String HEIGHT="74"
                          WIDTH="95"
                          VPOS="219"
                          HPOS="269"
                          CONTENT="ro"
                          SUBS_TYPE="HypPart2"
                          SUBS_CONTENT="altero"/>
                  <SP HEIGHT="74" WIDTH="16" VPOS="219" HPOS="364"/>
                  <String HEIGHT="74"
                          WIDTH="143"
                          VPOS="219"
                          HPOS="317"
                          CONTENT="(quod"/>
                  <SP HEIGHT="74" WIDTH="16" VPOS="219" HPOS="460"/>
                  <String HEIGHT="74" WIDTH="111" VPOS="219" HPOS="412" CONTENT="est"/>
                  <SP HEIGHT="74" WIDTH="16" VPOS="219" HPOS="523"/>
                  <String HEIGHT="74"
                          WIDTH="222"
                          VPOS="219"
                          HPOS="475"
                          CONTENT="sapientia,"/>
                  <SP HEIGHT="74" WIDTH="16" VPOS="219" HPOS="698"/>
                  <String HEIGHT="74"
                          WIDTH="127"
                          VPOS="219"
                          HPOS="650"
                          CONTENT=")yox"/>
                  <SP HEIGHT="74" WIDTH="16" VPOS="219" HPOS="777"/>
                  <String HEIGHT="74" WIDTH="95" VPOS="219" HPOS="729" CONTENT="eo"/>
                  <SP HEIGHT="74" WIDTH="16" VPOS="219" HPOS="825"/>
                  <String HEIGHT="74" WIDTH="111" VPOS="219" HPOS="777" CONTENT="non"/>
                  <SP HEIGHT="74" WIDTH="16" VPOS="219" HPOS="888"/>
                  <String HEIGHT="74" WIDTH="111" VPOS="219" HPOS="840" CONTENT="est"/>
                  <SP HEIGHT="74" WIDTH="16" VPOS="219" HPOS="951"/>
                  <String HEIGHT="74"
                          WIDTH="175"
                          VPOS="219"
                          HPOS="904"
                          CONTENT="addita,"/>
                  <SP HEIGHT="74" WIDTH="16" VPOS="219" HPOS="1078"/>
                  <String HEIGHT="74" WIDTH="79" VPOS="219" HPOS="1031" CONTENT="&amp;"/>
                  <SP HEIGHT="74" WIDTH="16" VPOS="219" HPOS="1110"/>
                  <String HEIGHT="74"
                          WIDTH="79"
                          VPOS="219"
                          HPOS="1047"
                          CONTENT="re"
                          SUBS_TYPE="HypPart1"
                          SUBS_CONTENT="recte."/>
                  <HYP CONTENT="-"/>
               </TextLine>
               <TextLine ID="r1l6"
                         BASELINE="320"
                         HEIGHT="52"
                         WIDTH="841"
                         VPOS="268"
                         HPOS="286">
                  <String HEIGHT="52"
                          WIDTH="156"
                          VPOS="268"
                          HPOS="266"
                          CONTENT="cte."
                          SUBS_TYPE="HypPart2"
                          SUBS_CONTENT="recte."/>
                  <SP HEIGHT="52" WIDTH="20" VPOS="268" HPOS="423"/>
                  <String HEIGHT="52"
                          WIDTH="235"
                          VPOS="268"
                          HPOS="364"
                          CONTENT="Caeterum"/>
                  <SP HEIGHT="52" WIDTH="20" VPOS="268" HPOS="599"/>
                  <String HEIGHT="52" WIDTH="98" VPOS="268" HPOS="540" CONTENT="&amp;"/>
                  <SP HEIGHT="52" WIDTH="20" VPOS="268" HPOS="638"/>
                  <String HEIGHT="52" WIDTH="117" VPOS="268" HPOS="579" CONTENT="in"/>
                  <SP HEIGHT="52" WIDTH="20" VPOS="268" HPOS="697"/>
                  <String HEIGHT="52" WIDTH="137" VPOS="268" HPOS="638" CONTENT="hoc"/>
                  <SP HEIGHT="52" WIDTH="20" VPOS="268" HPOS="775"/>
                  <String HEIGHT="52"
                          WIDTH="196"
                          VPOS="268"
                          HPOS="716"
                          CONTENT="quoque"/>
                  <SP HEIGHT="52" WIDTH="20" VPOS="268" HPOS="912"/>
                  <String HEIGHT="52"
                          WIDTH="254"
                          VPOS="268"
                          HPOS="853"
                          CONTENT="Augustini"/>
                  <SP HEIGHT="52" WIDTH="20" VPOS="268" HPOS="1107"/>
                  <String HEIGHT="52"
                          WIDTH="98"
                          VPOS="268"
                          HPOS="1029"
                          CONTENT="te"
                          SUBS_TYPE="HypPart1"
                          SUBS_CONTENT="testimonio"/>
                  <HYP CONTENT="-"/>
               </TextLine>
               <TextLine ID="r1l7"
                         BASELINE="375"
                         HEIGHT="50"
                         WIDTH="856"
                         VPOS="325"
                         HPOS="277">
                  <String HEIGHT="50"
                          WIDTH="219"
                          VPOS="325"
                          HPOS="259"
                          CONTENT="stimonio"
                          SUBS_TYPE="HypPart2"
                          SUBS_CONTENT="testimonio"/>
                  <SP HEIGHT="50" WIDTH="18" VPOS="325" HPOS="477"/>
                  <String HEIGHT="50"
                          WIDTH="255"
                          VPOS="325"
                          HPOS="423"
                          CONTENT="recitando,"/>
                  <SP HEIGHT="50" WIDTH="18" VPOS="325" HPOS="678"/>
                  <String HEIGHT="50"
                          WIDTH="219"
                          VPOS="325"
                          HPOS="623"
                          CONTENT="quaedam,"/>
                  <SP HEIGHT="50" WIDTH="18" VPOS="325" HPOS="842"/>
                  <String HEIGHT="50" WIDTH="127" VPOS="325" HPOS="787" CONTENT="pro"/>
                  <SP HEIGHT="50" WIDTH="18" VPOS="325" HPOS="914"/>
                  <String HEIGHT="50"
                          WIDTH="255"
                          VPOS="325"
                          HPOS="860"
                          CONTENT="Magistrali"/>
                  <SP HEIGHT="50" WIDTH="18" VPOS="325" HPOS="1115"/>
                  <String HEIGHT="50"
                          WIDTH="91"
                          VPOS="325"
                          HPOS="1042"
                          CONTENT="au"
                          SUBS_TYPE="HypPart1"
                          SUBS_CONTENT="autoritate,"/>
                  <HYP CONTENT="-"/>
               </TextLine>
               <TextLine ID="r1l8"
                         BASELINE="425"
                         HEIGHT="52"
                         WIDTH="851"
                         VPOS="373"
                         HPOS="284">
                  <String HEIGHT="52"
                          WIDTH="251"
                          VPOS="373"
                          HPOS="265"
                          CONTENT="toritate,"
                          SUBS_TYPE="HypPart2"
                          SUBS_CONTENT="autoritate,"/>
                  <SP HEIGHT="52" WIDTH="19" VPOS="373" HPOS="516"/>
                  <String HEIGHT="52"
                          WIDTH="251"
                          VPOS="373"
                          HPOS="458"
                          CONTENT="immutauit"/>
                  <SP HEIGHT="52" WIDTH="19" VPOS="373" HPOS="709"/>
                  <String HEIGHT="52"
                          WIDTH="271"
                          VPOS="373"
                          HPOS="651"
                          CONTENT="Lombardus,"/>
                  <SP HEIGHT="52" WIDTH="19" VPOS="373" HPOS="922"/>
                  <String HEIGHT="52"
                          WIDTH="155"
                          VPOS="373"
                          HPOS="864"
                          CONTENT="quae"/>
                  <SP HEIGHT="52" WIDTH="19" VPOS="373" HPOS="1019"/>
                  <String HEIGHT="52"
                          WIDTH="213"
                          VPOS="373"
                          HPOS="961"
                          CONTENT="quoniam"/>
                  <SP HEIGHT="52" WIDTH="19" VPOS="373" HPOS="1174"/>
                  <String HEIGHT="52" WIDTH="39" VPOS="373" HPOS="1096" CONTENT=""/>
               </TextLine>
               <TextLine ID="r1l9"
                         BASELINE="481"
                         HEIGHT="63"
                         WIDTH="800"
                         VPOS="418"
                         HPOS="284">
                  <String HEIGHT="63"
                          WIDTH="215"
                          VPOS="418"
                          HPOS="264"
                          CONTENT="antoris"/>
                  <SP HEIGHT="63" WIDTH="20" VPOS="418" HPOS="479"/>
                  <String HEIGHT="63"
                          WIDTH="195"
                          VPOS="418"
                          HPOS="421"
                          CONTENT="mentem"/>
                  <SP HEIGHT="63" WIDTH="20" VPOS="418" HPOS="616"/>
                  <String HEIGHT="63" WIDTH="137" VPOS="418" HPOS="557" CONTENT="non"/>
                  <SP HEIGHT="63" WIDTH="20" VPOS="418" HPOS="694"/>
                  <String HEIGHT="63"
                          WIDTH="234"
                          VPOS="418"
                          HPOS="635"
                          CONTENT="laedunt,"/>
                  <SP HEIGHT="63" WIDTH="20" VPOS="418" HPOS="869"/>
                  <String HEIGHT="63" WIDTH="137" VPOS="418" HPOS="811" CONTENT="non"/>
                  <SP HEIGHT="63" WIDTH="20" VPOS="418" HPOS="947"/>
                  <String HEIGHT="63"
                          WIDTH="215"
                          VPOS="418"
                          HPOS="869"
                          CONTENT="annotabo."/>
               </TextLine>
               <TextLine ID="line_1612368470173_1464"
                         BASELINE="535"
                         HEIGHT="73"
                         WIDTH="430"
                         VPOS="462"
                         HPOS="459">
                  <String HEIGHT="73" WIDTH="235" VPOS="462" HPOS="420" CONTENT="AD"/>
                  <SP HEIGHT="73" WIDTH="39" VPOS="462" HPOS="654"/>
                  <String HEIGHT="73"
                          WIDTH="313"
                          VPOS="462"
                          HPOS="537"
                          CONTENT="CAP."/>
                  <SP HEIGHT="73" WIDTH="39" VPOS="462" HPOS="850"/>
                  <String HEIGHT="73" WIDTH="195" VPOS="462" HPOS="694" CONTENT="VII"/>
               </TextLine>
               <TextLine ID="r1l13"
                         BASELINE="592"
                         HEIGHT="72"
                         WIDTH="733"
                         VPOS="520"
                         HPOS="393">
                  <String HEIGHT="72"
                          WIDTH="209"
                          VPOS="520"
                          HPOS="376"
                          CONTENT="Species."/>
                  <SP HEIGHT="72" WIDTH="17" VPOS="520" HPOS="585"/>
                  <String HEIGHT="72"
                          WIDTH="209"
                          VPOS="520"
                          HPOS="533"
                          CONTENT="Hilarius"/>
                  <SP HEIGHT="72" WIDTH="17" VPOS="520" HPOS="742"/>
                  <String HEIGHT="72"
                          WIDTH="175"
                          VPOS="520"
                          HPOS="690"
                          CONTENT="habet,"/>
                  <SP HEIGHT="72" WIDTH="17" VPOS="520" HPOS="864"/>
                  <String HEIGHT="72"
                          WIDTH="209"
                          VPOS="520"
                          HPOS="812"
                          CONTENT="Imaginis"/>
                  <SP HEIGHT="72" WIDTH="17" VPOS="520" HPOS="1021"/>
                  <String HEIGHT="72"
                          WIDTH="175"
                          VPOS="520"
                          HPOS="951"
                          CONTENT="species,"/>
               </TextLine>
               <TextLine ID="r1l14"
                         BASELINE="637"
                         HEIGHT="67"
                         WIDTH="839"
                         VPOS="570"
                         HPOS="280">
                  <String HEIGHT="67"
                          WIDTH="140"
                          VPOS="570"
                          HPOS="263"
                          CONTENT="sic,"/>
                  <SP HEIGHT="67" WIDTH="17" VPOS="570" HPOS="402"/>
                  <String HEIGHT="67" WIDTH="122" VPOS="570" HPOS="350" CONTENT="Ona"/>
                  <SP HEIGHT="67" WIDTH="17" VPOS="570" HPOS="472"/>
                  <String HEIGHT="67" WIDTH="122" VPOS="570" HPOS="420" CONTENT="est"/>
                  <SP HEIGHT="67" WIDTH="17" VPOS="570" HPOS="542"/>
                  <String HEIGHT="67"
                          WIDTH="140"
                          VPOS="570"
                          HPOS="490"
                          CONTENT="enim"/>
                  <SP HEIGHT="67" WIDTH="17" VPOS="570" HPOS="630"/>
                  <String HEIGHT="67"
                          WIDTH="227"
                          VPOS="570"
                          HPOS="577"
                          CONTENT="imaginis,"/>
                  <SP HEIGHT="67" WIDTH="17" VPOS="570" HPOS="804"/>
                  <String HEIGHT="67" WIDTH="105" VPOS="570" HPOS="752" CONTENT="ad"/>
                  <SP HEIGHT="67" WIDTH="17" VPOS="570" HPOS="857"/>
                  <String HEIGHT="67"
                          WIDTH="140"
                          VPOS="570"
                          HPOS="804"
                          CONTENT="quam"/>
                  <SP HEIGHT="67" WIDTH="17" VPOS="570" HPOS="944"/>
                  <String HEIGHT="67"
                          WIDTH="140"
                          VPOS="570"
                          HPOS="892"
                          CONTENT="homo"/>
                  <SP HEIGHT="67" WIDTH="17" VPOS="570" HPOS="1032"/>
                  <String HEIGHT="67"
                          WIDTH="157"
                          VPOS="570"
                          HPOS="962"
                          CONTENT="creatus"/>
               </TextLine>
               <TextLine ID="r1l15"
                         BASELINE="691"
                         HEIGHT="66"
                         WIDTH="837"
                         VPOS="625"
                         HPOS="281">
                  <String HEIGHT="66"
                          WIDTH="137"
                          VPOS="625"
                          HPOS="264"
                          CONTENT="est,"/>
                  <SP HEIGHT="66" WIDTH="17" VPOS="625" HPOS="401"/>
                  <String HEIGHT="66"
                          WIDTH="205"
                          VPOS="625"
                          HPOS="349"
                          CONTENT="specias."/>
                  <SP HEIGHT="66" WIDTH="17" VPOS="625" HPOS="554"/>
                  <String HEIGHT="66" WIDTH="102" VPOS="625" HPOS="503" CONTENT="Id"/>
                  <SP HEIGHT="66" WIDTH="17" VPOS="625" HPOS="606"/>
                  <String HEIGHT="66" WIDTH="120" VPOS="625" HPOS="554" CONTENT="est"/>
                  <SP HEIGHT="66" WIDTH="17" VPOS="625" HPOS="674"/>
                  <String HEIGHT="66"
                          WIDTH="171"
                          VPOS="625"
                          HPOS="623"
                          CONTENT="forma,"/>
                  <SP HEIGHT="66" WIDTH="17" VPOS="625" HPOS="793"/>
                  <String HEIGHT="66"
                          WIDTH="137"
                          VPOS="625"
                          HPOS="742"
                          CONTENT="quae"/>
                  <SP HEIGHT="66" WIDTH="17" VPOS="625" HPOS="879"/>
                  <String HEIGHT="66"
                          WIDTH="188"
                          VPOS="625"
                          HPOS="828"
                          CONTENT="nimirum"/>
                  <SP HEIGHT="66" WIDTH="17" VPOS="625" HPOS="1016"/>
                  <String HEIGHT="66" WIDTH="102" VPOS="625" HPOS="964" CONTENT="in"/>
                  <SP HEIGHT="66" WIDTH="17" VPOS="625" HPOS="1067"/>
                  <String HEIGHT="66"
                          WIDTH="120"
                          VPOS="625"
                          HPOS="998"
                          CONTENT="aliis"/>
               </TextLine>
               <TextLine ID="r1l16"
                         BASELINE="757"
                         HEIGHT="85"
                         WIDTH="831"
                         VPOS="672"
                         HPOS="292">
                  <String HEIGHT="85"
                          WIDTH="212"
                          VPOS="672"
                          HPOS="274"
                          CONTENT="Personis"/>
                  <SP HEIGHT="85" WIDTH="18" VPOS="672" HPOS="486"/>
                  <String HEIGHT="85" WIDTH="124" VPOS="672" HPOS="433" CONTENT="vel"/>
                  <SP HEIGHT="85" WIDTH="18" VPOS="672" HPOS="557"/>
                  <String HEIGHT="85"
                          WIDTH="265"
                          VPOS="672"
                          HPOS="504"
                          CONTENT="indiuiduis,"/>
                  <SP HEIGHT="85" WIDTH="18" VPOS="672" HPOS="769"/>
                  <String HEIGHT="85"
                          WIDTH="159"
                          VPOS="672"
                          HPOS="716"
                          CONTENT="etiam"/>
                  <SP HEIGHT="85" WIDTH="18" VPOS="672" HPOS="875"/>
                  <String HEIGHT="85"
                          WIDTH="194"
                          VPOS="672"
                          HPOS="822"
                          CONTENT="eiusdem"/>
                  <SP HEIGHT="85" WIDTH="18" VPOS="672" HPOS="1017"/>
                  <String HEIGHT="85"
                          WIDTH="177"
                          VPOS="672"
                          HPOS="946"
                          CONTENT="naturae,"/>
               </TextLine>
               <TextLine ID="r1l17"
                         BASELINE="805"
                         HEIGHT="81"
                         WIDTH="449"
                         VPOS="724"
                         HPOS="281">
                  <String HEIGHT="81"
                          WIDTH="198"
                          VPOS="724"
                          HPOS="263"
                          CONTENT="diuersa"/>
                  <SP HEIGHT="81" WIDTH="18" VPOS="724" HPOS="461"/>
                  <String HEIGHT="81"
                          WIDTH="162"
                          VPOS="724"
                          HPOS="407"
                          CONTENT="tamen"/>
                  <SP HEIGHT="81" WIDTH="18" VPOS="724" HPOS="568"/>
                  <String HEIGHT="81"
                          WIDTH="144"
                          VPOS="724"
                          HPOS="514"
                          CONTENT="esse"/>
                  <SP HEIGHT="81" WIDTH="18" VPOS="724" HPOS="658"/>
                  <String HEIGHT="81"
                          WIDTH="144"
                          VPOS="724"
                          HPOS="586"
                          CONTENT="solet."/>
               </TextLine>
               <TextLine ID="r1l18"
                         BASELINE="857"
                         HEIGHT="64"
                         WIDTH="152"
                         VPOS="793"
                         HPOS="627">
                  <String HEIGHT="64"
                          WIDTH="190"
                          VPOS="793"
                          HPOS="589"
                          CONTENT="Censura."/>
               </TextLine>
               <TextLine ID="r1l19"
                         BASELINE="900"
                         HEIGHT="63"
                         WIDTH="764"
                         VPOS="837"
                         HPOS="357">
                  <String HEIGHT="63"
                          WIDTH="186"
                          VPOS="837"
                          HPOS="336"
                          CONTENT="Multa"/>
                  <SP HEIGHT="63" WIDTH="21" VPOS="837" HPOS="522"/>
                  <String HEIGHT="63"
                          WIDTH="165"
                          VPOS="837"
                          HPOS="460"
                          CONTENT="sunt"/>
                  <SP HEIGHT="63" WIDTH="21" VPOS="837" HPOS="625"/>
                  <String HEIGHT="63" WIDTH="124" VPOS="837" HPOS="563" CONTENT="in"/>
                  <SP HEIGHT="63" WIDTH="21" VPOS="837" HPOS="687"/>
                  <String HEIGHT="63" WIDTH="145" VPOS="837" HPOS="625" CONTENT="hac"/>
                  <SP HEIGHT="63" WIDTH="21" VPOS="837" HPOS="770"/>
                  <String HEIGHT="63"
                          WIDTH="330"
                          VPOS="837"
                          HPOS="708"
                          CONTENT="Distinctione"/>
                  <SP HEIGHT="63" WIDTH="21" VPOS="837" HPOS="1038"/>
                  <String HEIGHT="63"
                          WIDTH="165"
                          VPOS="837"
                          HPOS="956"
                          CONTENT="XXVIII"/>
               </TextLine>
               <TextLine ID="r1l20"
                         BASELINE="962"
                         HEIGHT="64"
                         WIDTH="831"
                         VPOS="898"
                         HPOS="292">
                  <String HEIGHT="64"
                          WIDTH="163"
                          VPOS="898"
                          HPOS="274"
                          CONTENT="graui"/>
                  <SP HEIGHT="64" WIDTH="18" VPOS="898" HPOS="437"/>
                  <String HEIGHT="64"
                          WIDTH="307"
                          VPOS="898"
                          HPOS="382"
                          CONTENT="reprehensione"/>
                  <SP HEIGHT="64" WIDTH="18" VPOS="898" HPOS="689"/>
                  <String HEIGHT="64"
                          WIDTH="271"
                          VPOS="898"
                          HPOS="635"
                          CONTENT="dignissima,"/>
                  <SP HEIGHT="64" WIDTH="18" VPOS="898" HPOS="906"/>
                  <String HEIGHT="64" WIDTH="90" VPOS="898" HPOS="852" CONTENT="e"/>
                  <SP HEIGHT="64" WIDTH="18" VPOS="898" HPOS="942"/>
                  <String HEIGHT="64"
                          WIDTH="181"
                          VPOS="898"
                          HPOS="888"
                          CONTENT="quibus"/>
                  <SP HEIGHT="64" WIDTH="18" VPOS="898" HPOS="1069"/>
                  <String HEIGHT="64"
                          WIDTH="126"
                          VPOS="898"
                          HPOS="997"
                          CONTENT="pauca"/>
               </TextLine>
               <TextLine ID="r1l21"
                         BASELINE="1012"
                         HEIGHT="64"
                         WIDTH="839"
                         VPOS="948"
                         HPOS="288">
                  <String HEIGHT="64"
                          WIDTH="210"
                          VPOS="948"
                          HPOS="267"
                          CONTENT="tantum"/>
                  <SP HEIGHT="64" WIDTH="21" VPOS="948" HPOS="477"/>
                  <String HEIGHT="64"
                          WIDTH="231"
                          VPOS="948"
                          HPOS="414"
                          CONTENT="quaedam"/>
                  <SP HEIGHT="64" WIDTH="21" VPOS="948" HPOS="645"/>
                  <String HEIGHT="64"
                          WIDTH="168"
                          VPOS="948"
                          HPOS="582"
                          CONTENT="(nam"/>
                  <SP HEIGHT="64" WIDTH="21" VPOS="948" HPOS="749"/>
                  <String HEIGHT="64"
                          WIDTH="189"
                          VPOS="948"
                          HPOS="687"
                          CONTENT="omnia"/>
                  <SP HEIGHT="64" WIDTH="21" VPOS="948" HPOS="875"/>
                  <String HEIGHT="64"
                          WIDTH="252"
                          VPOS="948"
                          HPOS="812"
                          CONTENT="persequi"/>
                  <SP HEIGHT="64" WIDTH="21" VPOS="948" HPOS="1064"/>
                  <String HEIGHT="64"
                          WIDTH="147"
                          VPOS="948"
                          HPOS="980"
                          CONTENT="velle"/>
               </TextLine>
               <TextLine ID="r1l22"
                         BASELINE="1048"
                         HEIGHT="44"
                         WIDTH="840"
                         VPOS="1004"
                         HPOS="291">
                  <String HEIGHT="44"
                          WIDTH="164"
                          VPOS="1004"
                          HPOS="273"
                          CONTENT="esset"/>
                  <SP HEIGHT="44" WIDTH="18" VPOS="1004" HPOS="437"/>
                  <String HEIGHT="44"
                          WIDTH="256"
                          VPOS="1004"
                          HPOS="382"
                          CONTENT="infinitum)"/>
                  <SP HEIGHT="44" WIDTH="18" VPOS="1004" HPOS="638"/>
                  <String HEIGHT="44"
                          WIDTH="274"
                          VPOS="1004"
                          HPOS="583"
                          CONTENT="attingemus,"/>
                  <SP HEIGHT="44" WIDTH="18" VPOS="1004" HPOS="857"/>
                  <String HEIGHT="44" WIDTH="110" VPOS="1004" HPOS="802" CONTENT="vt"/>
                  <SP HEIGHT="44" WIDTH="18" VPOS="1004" HPOS="912"/>
                  <String HEIGHT="44"
                          WIDTH="164"
                          VPOS="1004"
                          HPOS="857"
                          CONTENT="omnes"/>
                  <SP HEIGHT="44" WIDTH="18" VPOS="1004" HPOS="1021"/>
                  <String HEIGHT="44"
                          WIDTH="183"
                          VPOS="1004"
                          HPOS="948"
                          CONTENT="intelli"
                          SUBS_TYPE="HypPart1"
                          SUBS_CONTENT="intelligant"/>
                  <HYP CONTENT="-"/>
               </TextLine>
               <TextLine ID="r1l23"
                         BASELINE="1108"
                         HEIGHT="73"
                         WIDTH="836"
                         VPOS="1035"
                         HPOS="296">
                  <String HEIGHT="73"
                          WIDTH="156"
                          VPOS="1035"
                          HPOS="277"
                          CONTENT="gant"
                          SUBS_TYPE="HypPart2"
                          SUBS_CONTENT="intelligant"/>
                  <SP HEIGHT="73" WIDTH="19" VPOS="1035" HPOS="432"/>
                  <String HEIGHT="73"
                          WIDTH="136"
                          VPOS="1035"
                          HPOS="374"
                          CONTENT="nos"/>
                  <SP HEIGHT="73" WIDTH="19" VPOS="1035" HPOS="510"/>
                  <String HEIGHT="73"
                          WIDTH="136"
                          VPOS="1035"
                          HPOS="452"
                          CONTENT="cum"/>
                  <SP HEIGHT="73" WIDTH="19" VPOS="1035" HPOS="588"/>
                  <String HEIGHT="73"
                          WIDTH="156"
                          VPOS="1035"
                          HPOS="529"
                          CONTENT="isto"/>
                  <SP HEIGHT="73" WIDTH="19" VPOS="1035" HPOS="685"/>
                  <String HEIGHT="73"
                          WIDTH="136"
                          VPOS="1035"
                          HPOS="627"
                          CONTENT="non"/>
                  <SP HEIGHT="73" WIDTH="19" VPOS="1035" HPOS="763"/>
                  <String HEIGHT="73"
                          WIDTH="175"
                          VPOS="1035"
                          HPOS="704"
                          CONTENT="summo"/>
                  <SP HEIGHT="73" WIDTH="19" VPOS="1035" HPOS="879"/>
                  <String HEIGHT="73"
                          WIDTH="156"
                          VPOS="1035"
                          HPOS="821"
                          CONTENT="iure"/>
                  <SP HEIGHT="73" WIDTH="19" VPOS="1035" HPOS="976"/>
                  <String HEIGHT="73"
                          WIDTH="194"
                          VPOS="1035"
                          HPOS="918"
                          CONTENT="agere,"/>
                  <SP HEIGHT="73" WIDTH="19" VPOS="1035" HPOS="1113"/>
                  <String HEIGHT="73"
                          WIDTH="97"
                          VPOS="1035"
                          HPOS="1035"
                          CONTENT="sed"/>
               </TextLine>
               <TextLine ID="r1l24"
                         BASELINE="1156"
                         HEIGHT="66"
                         WIDTH="618"
                         VPOS="1090"
                         HPOS="290">
                  <String HEIGHT="66"
                          WIDTH="225"
                          VPOS="1090"
                          HPOS="271"
                          CONTENT="benigne,"/>
                  <SP HEIGHT="66" WIDTH="19" VPOS="1090" HPOS="496"/>
                  <String HEIGHT="66"
                          WIDTH="225"
                          VPOS="1090"
                          HPOS="440"
                          CONTENT="multaque"/>
                  <SP HEIGHT="66" WIDTH="19" VPOS="1090" HPOS="665"/>
                  <String HEIGHT="66"
                          WIDTH="150"
                          VPOS="1090"
                          HPOS="608"
                          CONTENT="illi"/>
                  <SP HEIGHT="66" WIDTH="19" VPOS="1090" HPOS="758"/>
                  <String HEIGHT="66"
                          WIDTH="225"
                          VPOS="1090"
                          HPOS="683"
                          CONTENT="condonare."/>
               </TextLine>
               <TextLine ID="r1l25"
                         BASELINE="1192"
                         HEIGHT="49"
                         WIDTH="783"
                         VPOS="1143"
                         HPOS="346">
                  <String HEIGHT="49"
                          WIDTH="182"
                          VPOS="1143"
                          HPOS="328"
                          CONTENT="Primum"/>
                  <SP HEIGHT="49" WIDTH="18" VPOS="1143" HPOS="510"/>
                  <String HEIGHT="49"
                          WIDTH="182"
                          VPOS="1143"
                          HPOS="455"
                          CONTENT="igitur"/>
                  <SP HEIGHT="49" WIDTH="18" VPOS="1143" HPOS="637"/>
                  <String HEIGHT="49"
                          WIDTH="200"
                          VPOS="1143"
                          HPOS="583"
                          CONTENT="inanis,"/>
                  <SP HEIGHT="49" WIDTH="18" VPOS="1143" HPOS="783"/>
                  <String HEIGHT="49"
                          WIDTH="127"
                          VPOS="1143"
                          HPOS="728"
                          CONTENT="aut"/>
                  <SP HEIGHT="49" WIDTH="18" VPOS="1143" HPOS="856"/>
                  <String HEIGHT="49"
                          WIDTH="182"
                          VPOS="1143"
                          HPOS="801"
                          CONTENT="saltem"/>
                  <SP HEIGHT="49" WIDTH="18" VPOS="1143" HPOS="983"/>
                  <String HEIGHT="49"
                          WIDTH="200"
                          VPOS="1143"
                          HPOS="929"
                          CONTENT="confusa"/>
                  <SP HEIGHT="49" WIDTH="18" VPOS="1143" HPOS="1129"/>
                  <String HEIGHT="49"
                          WIDTH="73"
                          VPOS="1143"
                          HPOS="1056"
                          CONTENT="e"
                          SUBS_TYPE="HypPart1"
                          SUBS_CONTENT="eiusdem"/>
                  <HYP CONTENT="-"/>
               </TextLine>
               <TextLine ID="r1l26"
                         BASELINE="1239"
                         HEIGHT="54"
                         WIDTH="842"
                         VPOS="1185"
                         HPOS="288">
                  <String HEIGHT="54"
                          WIDTH="196"
                          VPOS="1185"
                          HPOS="268"
                          CONTENT="iusdem"
                          SUBS_TYPE="HypPart2"
                          SUBS_CONTENT="eiusdem"/>
                  <SP HEIGHT="54" WIDTH="20" VPOS="1185" HPOS="464"/>
                  <String HEIGHT="54"
                          WIDTH="137"
                          VPOS="1185"
                          HPOS="405"
                          CONTENT="rei"/>
                  <SP HEIGHT="54" WIDTH="20" VPOS="1185" HPOS="543"/>
                  <String HEIGHT="54"
                          WIDTH="255"
                          VPOS="1185"
                          HPOS="484"
                          CONTENT="repetitio"/>
                  <SP HEIGHT="54" WIDTH="20" VPOS="1185" HPOS="738"/>
                  <String HEIGHT="54"
                          WIDTH="137"
                          VPOS="1185"
                          HPOS="680"
                          CONTENT="hoc"/>
                  <SP HEIGHT="54" WIDTH="20" VPOS="1185" HPOS="817"/>
                  <String HEIGHT="54"
                          WIDTH="157"
                          VPOS="1185"
                          HPOS="758"
                          CONTENT="loco"/>
                  <SP HEIGHT="54" WIDTH="20" VPOS="1185" HPOS="915"/>
                  <String HEIGHT="54"
                          WIDTH="294"
                          VPOS="1185"
                          HPOS="836"
                          CONTENT="reprehendenda"/>
               </TextLine>
               <TextLine ID="r1l27"
                         BASELINE="1285"
                         HEIGHT="55"
                         WIDTH="841"
                         VPOS="1230"
                         HPOS="300">
                  <String HEIGHT="55"
                          WIDTH="140"
                          VPOS="1230"
                          HPOS="282"
                          CONTENT="est."/>
                  <SP HEIGHT="55" WIDTH="18" VPOS="1230" HPOS="423"/>
                  <String HEIGHT="55" WIDTH="105" VPOS="1230" HPOS="370" CONTENT="Ac"/>
                  <SP HEIGHT="55" WIDTH="18" VPOS="1230" HPOS="475"/>
                  <String HEIGHT="55"
                          WIDTH="193"
                          VPOS="1230"
                          HPOS="423"
                          CONTENT="inanis,"/>
                  <SP HEIGHT="55" WIDTH="18" VPOS="1230" HPOS="615"/>
                  <String HEIGHT="55"
                          WIDTH="140"
                          VPOS="1230"
                          HPOS="563"
                          CONTENT="quod"/>
                  <SP HEIGHT="55" WIDTH="18" VPOS="1230" HPOS="703"/>
                  <String HEIGHT="55"
                          WIDTH="140"
                          VPOS="1230"
                          HPOS="650"
                          CONTENT="quae"/>
                  <SP HEIGHT="55" WIDTH="18" VPOS="1230" HPOS="791"/>
                  <String HEIGHT="55"
                          WIDTH="123"
                          VPOS="1230"
                          HPOS="738"
                          CONTENT="hic"/>
                  <SP HEIGHT="55" WIDTH="18" VPOS="1230" HPOS="861"/>
                  <String HEIGHT="55"
                          WIDTH="210"
                          VPOS="1230"
                          HPOS="808"
                          CONTENT="aguntur,"/>
                  <SP HEIGHT="55" WIDTH="18" VPOS="1230" HPOS="1018"/>
                  <String HEIGHT="55"
                          WIDTH="158"
                          VPOS="1230"
                          HPOS="966"
                          CONTENT="supra"/>
                  <SP HEIGHT="55" WIDTH="18" VPOS="1230" HPOS="1123"/>
                  <String HEIGHT="55"
                          WIDTH="88"
                          VPOS="1230"
                          HPOS="1053"
                          CONTENT="hoc"/>
               </TextLine>
               <TextLine ID="r1l28"
                         BASELINE="1344"
                         HEIGHT="56"
                         WIDTH="847"
                         VPOS="1288"
                         HPOS="291">
                  <String HEIGHT="56"
                          WIDTH="133"
                          VPOS="1288"
                          HPOS="274"
                          CONTENT="ipso"/>
                  <SP HEIGHT="56" WIDTH="17" VPOS="1288" HPOS="407"/>
                  <String HEIGHT="56"
                          WIDTH="149"
                          VPOS="1288"
                          HPOS="357"
                          CONTENT="libro"/>
                  <SP HEIGHT="56" WIDTH="17" VPOS="1288" HPOS="507"/>
                  <String HEIGHT="56"
                          WIDTH="183"
                          VPOS="1288"
                          HPOS="457"
                          CONTENT="Distin."/>
                  <SP HEIGHT="56" WIDTH="17" VPOS="1288" HPOS="640"/>
                  <String HEIGHT="56" WIDTH="100" VPOS="1288" HPOS="590" CONTENT="8."/>
                  <SP HEIGHT="56" WIDTH="17" VPOS="1288" HPOS="690"/>
                  <String HEIGHT="56"
                          WIDTH="133"
                          VPOS="1288"
                          HPOS="640"
                          CONTENT="sunt"/>
                  <SP HEIGHT="56" WIDTH="17" VPOS="1288" HPOS="773"/>
                  <String HEIGHT="56"
                          WIDTH="149"
                          VPOS="1288"
                          HPOS="723"
                          CONTENT="acta,"/>
                  <SP HEIGHT="56" WIDTH="17" VPOS="1288" HPOS="872"/>
                  <String HEIGHT="56" WIDTH="100" VPOS="1288" HPOS="822" CONTENT="si"/>
                  <SP HEIGHT="56" WIDTH="17" VPOS="1288" HPOS="922"/>
                  <String HEIGHT="56"
                          WIDTH="116"
                          VPOS="1288"
                          HPOS="872"
                          CONTENT="cum"/>
                  <SP HEIGHT="56" WIDTH="17" VPOS="1288" HPOS="989"/>
                  <String HEIGHT="56"
                          WIDTH="133"
                          VPOS="1288"
                          HPOS="939"
                          CONTENT="cap."/>
                  <SP HEIGHT="56" WIDTH="17" VPOS="1288" HPOS="1072"/>
                  <String HEIGHT="56"
                          WIDTH="100"
                          VPOS="1288"
                          HPOS="1022"
                          CONTENT="8."/>
                  <SP HEIGHT="56" WIDTH="17" VPOS="1288" HPOS="1121"/>
                  <String HEIGHT="56" WIDTH="83" VPOS="1288" HPOS="1072" CONTENT="&amp;"/>
                  <SP HEIGHT="56" WIDTH="17" VPOS="1288" HPOS="1155"/>
                  <String HEIGHT="56" WIDTH="50" VPOS="1288" HPOS="1088" CONTENT="&amp;"/>
               </TextLine>
               <TextLine ID="r1l29"
                         BASELINE="1387"
                         HEIGHT="54"
                         WIDTH="844"
                         VPOS="1333"
                         HPOS="289">
                  <String HEIGHT="54"
                          WIDTH="158"
                          VPOS="1333"
                          HPOS="271"
                          CONTENT="huius"/>
                  <SP HEIGHT="54" WIDTH="18" VPOS="1333" HPOS="430"/>
                  <String HEIGHT="54"
                          WIDTH="299"
                          VPOS="1333"
                          HPOS="377"
                          CONTENT="Distinctionis"/>
                  <SP HEIGHT="54" WIDTH="18" VPOS="1333" HPOS="676"/>
                  <String HEIGHT="54"
                          WIDTH="141"
                          VPOS="1333"
                          HPOS="623"
                          CONTENT="illa"/>
                  <SP HEIGHT="54" WIDTH="18" VPOS="1333" HPOS="764"/>
                  <String HEIGHT="54"
                          WIDTH="176"
                          VPOS="1333"
                          HPOS="711"
                          CONTENT="quinta"/>
                  <SP HEIGHT="54" WIDTH="18" VPOS="1333" HPOS="887"/>
                  <String HEIGHT="54"
                          WIDTH="264"
                          VPOS="1333"
                          HPOS="834"
                          CONTENT="conferatur."/>
                  <SP HEIGHT="54" WIDTH="18" VPOS="1333" HPOS="1098"/>
                  <String HEIGHT="54"
                          WIDTH="106"
                          VPOS="1333"
                          HPOS="1028"
                          CONTENT="Item"/>
               </TextLine>
               <TextLine ID="r1l30"
                         BASELINE="1441"
                         HEIGHT="49"
                         WIDTH="828"
                         VPOS="1392"
                         HPOS="301">
                  <String HEIGHT="49"
                          WIDTH="118"
                          VPOS="1392"
                          HPOS="284"
                          CONTENT="cum"/>
                  <SP HEIGHT="49" WIDTH="17" VPOS="1392" HPOS="402"/>
                  <String HEIGHT="49"
                          WIDTH="135"
                          VPOS="1392"
                          HPOS="352"
                          CONTENT="cap."/>
                  <SP HEIGHT="49" WIDTH="17" VPOS="1392" HPOS="487"/>
                  <String HEIGHT="49" WIDTH="101" VPOS="1392" HPOS="436" CONTENT="8."/>
                  <SP HEIGHT="49" WIDTH="17" VPOS="1392" HPOS="538"/>
                  <String HEIGHT="49" WIDTH="84" VPOS="1392" HPOS="487" CONTENT="&amp;"/>
                  <SP HEIGHT="49" WIDTH="17" VPOS="1392" HPOS="571"/>
                  <String HEIGHT="49" WIDTH="101" VPOS="1392" HPOS="521" CONTENT="&amp;."/>
                  <SP HEIGHT="49" WIDTH="17" VPOS="1392" HPOS="622"/>
                  <String HEIGHT="49"
                          WIDTH="152"
                          VPOS="1392"
                          HPOS="571"
                          CONTENT="Dist."/>
                  <SP HEIGHT="49" WIDTH="17" VPOS="1392" HPOS="723"/>
                  <String HEIGHT="49"
                          WIDTH="118"
                          VPOS="1392"
                          HPOS="673"
                          CONTENT="I2."/>
                  <SP HEIGHT="49" WIDTH="17" VPOS="1392" HPOS="791"/>
                  <String HEIGHT="49"
                          WIDTH="186"
                          VPOS="1392"
                          HPOS="740"
                          CONTENT="Confusa"/>
                  <SP HEIGHT="49" WIDTH="17" VPOS="1392" HPOS="926"/>
                  <String HEIGHT="49"
                          WIDTH="135"
                          VPOS="1392"
                          HPOS="876"
                          CONTENT="vero"/>
                  <SP HEIGHT="49" WIDTH="17" VPOS="1392" HPOS="1011"/>
                  <String HEIGHT="49"
                          WIDTH="186"
                          VPOS="1392"
                          HPOS="943"
                          CONTENT="repetitio"/>
               </TextLine>
               <TextLine ID="r1l31"
                         BASELINE="1485"
                         HEIGHT="57"
                         WIDTH="831"
                         VPOS="1428"
                         HPOS="302">
                  <String HEIGHT="57"
                          WIDTH="141"
                          VPOS="1428"
                          HPOS="284"
                          CONTENT="est,"/>
                  <SP HEIGHT="57" WIDTH="18" VPOS="1428" HPOS="426"/>
                  <String HEIGHT="57"
                          WIDTH="141"
                          VPOS="1428"
                          HPOS="373"
                          CONTENT="quod"/>
                  <SP HEIGHT="57" WIDTH="18" VPOS="1428" HPOS="514"/>
                  <String HEIGHT="57" WIDTH="106" VPOS="1428" HPOS="461" CONTENT="si"/>
                  <SP HEIGHT="57" WIDTH="18" VPOS="1428" HPOS="567"/>
                  <String HEIGHT="57"
                          WIDTH="194"
                          VPOS="1428"
                          HPOS="514"
                          CONTENT="quippia"/>
                  <SP HEIGHT="57" WIDTH="18" VPOS="1428" HPOS="709"/>
                  <String HEIGHT="57"
                          WIDTH="212"
                          VPOS="1428"
                          HPOS="656"
                          CONTENT="diuersum"/>
                  <SP HEIGHT="57" WIDTH="18" VPOS="1428" HPOS="868"/>
                  <String HEIGHT="57"
                          WIDTH="212"
                          VPOS="1428"
                          HPOS="815"
                          CONTENT="deuisdem"/>
                  <SP HEIGHT="57" WIDTH="18" VPOS="1428" HPOS="1027"/>
                  <String HEIGHT="57"
                          WIDTH="159"
                          VPOS="1428"
                          HPOS="974"
                          CONTENT="rebus"/>
                  <SP HEIGHT="57" WIDTH="18" VPOS="1428" HPOS="1133"/>
                  <String HEIGHT="57" WIDTH="88" VPOS="1428" HPOS="1080" CONTENT="&amp;"/>
                  <SP HEIGHT="57" WIDTH="18" VPOS="1428" HPOS="1168"/>
                  <String HEIGHT="57" WIDTH="35" VPOS="1428" HPOS="1098" CONTENT=""/>
               </TextLine>
               <TextLine ID="r1l32"
                         BASELINE="1527"
                         HEIGHT="50"
                         WIDTH="828"
                         VPOS="1477"
                         HPOS="306">
                  <String HEIGHT="50"
                          WIDTH="239"
                          VPOS="1477"
                          HPOS="288"
                          CONTENT="vocabulis"/>
                  <SP HEIGHT="50" WIDTH="18" VPOS="1477" HPOS="527"/>
                  <String HEIGHT="50"
                          WIDTH="129"
                          VPOS="1477"
                          HPOS="472"
                          CONTENT="hic"/>
                  <SP HEIGHT="50" WIDTH="18" VPOS="1477" HPOS="600"/>
                  <String HEIGHT="50"
                          WIDTH="166"
                          VPOS="1477"
                          HPOS="545"
                          CONTENT="tradi"/>
                  <SP HEIGHT="50" WIDTH="18" VPOS="1477" HPOS="711"/>
                  <String HEIGHT="50"
                          WIDTH="221"
                          VPOS="1477"
                          HPOS="656"
                          CONTENT="dicatur,"/>
                  <SP HEIGHT="50" WIDTH="18" VPOS="1477" HPOS="876"/>
                  <String HEIGHT="50"
                          WIDTH="239"
                          VPOS="1477"
                          HPOS="821"
                          CONTENT="Lombardus"/>
                  <SP HEIGHT="50" WIDTH="18" VPOS="1477" HPOS="1060"/>
                  <String HEIGHT="50"
                          WIDTH="147"
                          VPOS="1477"
                          HPOS="987"
                          CONTENT="demon"
                          SUBS_TYPE="HypPart1"
                          SUBS_CONTENT="demonstrare"/>
                  <HYP CONTENT="-"/>
               </TextLine>
               <TextLine ID="r1l33"
                         BASELINE="1575"
                         HEIGHT="50"
                         WIDTH="838"
                         VPOS="1525"
                         HPOS="297">
                  <String HEIGHT="50"
                          WIDTH="171"
                          VPOS="1525"
                          HPOS="280"
                          CONTENT="strare"
                          SUBS_TYPE="HypPart2"
                          SUBS_CONTENT="demonstrare"/>
                  <SP HEIGHT="50" WIDTH="17" VPOS="1525" HPOS="451"/>
                  <String HEIGHT="50"
                          WIDTH="154"
                          VPOS="1525"
                          HPOS="400"
                          CONTENT="illud"/>
                  <SP HEIGHT="50" WIDTH="17" VPOS="1525" HPOS="554"/>
                  <String HEIGHT="50"
                          WIDTH="188"
                          VPOS="1525"
                          HPOS="502"
                          CONTENT="debuit,"/>
                  <SP HEIGHT="50" WIDTH="17" VPOS="1525" HPOS="690"/>
                  <String HEIGHT="50"
                          WIDTH="342"
                          VPOS="1525"
                          HPOS="639"
                          CONTENT="distinctionemque"/>
                  <SP HEIGHT="50" WIDTH="17" VPOS="1525" HPOS="981"/>
                  <String HEIGHT="50"
                          WIDTH="205"
                          VPOS="1525"
                          HPOS="930"
                          CONTENT="afferre,"/>
                  <SP HEIGHT="50" WIDTH="17" VPOS="1525" HPOS="1135"/>
                  <String HEIGHT="50" WIDTH="68" VPOS="1525" HPOS="1067" CONTENT="ex"/>
               </TextLine>
               <TextLine ID="r1l34"
                         BASELINE="1633"
                         HEIGHT="50"
                         WIDTH="843"
                         VPOS="1583"
                         HPOS="304">
                  <String HEIGHT="50"
                          WIDTH="131"
                          VPOS="1583"
                          HPOS="285"
                          CONTENT="qua"/>
                  <SP HEIGHT="50" WIDTH="19" VPOS="1583" HPOS="416"/>
                  <String HEIGHT="50"
                          WIDTH="337"
                          VPOS="1583"
                          HPOS="360"
                          CONTENT="intelligeretur"/>
                  <SP HEIGHT="50" WIDTH="19" VPOS="1583" HPOS="697"/>
                  <String HEIGHT="50"
                          WIDTH="150"
                          VPOS="1583"
                          HPOS="641"
                          CONTENT="quid"/>
                  <SP HEIGHT="50" WIDTH="19" VPOS="1583" HPOS="791"/>
                  <String HEIGHT="50"
                          WIDTH="225"
                          VPOS="1583"
                          HPOS="735"
                          CONTENT="diuersum"/>
                  <SP HEIGHT="50" WIDTH="19" VPOS="1583" HPOS="960"/>
                  <String HEIGHT="50"
                          WIDTH="131"
                          VPOS="1583"
                          HPOS="903"
                          CONTENT="hic"/>
                  <SP HEIGHT="50" WIDTH="19" VPOS="1583" HPOS="1035"/>
                  <String HEIGHT="50"
                          WIDTH="187"
                          VPOS="1583"
                          HPOS="960"
                          CONTENT="tradere"
                          SUBS_TYPE="HypPart1"
                          SUBS_CONTENT="traderetur:"/>
                  <HYP CONTENT="-"/>
               </TextLine>
               <TextLine ID="r1l35"
                         BASELINE="1682"
                         HEIGHT="57"
                         WIDTH="846"
                         VPOS="1625"
                         HPOS="299">
                  <String HEIGHT="57"
                          WIDTH="138"
                          VPOS="1625"
                          HPOS="282"
                          CONTENT="tur:"
                          SUBS_TYPE="HypPart2"
                          SUBS_CONTENT="traderetur:"/>
                  <SP HEIGHT="57" WIDTH="17" VPOS="1625" HPOS="420"/>
                  <String HEIGHT="57" WIDTH="86" VPOS="1625" HPOS="368" CONTENT="&amp;"/>
                  <SP HEIGHT="57" WIDTH="17" VPOS="1625" HPOS="454"/>
                  <String HEIGHT="57"
                          WIDTH="121"
                          VPOS="1625"
                          HPOS="403"
                          CONTENT="cur"/>
                  <SP HEIGHT="57" WIDTH="17" VPOS="1625" HPOS="523"/>
                  <String HEIGHT="57"
                          WIDTH="121"
                          VPOS="1625"
                          HPOS="472"
                          CONTENT="iam"/>
                  <SP HEIGHT="57" WIDTH="17" VPOS="1625" HPOS="593"/>
                  <String HEIGHT="57"
                          WIDTH="138"
                          VPOS="1625"
                          HPOS="541"
                          CONTENT="acta"/>
                  <SP HEIGHT="57" WIDTH="17" VPOS="1625" HPOS="679"/>
                  <String HEIGHT="57"
                          WIDTH="190"
                          VPOS="1625"
                          HPOS="627"
                          CONTENT="ageret,"/>
                  <SP HEIGHT="57" WIDTH="17" VPOS="1625" HPOS="817"/>
                  <String HEIGHT="57"
                          WIDTH="155"
                          VPOS="1625"
                          HPOS="765"
                          CONTENT="atque"/>
                  <SP HEIGHT="57" WIDTH="17" VPOS="1625" HPOS="921"/>
                  <String HEIGHT="57"
                          WIDTH="242"
                          VPOS="1625"
                          HPOS="869"
                          CONTENT="retexeret."/>
                  <SP HEIGHT="57" WIDTH="17" VPOS="1625" HPOS="1110"/>
                  <String HEIGHT="57"
                          WIDTH="104"
                          VPOS="1625"
                          HPOS="1041"
                          CONTENT="Agit"/>
               </TextLine>
               <TextLine ID="r1l36"
                         BASELINE="1718"
                         HEIGHT="48"
                         WIDTH="848"
                         VPOS="1670"
                         HPOS="300">
                  <String HEIGHT="48"
                          WIDTH="165"
                          VPOS="1670"
                          HPOS="279"
                          CONTENT="enim"/>
                  <SP HEIGHT="48" WIDTH="21" VPOS="1670" HPOS="445"/>
                  <String HEIGHT="48" WIDTH="124" VPOS="1670" HPOS="383" CONTENT="de"/>
                  <SP HEIGHT="48" WIDTH="21" VPOS="1670" HPOS="507"/>
                  <String HEIGHT="48"
                          WIDTH="269"
                          VPOS="1670"
                          HPOS="445"
                          CONTENT="Ingenito:"/>
                  <SP HEIGHT="48" WIDTH="21" VPOS="1670" HPOS="714"/>
                  <String HEIGHT="48"
                          WIDTH="186"
                          VPOS="1670"
                          HPOS="652"
                          CONTENT="atqui"/>
                  <SP HEIGHT="48" WIDTH="21" VPOS="1670" HPOS="838"/>
                  <String HEIGHT="48" WIDTH="124" VPOS="1670" HPOS="776" CONTENT="de"/>
                  <SP HEIGHT="48" WIDTH="21" VPOS="1670" HPOS="900"/>
                  <String HEIGHT="48"
                          WIDTH="186"
                          VPOS="1670"
                          HPOS="838"
                          CONTENT="eodem"/>
                  <SP HEIGHT="48" WIDTH="21" VPOS="1670" HPOS="1024"/>
                  <String HEIGHT="48"
                          WIDTH="207"
                          VPOS="1670"
                          HPOS="941"
                          CONTENT="vocabulo"/>
               </TextLine>
               <TextLine ID="r1l37"
                         BASELINE="1786"
                         HEIGHT="74"
                         WIDTH="850"
                         VPOS="1712"
                         HPOS="296">
                  <String HEIGHT="74"
                          WIDTH="283"
                          VPOS="1712"
                          HPOS="278"
                          CONTENT="Disrinctione"/>
                  <SP HEIGHT="74" WIDTH="18" VPOS="1712" HPOS="562"/>
                  <String HEIGHT="74"
                          WIDTH="283"
                          VPOS="1712"
                          HPOS="508"
                          CONTENT="decimatertia"/>
                  <SP HEIGHT="74" WIDTH="18" VPOS="1712" HPOS="792"/>
                  <String HEIGHT="74"
                          WIDTH="159"
                          VPOS="1712"
                          HPOS="739"
                          CONTENT="antea"/>
                  <SP HEIGHT="74" WIDTH="18" VPOS="1712" HPOS="898"/>
                  <String HEIGHT="74"
                          WIDTH="266"
                          VPOS="1712"
                          HPOS="845"
                          CONTENT="disputarat."/>
                  <SP HEIGHT="74" WIDTH="18" VPOS="1712" HPOS="1111"/>
                  <String HEIGHT="74"
                          WIDTH="106"
                          VPOS="1712"
                          HPOS="1040"
                          CONTENT="Quid"/>
               </TextLine>
            </TextBlock>
         </PrintSpace>
      </Page>
   </Layout>
</alto>
