1286 2054
115 126 173 66 igitur
236 126 121 66 hic
305 126 156 66 aliud
409 126 208 66 molitur,
565 126 121 66 aut
635 126 173 66 docet,
756 126 139 66 quam
825 126 139 66 antea.

112 185 271 51 praesertim
324 185 135 51 cum
402 185 116 51 de
460 185 252 51 nominibus
653 185 310 51 Personalibus
886 185 77 51 S.

118 234 238 58 Trinitatis
305 234 153 58 antea
407 234 272 58 tractauerits
627 234 136 58 Ergo
712 234 153 58 etiam
814 234 102 58 ex
848 234 119 58 ipsis

114 273 279 65 scholasticis
340 273 227 65 perpauci,
515 273 140 65 quid
602 273 122 65 hic
672 273 157 65 locus
777 273 87 65 a
794 273 175 65 superio-

116 326 109 55 ri
170 326 236 55 differat,
352 326 200 55 vident,
497 326 236 55 putantque
679 326 127 55 hic
751 326 200 55 eiusdem
878 326 91 55 rei

123 370 143 51 esse
212 370 178 51 tantum
337 370 303 51 repetitionem.
587 370 125 51 Sed
658 370 143 51 illi
747 370 143 51 mihi
818 370 143 51 viden-

118 418 126 52 tur
190 418 199 52 melius,
335 418 325 52 distinctiusque
606 418 181 52 loqui,
732 418 126 52 qui
786 418 181 52 vocabula

125 468 210 57 Personis
282 468 192 57 diuinis
421 468 279 57 attributa(de
649 468 175 57 quibus
771 468 140 57 nunc
858 468 140 57 agi¬

127 515 141 54 tur)
215 515 88 54 a
251 515 282 54 superioribus
480 515 247 54 discrepare
674 515 194 54 putant,
814 515 141 54 quod
885 515 88 54 su-

120 561 258 72 perioribus
322 561 239 72 epithetis
506 561 92 72 &
543 561 239 72 nominibus
728 561 129 72 eae
783 561 184 72 proprie-

121 612 149 66 tates
221 612 299 66 significantur,
470 612 133 66 quae
553 612 133 66 sunt
636 612 282 66 constitutiuae
852 612 116 66 ipsa-

116 661 143 51 rum
197 661 285 51 Personarum
421 661 285 51 diuinarum:
646 661 143 51 His
727 661 184 51 autem
829 661 143 51 voca-

112 708 179 52 bulis,
237 708 143 52 quae
327 708 143 52 nunc
416 708 251 52 traduntur,
613 708 161 52 velut
720 708 233 52 Ingenitus
882 708 89 52 vel

121 759 332 55 innascibilitas
397 759 295 55 proprietates
637 759 184 55 quidem
748 759 221 55 Personarum

118 806 303 57 designantur,
364 806 133 57 sed
440 806 151 57 quae
535 806 133 57 non
610 806 151 57 sunt
686 806 284 57 constitutiuae

117 858 174 51 ipsius
238 858 330 51 personalitatis,
516 858 139 51 etsi
603 858 156 51 tamen
707 858 174 51 habent
829 858 104 51 in
864 858 104 51 toto

122 907 148 54 suae
214 907 350 54 significationis
509 907 184 54 ambitu
638 907 203 54 quandam
786 907 221 54 relatio¬

115 948 130 53 nem
190 948 111 53 ad
245 948 167 53 alias
356 948 241 53 personas.
541 948 130 53 Sic
615 948 204 53 Thomas,
763 948 130 53 sic
819 948 148 53 Duran-

121 1003 148 51 dus,
214 1003 130 51 sic
288 1003 185 51 Occan,
418 1003 130 51 sic
492 1003 167 51 alij.
603 1003 130 51 Nam
677 1003 148 51 quod
751 1003 222 51 distinguit

118 1048 238 52 Augustinus
305 1048 136 52 lib.
390 1048 102 52 8.
441 1048 187 52 Trinit.
577 1048 136 52 cap.
662 1048 85 52 6
696 1048 85 52 &
730 1048 102 52 v.
781 1048 153 52 inter
866 1048 102 52 haec

120 1100 123 49 duo
190 1100 245 49 Ingenitum,
383 1100 88 49 &
418 1100 123 49 non
488 1100 210 49 genitum,
646 1100 158 49 quasi
751 1100 140 49 sint
821 1100 158 49 diuersi

115 1148 285 60 significati,
347 1148 89 60 &
382 1148 214 60 notionis
543 1148 232 60 vocabula,
721 1148 125 60 est
774 1148 196 60 argutiola

127 1192 201 66 potius,
273 1192 146 66 quam
364 1192 183 66 solida
492 1192 91 66 &
529 1192 146 66 vera
621 1192 238 66 doctrina.
803 1192 128 66 Nec
858 1192 110 66 Grae

120 1253 109 51 ci
174 1253 218 51 Theologi
338 1253 164 51 inter
447 1253 200 51 ἀτηητον
592 1253 91 51 &
629 1253 109 51 μν
683 1253 200 51 λυνηλὸν
829 1253 182 51 vsquam

124 1289 306 54 distinxerunt,
376 1289 162 54 alias
484 1289 108 54 in
538 1289 126 54 hoc
610 1289 234 54 argumento
772 1289 198 54 exercita-

116 1347 216 52 tissimi,
278 1347 90 52 &
314 1347 162 52 varie
422 1347 108 52 ab
476 1347 252 52 Eunomianis
674 1347 90 52 &
710 1347 216 52 AEtianis
854 1347 108 52 hae-

109 1399 221 43 reticis
270 1399 221 43 vexati,
430 1399 201 43 maxime
571 1399 221 43 propter
732 1399 201 43 vnicam
852 1399 121 43 hane

121 1433 211 55 Aλλυῆς
268 1433 211 55 vocem,
416 1433 316 55 quemadmodum
668 1433 126 55 ex
731 1433 295 55 Epiphanio,

123 1482 89 59 &
159 1482 196 59 Basilio
302 1482 214 59 apparet.
462 1482 143 59 Haec
552 1482 179 59 igitur
677 1482 303 59 praetermissio
909 1482 71 59 in

115 1529 132 64 hac
190 1529 301 64 Distinctione
435 1529 320 64 reprehendenda
698 1529 150 64 est,
792 1529 132 64 cum
848 1529 132 64 esset

121 1578 129 62 tam
176 1578 239 62 necessaria.

166 1622 227 73 Secundum
336 1622 170 73 huius
450 1622 189 73 ipsius
583 1622 151 73 loci
677 1622 208 73 vitium,
829 1622 133 73 est
885 1622 95 73 du-

127 1656 145 82 plex
217 1656 145 82 alia
308 1656 163 82 rerum
417 1656 308 82 necessariarum
670 1656 217 82 omissio.
833 1656 109 82 Ac
869 1656 109 82 pri-

123 1734 112 66 ma
180 1734 188 66 quidem
311 1734 263 66 generalis:
517 1734 206 66 secunda
667 1734 150 66 vero
742 1734 225 66 specialis.
