1237 2031
273 87 132 94 mis
348 87 226 94 abiectam
518 87 94 94 &
555 87 188 94 exilem
687 87 113 94 de
743 87 169 94 Filij
856 87 132 94 Dei
912 87 226 94 natiuitate

278 158 207 64 aeterna
410 158 283 64 cogitationem:

325 195 192 65 Tεrruua
464 195 122 65 non
534 195 210 65 dicitur,
691 195 140 65 quod
779 195 122 65 vox
849 195 140 65 ista
936 195 157 65 etiam
1023 195 105 65 tri-

268 252 170 55 buitur
387 252 153 55 rebus
489 252 187 55 brutis,
625 252 102 55 vt
676 252 153 55 vinum
778 252 187 55 dicitur
914 252 170 55 τυνημα
1016 252 119 55 vitis

271 303 163 53 Matb.
380 303 109 53 3o
434 303 163 53 Versu
542 303 127 53 29.
615 303 181 53 ποιnμα
742 303 127 53 non
814 303 217 53 dicitur,
977 303 145 53 quod
1049 303 91 53 est

274 364 171 46 terum
388 364 247 46 creatarum
578 364 247 46 proprium,
768 364 133 46 non
844 364 152 46 item
939 364 171 46 κiῶς.
1034 364 95 46 Di-

279 402 167 55 citur
391 402 167 55 autem
502 402 186 55 Filius
632 402 167 55 lmago
743 402 204 55 Patris,
892 402 204 55 Angelus
1022 402 111 55 Dei,

281 458 222 51 Character
452 458 205 51 Personae
605 458 188 51 Patris,
742 458 188 51 Seruus.
878 458 154 51 Porro
980 458 154 51 autem
1066 458 68 51 ex

282 499 120 63 eo,
351 499 138 63 quod
437 499 172 63 Eiξῶν.
557 499 103 63 i.
609 499 155 63 Imago
712 499 172 63 Patris
832 499 189 63 dicitur
970 499 189 63 Filius,

282 549 192 62 quidam
416 549 230 62 perperam
588 549 249 62 colligere
780 549 192 62 conati
914 549 153 62 sunt
991 549 134 62 nihil

285 586 140 58 esse
372 586 227 58 ζυπὸςαλὸν
547 586 192 58 Filium:
687 586 122 58 sed
756 586 210 58 perperam
896 586 210 58 colligunt.

286 640 155 54 lmago
389 640 155 54 enim,
492 640 86 54 &
527 640 207 54 Angelus,
682 640 86 54 &
716 640 172 54 Seruus
836 640 189 54 dicitur
974 640 189 54 Filius.

288 696 124 57 qua
359 696 177 57 carnem
483 696 247 57 assumpsit,
677 696 88 57 &
712 696 141 57 homo
801 696 177 57 factus
925 696 141 57 est,
1013 696 88 57 &
1031 696 88 57 est

284 742 139 53 Deus
370 742 104 53 in
422 742 381 53 carnemanifestatus.
752 742 104 53 I.
804 742 208 53 Timothia
960 742 87 53 .
995 742 139 53 Ver.
1064 742 52 53 &

288 794 125 51 Ioa.
367 794 94 51 I.
413 794 125 51 Ver.
492 794 109 51 I4.
554 794 78 51 &
585 794 125 51 haec
663 794 156 51 quidem
773 794 109 51 tot
835 794 125 51 sunt
913 794 109 51 hic
960 794 141 51 omissa.

337 832 192 58 Tertium
476 832 174 58 vitium
598 832 157 58 huius
702 832 296 58 Distinctionis
946 832 139 58 est,
1016 832 104 58 quod

278 886 307 59 probationes
523 886 123 59 ad
584 886 143 59 hoc
666 886 143 59 tam
748 886 245 59 augustum
912 886 205 59 argumen-

276 934 129 65 tum
349 934 258 65 tractandum
552 934 166 65 sumit
663 934 203 65 prorsus
810 934 203 65 ineptas
958 934 92 65 &
976 934 148 65 ἀωρos-

281 979 224 53 δεoνυνuς,
453 979 242 53 praesertim
643 979 104 53 ex
695 979 207 53 Hilario,
850 979 121 53 cui
919 979 155 53 addit
1005 979 121 53 vocem

286 1029 254 49 lngenitus
482 1029 98 49 &
521 1029 234 49 genitus,
696 1029 117 49 vt
755 1029 117 49 ad
814 1029 156 49 suum
892 1029 234 49 argumentum

277 1075 221 56 hominem
438 1075 301 56 intorqueat.
678 1075 181 56 Atqui
799 1075 201 56 Thomas
919 1075 221 56 praeclare

293 1123 96 68 in
341 1123 96 68 I.
389 1123 145 68 part.
486 1123 177 68 Quaest.
614 1123 113 68 S2.
679 1123 209 68 Derogatur
840 1123 145 68 fidei
920 1123 209 68 Christiana,

282 1175 136 61 quum
367 1175 188 61 aliquis
504 1175 102 61 ad
555 1175 222 61 probandam
726 1175 154 61 fidem
828 1175 188 61 inducit
947 1175 188 61 rationes.

279 1237 140 60 quae
366 1237 122 60 non
436 1237 140 60 sunt
523 1237 227 60 cogentes.
698 1237 157 60 Cedit
802 1237 140 60 enim
890 1237 105 60 in
925 1237 210 60 irrisionem

265 1267 214 66 infidelium.

328 1312 211 76 Quartum
482 1312 211 76 denique
635 1312 192 76 vitium
770 1312 135 76 est
847 1312 250 76 argutiola
1020 1312 115 76 illa

289 1365 154 76 inter
391 1365 120 76 has
460 1365 205 76 phrases,
613 1365 120 76 Est
682 1365 171 76 Pater,
801 1365 85 76 &
836 1365 154 76 Pater
938 1365 137 76 est,
1006 1365 120 76 quan-

281 1416 159 55 quam
380 1416 119 55 ex
440 1416 258 55 Augustini
638 1416 238 55 ψεττολἰα
817 1416 198 55 sumpta
956 1416 159 55 est.
1035 1416 99 55 Sed

280 1465 109 63 ab
334 1465 163 63 isto,
443 1465 127 63 qui
516 1465 236 63 magistrum
697 1465 109 63 se
752 1465 272 63 profitetur,
951 1465 182 63 iudicium

280 1514 174 67 procul
402 1514 157 67 dubio
506 1514 157 67 fuit,
611 1514 87 67 &
646 1514 140 67 hic,
733 1514 87 67 &
768 1514 105 67 in
820 1514 157 67 aliis
925 1514 157 67 rebus
1012 1514 122 67 adhi-

278 1553 209 78 bendum.
430 1553 114 78 Et
487 1553 152 78 haec
564 1553 190 78 hactenus
