1264 2029
99 111 127 74 est
172 111 164 74 magni
281 111 219 74 momenti.
445 111 182 74 Sumpta
572 111 146 74 sunt
663 111 146 74 ista
754 111 109 74 ex
809 111 164 74 libro
900 111 73 74 de

99 162 183 64 Natura
227 162 165 64 Boni.
336 162 146 64 cap.
428 162 128 64 28.
501 162 238 64 Sententia
684 162 146 64 vero
775 162 165 64 ista,
867 162 91 64 Om-

97 221 147 69 nium
188 221 165 69 ergo,
299 221 129 69 &c.
372 221 129 69 est
446 221 184 69 ipsius
574 221 239 69 Lombardi,
758 221 129 69 non
831 221 165 69 autem

71 263 258 62 Augustini.

221 278 186 99 Dicitur
356 278 203 99 relatiue
508 278 169 99 Pater.
626 278 152 99 Multa
728 278 101 99 in
778 278 118 99 hoc
829 278 135 99 testi-

104 358 164 58 monio
213 358 146 58 sunt
304 358 91 58 &
341 358 237 58 immutata,
523 358 91 58 &
560 358 310 58 praetermissa,
815 358 146 58 quae
888 358 73 58 ex

97 405 212 55 ipsorum
251 405 251 55 Augustini
444 405 232 55 verborum
618 405 289 55 recitatione
830 405 135 55 faci-

97 456 120 60 le
157 456 199 60 quiuis
296 456 419 60 deprehendetitamen
655 456 120 60 ad
695 456 259 60 subleuandum

100 507 205 45 aliorum
250 507 205 45 laborem
399 507 131 45 nos
474 507 112 45 ea
530 507 261 45 maiusculis
735 507 205 45 literis
866 507 93 45 de-

96 551 264 66 scripsimus.
308 551 141 66 Haec
396 551 141 66 sunt
484 551 176 66 igitur
607 551 229 66 ipsissima
765 551 194 66 Augustini

108 603 150 53 Verba
208 603 133 53 lib.
292 603 100 53 S.
342 603 183 53 Trinit.
475 603 133 53 cap.
559 603 117 53 is,
625 603 183 53 Dicitur
759 603 100 53 ER
809 603 100 53 GO
842 603 117 53 rela-

105 663 128 56 tiue
185 663 160 56 Pater,
297 663 176 56 idemque
425 663 192 56 relatiue
568 663 176 56 dicitur
696 663 240 56 principium,
872 663 80 56 Ex-

89 700 139 64 SI
158 700 208 64 QVID.
297 700 416 64 FORTEALIVD:sed
643 700 208 64 Pater
781 700 139 64 ad
828 700 115 64 Pi-

101 750 129 61 lium
182 750 194 61 dicitur.
327 750 226 61 Principium
504 750 129 61 uero
585 750 97 61 ad
633 750 161 61 omnia,
746 750 129 61 quae
827 750 97 61 ab
859 750 97 61 ipso

75 804 248 56 sunt
199 804 745 56 ITEMRELATIVEDICITVREI-

85 843 842 66 LIVS,RELATIVEDICITVRBT
797 843 162 66 VER

81 905 267 51 BVM,
247 905 367 51 ETIMACO
514 905 267 51 ETIN
647 905 300 51 OMNIBVS

91 957 213 48 HIS
212 957 396 48 VOCABVLIS
517 957 183 48 AD
608 957 304 48 PATREM
791 957 152 48 RE-

85 997 369 52 PERTVR.
354 997 302 52 NIHII
555 997 302 52 AVTEM
723 997 235 52 HORVM

92 1038 190 65 PATER
219 1038 254 65 DICITVR.
409 1038 127 65 Et
472 1038 296 65 Principium
705 1038 232 65 dicitur
852 1038 106 65 Fi-

100 1088 138 60 lius.
192 1088 108 60 Cum
253 1088 123 60 enim
330 1088 200 60 diceretur
484 1088 108 60 ei,
546 1088 92 60 tu
592 1088 123 60 quis
669 1088 108 60 est
730 1088 200 60 Respodit,
884 1088 77 60 P
899 1088 62 60 in

99 1138 177 64 cipium,
228 1138 113 64 qui
292 1138 81 64 &
325 1138 161 64 loquor
437 1138 161 64 vobis.
550 1138 113 64 Sed
615 1138 177 64 nunquid
744 1138 161 64 Patris
840 1138 113 64 Prin-

78 1191 264 62 cipium
263 1191 212 62 est)
395 1191 344 62 CREATOREM
659 1191 159 62 SE
739 1191 238 62 &VIPD
871 1191 79 62 E

95 1233 202 68 ostendere
251 1233 171 68 voluit,
375 1233 109 68 cum
437 1233 93 68 se
483 1233 140 68 dixit
577 1233 124 68 esse
654 1233 217 68 Principiu,
825 1233 140 68 sicut
902 1233 47 68 &

99 1279 164 69 Pater
208 1279 254 69 principium
408 1279 127 69 est
480 1279 236 69 creaturae
662 1279 109 69 Eo
717 1279 91 69 &
753 1279 109 69 OD
808 1279 109 69 ab
844 1279 109 69 ipso

87 1338 217 58 sunt
222 1338 271 58 omnia.
412 1338 244 58 NAMET
574 1338 298 58 CREATOR
764 1338 189 58 DICI-

85 1375 299 74 TVRAD
284 1375 631 74 CREATVRAM,SICVT
782 1375 166 74 Do-

92 1421 236 64 MINVS
249 1421 157 64 AD
328 1421 262 64 SERVVM
511 1421 157 64 ET
589 1421 210 64 IDEO
720 1421 183 64 cum
799 1421 157 64 di-

97 1485 152 47 cimus
199 1485 85 47 &
232 1485 169 47 Patrem
351 1485 254 47 principium,
554 1485 85 47 &
588 1485 169 47 Filium
706 1485 237 47 Principium
875 1485 85 47 non

94 1523 123 55 duo
165 1523 227 55 principia
340 1523 228 55 creaturae
515 1523 210 55 dicimus,
672 1523 140 55 quia
760 1523 88 55 &
795 1523 175 55 Pater,
900 1523 53 55 &

105 1571 161 66 Filius
218 1571 145 66 simul
315 1571 97 66 ad
363 1571 210 66 creaturam
524 1571 129 66 vnum
605 1571 226 66 principium
783 1571 129 66 est,
847 1571 113 66 sicut

102 1620 181 60 unus
215 1620 385 60 creator,SICVT
532 1620 204 60 VNVSD
668 1620 181 60 Vs,
781 1620 158 60 &c.
849 1620 113 60 vbi

102 1665 152 79 quam
197 1665 152 79 bona
292 1665 152 79 fide
387 1665 133 79 hic
463 1665 171 79 locus
578 1665 95 79 a
616 1665 228 79 Lombardo
768 1665 190 79 citetur.

89 1726 220 69 vident
221 1726 176 69 omnes.
