1250 2028
258 81 237 78 ingentes
436 81 297 78 quaestionum
673 81 178 78 moles
792 81 119 78 ab
851 81 198 78 istius
970 81 178 78 autoris

267 147 335 66 interpretibus
543 147 315 66 congeruntur,
799 147 236 66 videndum
976 147 138 66 est
1035 147 118 66 quid

267 193 93 57 &
305 193 148 57 vnde
397 193 167 57 istae
508 193 259 57 nascantur.
712 193 111 57 Ex
768 193 111 57 eo
823 193 167 57 autem
935 193 148 57 vno.
1009 193 148 57 oriun-

270 247 137 58 tur
349 247 196 58 omnes,
486 247 157 58 quod
584 247 176 58 neque
701 247 176 58 satis
819 247 216 58 seipsum
956 247 196 58 explica-

262 296 140 56 uit
342 296 140 56 hoc
422 296 160 56 loco
522 296 280 56 Lombardus:
741 296 180 56 neque
861 296 260 56 susceptum
1041 296 100 56 ar-

270 335 238 77 gumentum.
453 335 183 77 Itaque
581 335 147 77 tres
673 335 275 77 quaestiones
893 335 110 77 in
948 335 183 77 illius
1058 335 92 77 ex-

266 391 299 76 plicationem
505 391 199 76 affert
644 391 259 76 Durandus:
843 391 119 76 G.
903 391 179 76 autem
1003 391 139 76 Occan

270 438 209 62 quinque:
426 438 139 62 alij
513 438 156 62 etiam
617 438 191 62 plures.
756 438 104 62 In
809 438 174 62 primis
930 438 174 62 igitur
1035 438 104 62 haec

274 491 173 58 vitia
389 491 116 58 in
447 491 154 58 isto
543 491 231 58 tractatu
717 491 289 58 Lombardico,
948 491 173 58 Vtrum
1044 491 96 58 Deo

269 533 189 69 aliquid
406 533 103 69 ex
457 533 189 69 tempore
595 533 240 69 conueniat,
783 533 120 69 vel
852 533 103 69 ex
903 533 189 69 tempore
1040 533 103 69 de
1074 533 69 69 eo

270 578 196 83 dicatur
413 578 232 83 obseruari
591 578 89 83 a
627 578 214 83 quolibet
770 578 178 83 possunt.

326 625 192 80 Primum,
465 625 175 80 crambe
588 625 227 80 repetita,
762 625 157 80 quae,
867 625 105 80 vt
919 625 140 80 dici
989 625 140 80 solet,

281 677 144 59 mors
371 677 144 59 est.
461 677 144 59 Quae
551 677 144 59 enim
641 677 126 59 hic
713 677 252 59 traduntur,
911 677 162 59 supra
1001 677 126 59 Dist.

279 745 123 47 I8.
350 745 141 47 cap.
438 745 123 47 II.
509 745 88 47 &
544 745 123 47 I2,
614 745 176 47 magnam
738 745 176 47 partem
861 745 212 47 expedita
1002 745 106 47 tra-

280 773 206 67 ctataque
435 773 206 67 fuerant:
589 773 120 67 vel
658 773 172 67 saltem
778 773 120 67 cum
847 773 155 67 illis
933 773 189 67 erantcon-

278 829 236 66 iungenda.
460 829 109 66 Ex
514 829 127 66 quo
587 829 145 66 fit,
678 829 109 66 vt
732 829 200 66 praeter
860 829 254 66 repetitionem

279 889 162 55 etiam
387 889 270 55 perturbatio
603 889 198 55 ordinis
746 889 162 55 insit
854 889 108 55 in
908 889 126 55 hac
962 889 162 55 Distin

253 925 170 73 ctione.

323 963 254 71 Secundum,
519 963 157 71 quod
617 963 157 71 quae
715 963 294 71 generaliter
950 963 117 71 de
989 963 137 71 nomi-

279 1024 160 57 nibus
386 1024 142 57 iis,
474 1024 142 57 quae
563 1024 124 57 Deo
634 1024 106 57 ex
687 1024 195 57 tempore
829 1024 266 57 tribuuntur,
1025 1024 106 57 dici

278 1069 258 63 debuerunt,
480 1069 147 63 iste
572 1069 147 63 pene
664 1069 111 63 ad
720 1069 147 63 vnam
812 1069 184 63 tantum
941 1069 129 63 aut
996 1069 129 63 alte-

277 1118 136 63 ram
354 1118 214 63 Domini,
510 1118 214 63 Patris,
666 1118 97 63 &
705 1118 214 63 Refugij
841 1118 292 63 appellationem

280 1168 261 55 restringit.
488 1168 157 55 Atqui
593 1168 87 55 &
628 1168 226 55 Saluator,
801 1168 87 55 &
836 1168 209 55 Creator,
993 1168 87 55 &
1028 1168 139 55 Deus

277 1224 141 57 meus
365 1224 193 57 veltuus
506 1224 193 57 dicitur
646 1224 105 57 ex
699 1224 211 57 tempore:
857 1224 88 57 &
892 1224 211 57 infinita
1033 1224 105 57 sunt

283 1261 246 72 huiusmodi
472 1261 265 72 attributa,
681 1261 151 72 quae
775 1261 208 72 nonnisi
927 1261 114 72 ex
965 1261 170 72 tempore

280 1317 142 63 Deo
361 1317 283 63 competunt,
583 1317 182 63 omnia
704 1317 182 63 nempe
826 1317 162 63 quae
927 1317 202 63 certum
1048 1317 81 63 a-

278 1363 178 67 liquod
403 1363 107 67 in
456 1363 231 67 creaturis
634 1363 160 67 ipsis
741 1363 285 67 existentibus
972 1363 160 67 opus,
1061 1363 89 67 aut

287 1408 108 71 in
341 1408 126 71 eas
413 1408 251 71 beneficium
610 1408 126 71 Dei
664 1408 251 71 significant.

342 1457 212 63 Tertium,
502 1457 142 63 quod
590 1457 124 63 non
661 1457 159 63 satis
767 1457 248 63 distinxit,
962 1457 124 63 aut
1015 1457 124 63 expo-

283 1510 134 62 suit
367 1510 134 62 iste
450 1510 134 62 cap.
534 1510 100 62 2.
584 1510 167 62 dictum
701 1510 150 62 illud
801 1510 234 62 Augustini,
968 1510 167 62 Substan-

293 1556 140 51 tiam
380 1556 192 51 nostram
520 1556 175 51 mutari
642 1556 122 51 cum
712 1556 105 51 ex
764 1556 157 51 malis
869 1556 157 51 fimus
973 1556 157 51 boni.
1061 1556 87 51 Du-

289 1601 210 54 bitatur
441 1601 172 54 enim,
556 1601 95 54 &
594 1601 191 54 merito
728 1601 210 54 quidem,
880 1601 153 54 quid
975 1601 153 54 ista
1052 1601 95 54 vox

297 1653 241 68 Substantia,
490 1653 96 68 in
538 1653 113 68 hac
602 1653 209 68 sententia
747 1653 209 68 significet.

349 1704 221 78 Quartum,
515 1704 148 78 quod
607 1704 129 78 non
681 1704 184 78 soluit
810 1704 314 78 difficillimam
1049 1704 111 78 illa
