1281 2027
86 119 115 55 vbi
151 119 148 55 tanta
250 119 115 55 est
315 119 246 55 congruentia
512 119 82 55 &
545 119 148 55 prima
643 119 246 55 aequalitas,
840 119 82 55 &
856 119 82 55 pri

91 174 94 63 ma
138 174 220 63 similitudo
311 174 141 63 nulla
406 174 94 63 in
453 174 94 63 re
500 174 220 63 dissidens,
673 174 79 63 &
704 174 141 63 nullo
799 174 126 63 modo
861 174 79 63 in-

93 223 197 55 aequalis,
245 223 76 55 &
275 223 137 55 nulla
366 223 91 55 ex
412 223 137 55 parte
503 223 228 55 dissimilis:
685 223 106 55 sed
746 223 91 55 ad
776 223 167 55 identita-

94 264 118 60 tem
162 264 236 60 respondens
347 264 101 60 ei
398 264 152 60 cuius
499 264 152 60 imago
601 264 135 60 est,
685 264 118 60 Vbi
752 264 118 60 est
820 264 152 60 prima
904 264 51 60 &

98 315 149 57 summa
198 315 149 57 vita,
298 315 116 57 cui
364 315 116 57 non
431 315 149 57 aliud
530 315 183 57 viuere,
663 315 83 57 &
696 315 149 57 aliud
796 315 149 57 esse:
879 315 83 57 sed

88 380 134 45 idem
172 380 84 45 &
205 380 167 45 primus
322 380 100 45 ac
372 380 167 45 summus
489 380 267 45 intellectus,
706 380 117 45 cui
773 380 117 45 non
840 380 117 45 est
890 380 67 45 a-

92 412 133 70 liud
176 412 167 70 viuere
292 412 83 70 &
326 412 150 70 aliud
426 412 267 70 intelligere:
642 412 133 70 Ssed
726 412 133 70 idem
809 412 117 70 hoc
859 412 100 70 unum

99 460 194 64 tanquam
240 460 176 64 verbum
363 460 246 64 perfectum,
557 460 123 64 cui
628 460 123 64 non
698 460 158 64 desit
786 460 176 64 aliquid.

98 513 88 54 &
134 513 124 54 ars
204 513 194 54 quaedam
345 513 282 54 omnipotentis
575 513 88 54 &
610 513 229 54 sapientis
787 513 124 54 Dei
839 513 124 54 plena

100 558 190 59 omnium
233 558 228 59 rationum
404 558 247 59 viuentium
595 558 380 59 incommutabilium:
899 558 57 59 &

100 615 157 57 omnes
204 615 140 57 vnum
292 615 105 57 in
344 615 122 57 ea,
414 615 157 57 sicut
519 615 140 57 ipsa
606 615 140 57 vnum
694 615 105 57 de
746 615 122 57 vno
816 615 122 57 cum
869 615 87 57 quo

93 661 144 75 unum:
189 661 112 75 ibi
253 661 144 75 nouit
350 661 144 75 omnia
446 661 128 75 Deus
526 661 128 75 quae
606 661 144 75 fecit
703 661 112 75 per
767 661 160 75 ipsam.

305 740 277 92 CAP.
444 740 208 92 IIII

202 805 133 92 Hic
278 805 114 92 de
335 805 209 92 Spiritu
487 805 190 92 sancto
621 805 171 92 quare
716 805 114 92 vsus

386 873 201 66 dicatur.

139 926 146 91 IEST
230 926 164 91 autem
340 926 274 91 ineffabilis
559 926 183 91 quidam
686 926 237 91 complexus
851 926 91 91 Pa-

98 997 126 60 tris
177 997 79 60 &
208 997 205 60 imaginis,
366 997 110 60 qui
429 997 110 60 non
492 997 110 60 est
555 997 126 60 sine
633 997 189 60 perfruit
775 997 142 60 ione,
854 997 94 60 sine

98 1041 212 58 charitate,
264 1041 121 58 sine
340 1041 166 58 oaudio.
461 1041 121 58 Illa
536 1041 121 58 ergo
612 1041 196 58 dilectio,
748 1041 196 58 delectatio,

94 1096 258 58 foelicitas,
300 1096 120 58 vel
369 1096 224 58 beatitudo
541 1096 120 58 (si
610 1096 155 58 tamen
713 1096 172 58 aliqua
816 1096 138 58 humana

90 1141 131 67 voce
172 1141 147 67 digne
270 1141 262 67 dicitur)usus
483 1141 98 67 ab
532 1141 131 67 illo
614 1141 213 67 appellata
778 1141 115 67 est
827 1141 131 67 breui-

93 1200 128 61 ter,
173 1200 80 61 &
205 1200 112 61 est
269 1200 96 61 in
317 1200 208 61 Trinitate
477 1200 192 61 Spiritus
621 1200 176 61 sanctus
749 1200 112 61 non
797 1200 160 61 genitus,

94 1244 113 58 sed
159 1244 211 58 genitoris
321 1244 211 58 genitique
482 1244 211 58 suauitas,
644 1244 194 58 ingeniti
774 1244 178 58 largitate

99 1287 151 62 atque
200 1287 202 62 vbertate
351 1287 235 62 perfundens
536 1287 151 62 omnes
637 1287 218 62 creaturas
805 1287 134 62 2pro
872 1287 84 62 ca-

98 1334 120 69 ptu
167 1334 172 69 earum.
287 1334 172 69 Itaque
407 1334 137 69 illa
493 1334 137 69 tria
579 1334 86 69 &
613 1334 86 69 a
648 1334 103 69 se
699 1334 189 69 inuicem
820 1334 137 69 deter-

101 1374 172 79 minari
221 1374 224 79 videntur,
393 1374 86 79 &
428 1374 103 79 in
479 1374 103 79 se
531 1374 206 79 infinita
686 1374 155 79 sunt.
789 1374 120 79 Qui
841 1374 120 79 videt

98 1436 112 68 hoc
162 1436 112 68 vel
226 1436 96 68 ex
273 1436 159 68 parte,
385 1436 112 68 vel
449 1436 112 68 per
513 1436 191 68 speculum
656 1436 96 68 in
704 1436 223 68 aenigmate,
863 1436 96 68 gau-

93 1474 147 75 deat
185 1474 258 75 cognoscens
388 1474 166 75 Deum,
498 1474 92 75 &
535 1474 203 75 gratias
682 1474 166 75 agat.
793 1474 129 75 Qui
848 1474 111 75 vero

102 1529 120 66 non
171 1529 172 66 videt,
291 1529 172 66 tendat
411 1529 120 66 per
480 1529 206 66 pietatem
635 1529 155 66 fidei
738 1529 103 66 ad
772 1529 189 66 videndum,

101 1591 131 60 non
176 1591 131 60 per
251 1591 242 60 cacitatem
437 1591 112 60 ad
493 1591 317 60 calumniandum:
754 1591 205 60 quoniam
884 1591 75 60 v-

102 1625 121 57 nus
171 1625 121 57 est
240 1625 156 57 Deus,
344 1625 121 57 sed
414 1625 156 57 tamen
518 1625 225 57 Trinitas.
691 1625 139 57 Ecce
777 1625 156 57 habes
864 1625 104 57 qua-

104 1674 147 62 titer
202 1674 147 62 verba
300 1674 180 62 Hilarij
431 1674 213 62 praemissa
594 1674 229 62 accipienda
774 1674 147 62 sint,
856 1674 114 62 licet

109 1723 162 83 lantae
222 1723 130 83 sint
303 1723 292 83 profunditatis,
547 1723 97 83 vt
595 1723 146 83 etiam
692 1723 195 83 adhibita
822 1723 146 83 exposi
