1246 2036
303 117 156 57 tione
407 117 122 57 vix
476 117 261 57 aliquatenus
685 117 104 57 ea
737 117 261 57 intelligere
945 117 174 57 valeat
1049 117 122 57 buma-

291 171 125 58 nus
363 171 197 58 sensus:
506 171 125 58 cum
577 171 89 58 &
613 171 143 58 ipsa
702 171 161 58 eorum
810 171 268 58 explanatio,
1024 171 143 58 quam
1096 171 89 58 hic

302 213 241 59 Augustinus
491 213 189 59 edidit,
628 213 206 59 plurimum
783 213 103 59 in
834 213 103 59 se
886 213 172 59 habeat
989 213 189 59 difficul-

298 262 150 71 tatis
399 262 84 71 &
415 262 251 71 ambiguitatis.

548 349 298 70 CAP.
697 349 149 70 V.

356 398 170 77 Quod
462 398 255 77 secundum
653 398 170 77 hanc
759 398 340 77 expositionem
1014 398 106 77 non

433 463 331 66 distinguuntur
705 463 136 66 ibi
763 463 273 66 proprietates

538 510 284 64 Personarum
741 510 142 64 tres.

346 566 141 80 NON
426 566 161 80 enim
527 566 242 80 secundum
708 566 282 80 praemissam
909 566 262 80 expositione

312 622 254 53 distinguuntur
521 622 105 53 hic
581 622 120 53 tres
656 622 135 53 illae
746 622 239 53 proprietates
940 622 179 53 superius
1059 622 105 53 assi-

319 673 152 63 matae,
425 673 107 63 sed
486 673 137 63 ipsae
578 673 213 63 hypostases
746 673 213 63 distinctae
913 673 91 63 ab
959 673 168 63 inuicem
1066 673 91 63 mon-

316 714 218 61 strantur:
484 714 268 61 aeternitatis
702 714 151 61 tamen
802 714 168 61 nomine
919 714 151 61 eadem
1003 714 151 61 videtur

313 766 215 58 designata
479 766 248 58 proprietas,
678 766 132 58 quam
760 766 149 58 notat
860 766 116 58 hoc
926 766 166 58 nomen,
1025 766 116 58 inge-

312 820 176 68 nitus.
435 820 123 68 Sed
506 820 211 68 videamus
664 820 140 68 quid
751 820 123 68 sit
821 820 140 68 quod
909 820 140 68 ait,
997 820 158 68 Imago
1085 820 70 68 si

318 868 173 58 perfecte
448 868 159 58 implet,
563 868 130 58 cuius
650 868 130 58 imago
736 868 116 58 est,
808 868 116 58 ipsa
881 868 202 58 coaequatur
1039 868 101 58 ei,
1083 868 72 58 non

316 912 143 53 illud
411 912 127 53 suae
491 912 191 53 imagini.
634 912 175 53 Videtur
761 912 127 53 enim
840 912 175 53 dicere,
967 912 127 53 quod
1031 912 127 53 Filius

311 968 119 57 qui
379 968 119 57 est
447 968 153 57 imago
549 968 187 57 Patris,
685 968 153 57 Patri
788 968 255 57 coaequatur,
992 968 119 57 non
1043 968 119 57 Pater

314 1016 164 48 Filio:
428 1016 115 48 cum
494 1016 82 48 &
526 1016 164 48 Filius
641 1016 180 48 dicatur
772 1016 196 48 aequalis
919 1016 147 48 Patri
1018 1016 98 48 in
1050 1016 115 48 Scri-

309 1060 168 66 ptura,
427 1060 84 66 &
460 1060 151 66 Pater
561 1060 168 66 Filio:
678 1060 117 66 sed
746 1060 168 66 Filius
863 1060 117 66 hoc
930 1060 151 66 habet
1031 1060 84 66 a
1048 1060 117 66 Patre

316 1107 94 57 vt
363 1107 110 57 sit
426 1107 205 57 aequalis:
584 1107 142 57 Pater
678 1107 142 57 autem
773 1107 110 57 non
836 1107 142 57 habet
930 1107 79 57 a
961 1107 157 57 Filio:
1072 1107 79 57 &
1087 1107 79 57 ta-

311 1157 116 79 men
378 1157 166 79 Filius
494 1157 149 79 plene
594 1157 100 79 ac
644 1157 199 79 perfecte
793 1157 199 79 aequalis
942 1157 116 79 est
1009 1157 166 79 Patri,
1109 1157 66 79 id

312 1206 124 79 est,
389 1206 139 79 imago
482 1206 108 79 ei,
544 1206 139 79 cuius
637 1206 108 79 est
683 1206 124 79 imago.

546 1299 307 75 CAP.
699 1299 154 75 VI

361 1369 169 90 Quare
474 1369 206 90 dicatur
624 1369 225 90 Hilarius
793 1369 206 90 propria
924 1369 188 90 Persona-

411 1432 119 75 rum
479 1432 238 75 assignasse
666 1432 102 75 in
717 1432 170 75 verbis
837 1432 255 75 praedictis,

499 1482 125 71 cum
570 1482 125 71 ibi
642 1482 125 71 non
713 1482 143 71 sint
785 1482 161 71 expres-

597 1533 133 67 sae
654 1533 190 67 proprie

638 1588 137 68 tates.

366 1664 235 62 PROPRIA
537 1664 171 62 ergo
644 1664 299 62 Personarum
879 1664 128 62 in
921 1664 257 62 praedictis

294 1721 174 68 (verbis
420 1721 221 68 assignasse
594 1721 174 68 dicitur
720 1721 205 68 Hilarius,
878 1721 126 68 quia
957 1721 189 68 relatiua
1083 1721 79 68 no
