1252 2026
98 127 221 64 quomodo
259 127 201 64 Filius
399 127 181 64 esset
520 127 241 64 aeququae
701 127 221 64 Patrios
841 127 121 64 Ergo

103 178 134 56 pro
180 178 211 56 αἰλλματ
333 178 96 56 &
372 178 231 56 concesso
545 178 384 56 sumelllugustinus
852 178 96 56 il-

104 222 128 53 lud
177 222 182 53 ipsum,
304 222 109 53 de
359 222 128 53 quo
432 222 146 53 iste
523 222 182 53 quaeri
651 222 146 53 ait.
742 222 182 53 Deinde
852 222 109 53 doce

106 277 131 59 eam
181 277 299 59 aequalitatem
424 277 131 59 non
499 277 112 59 ex
555 277 243 59 relatione
724 277 243 59 Personarum,

96 313 118 68 sed
164 313 101 68 ex
214 313 304 68 singularissima
467 313 135 68 illa
552 313 203 68 essentia
704 313 152 68 (quae
805 313 101 68 in
839 313 118 68 vtro-

104 376 141 49 que
184 376 181 49 eadem
305 376 161 49 est)
406 376 302 49 aestimandam
648 376 101 49 &
688 376 322 49 definiendam.

109 413 202 62 Denique
255 413 128 62 non
329 413 220 62 proprie,
494 413 128 62 cur
567 413 220 62 aequalis
732 413 183 62 Filius
842 413 128 62 Patri

118 463 208 58 dicatur,
273 463 190 58 quaerit
412 463 259 58 Augustinus:
619 463 121 58 sed
688 463 121 58 cur
758 463 156 58 Pater
844 463 121 58 Inge-

105 510 172 71 nitus,
225 510 172 71 Filius
346 510 190 71 genitus
467 510 224 71 appelletur.

219 563 250 55 lnaequales
416 563 250 55 inuenitur.
612 563 179 55 Omisit
737 563 179 55 totius
862 563 89 55 &
880 563 89 55 Au-

108 620 193 59 gustini
249 620 298 59 conclusionis,
494 620 140 59 quae
582 620 210 59 sequitur
739 620 123 59 his
809 620 193 59 verbis,

103 661 110 59 ln
158 661 202 59 omnibus
305 661 166 59 ergo,
415 661 129 59 &c.
489 661 92 59 &
526 661 166 59 huius
636 661 239 59 argumenti
801 661 166 59 confir-

109 710 238 55 mationis
288 710 298 55 fundamentum
526 710 179 55 iste,
645 710 139 55 dum
724 710 139 55 suo
803 710 159 55 more
883 710 79 55 bo

110 763 128 52 nos
183 763 201 52 autores
329 763 219 52 mutilat.
493 763 164 52 Addit
603 763 183 52 igitur
731 763 274 52 Augustinus,

110 805 155 68 quod
207 805 97 68 &
246 805 291 68 continuatum
479 805 155 68 est,
576 805 97 68 &
614 805 194 68 maxime
750 805 117 68 ad
809 805 136 68 rem
867 805 97 68 to-

119 852 94 61 ta
166 852 156 61 facit,
275 852 125 61 post
353 852 125 61 haec
431 852 156 61 verba,
540 852 203 61 videlicet
696 852 218 61 Inaequalis
852 852 109 61 inue-

123 902 169 56 nitur,
241 902 219 56 Apostolus
410 902 152 56 autem
511 902 152 56 dixit
613 902 219 56 aequalem.
781 902 101 56 In
815 902 152 56 omnibus

119 956 126 62 ergo
198 956 189 62 aequalis
340 956 126 62 est.
419 956 110 62 Sic
482 956 126 62 enim
561 956 158 62 Paulus
671 956 174 62 Philip.
797 956 95 62 2.
845 956 142 62 Vers.
924 956 47 62 &

118 1004 243 62 ξμτXάρπανμον
316 1004 167 62 ὑνλωατο
437 1004 91 62 το
483 1004 122 62 cλας
559 1004 76 62 ι
590 1004 107 62 σον
650 1004 122 62 Oeo,
727 1004 91 62 id
772 1004 122 62 est,
848 1004 107 62 non
894 1004 76 62 du-

110 1056 129 54 xit
183 1056 202 54 rapinam
330 1056 165 54 parem
440 1056 147 54 esse
532 1056 129 54 cum
606 1056 147 54 Deo.
697 1056 129 54 Hoc
771 1056 165 54 autem
881 1056 129 54 tam

112 1108 270 54 luculentum
324 1108 96 54 &
362 1108 289 54 necessarium
593 1108 193 54 totius
728 1108 173 54 huius
824 1108 154 54 senten

113 1153 169 64 tiae,
226 1153 94 64 &
264 1153 320 64 disputationis
527 1153 264 64 argumentum
715 1153 264 64 praetermitti

114 1195 152 69 certe
215 1195 118 69 non
283 1195 185 69 debuit,
417 1195 118 69 cui
485 1195 152 69 pares
586 1195 135 69 alij
670 1195 135 69 loci
754 1195 168 69 pauci,
855 1195 118 69 toti-

115 1252 188 52 demque
247 1252 188 52 verbis
379 1252 207 52 scripti
510 1252 264 52 reperientur.

166 1306 86 50 A
200 1306 172 50 Illius
320 1306 275 50 substantiae.
544 1306 240 50 Augustinus
732 1306 172 50 habet,
853 1306 137 50 quae
921 1306 69 50 in

120 1350 134 55 illa
204 1350 235 55 substantia
389 1350 134 55 est,
473 1350 134 55 quae
557 1350 218 55 retinenda
724 1350 168 55 erant,
842 1350 101 55 vt
875 1350 101 55 bona

111 1392 162 57 fides
219 1392 288 57 praestaretur
453 1392 108 57 in
508 1392 198 57 citando
634 1392 216 57 Augustino.

324 1454 209 97 AD
429 1454 279 97 CAP.
568 1454 175 97 III

234 1528 99 68 ln
283 1528 148 68 Patre
382 1528 132 68 esse
464 1528 280 68 aeternitatem.
695 1528 198 68 Hilarius
843 1528 115 68 pro
893 1528 82 68 ae-

123 1596 244 60 ternitatem
314 1596 157 60 habet
418 1596 278 60 snfinitatem.
644 1596 139 60 Haec
731 1596 139 60 enim
818 1596 139 60 sunt
888 1596 87 60 ip-

120 1640 150 64 sius
214 1640 188 64 verba.
346 1640 132 64 Nec
421 1640 188 64 deesse
553 1640 226 64 quicquam
703 1640 282 64 consummationi

125 1695 171 51 tantae
245 1695 257 51 reperietur,
451 1695 154 51 intra
553 1695 137 51 quam
639 1695 120 51 sit
708 1695 154 51 (Lego
811 1695 154 51 autem
896 1695 86 51 pro

119 1737 145 77 intra
215 1737 129 77 quam
296 1737 129 77 sit,
376 1737 145 77 extra
473 1737 129 77 quam
553 1737 129 77 sit)
633 1737 96 77 in
682 1737 161 77 Patre,
794 1737 80 77 &
826 1737 161 77 Filio,
923 1737 48 77 &
