1251 2011
96 105 131 81 enim
177 105 131 81 ipse
259 105 131 81 sibi
341 105 196 81 quisquam
488 105 147 81 imago
585 105 131 81 est,
667 105 114 81 sed
732 105 131 81 eum,
814 105 147 81 cuius
896 105 65 81 i-

103 168 138 63 mago
189 168 138 63 est,
276 168 190 63 necesse
414 168 138 63 est,
501 168 104 63 vt
553 168 156 63 imago
656 168 260 63 demonstret.
847 168 121 63 Pmago

98 217 171 49 itaque
218 217 120 49 est
286 217 120 49 rei
354 217 103 49 ad
406 217 120 49 rem
474 217 257 49 coaequandae
679 217 239 49 imaginata,
867 217 86 49 &
885 217 68 49 in

100 261 218 65 discreta
263 261 272 65 similitudo,
481 261 127 65 &c.
554 261 127 65 Sed
626 261 163 65 neque
735 261 127 65 hoc
808 261 163 65 ipsum
898 261 73 65 ad

99 309 158 77 huius
205 309 299 77 Distinctionis
451 309 211 77 titulum,
609 309 123 77 vel
680 309 229 77 latissimo
838 309 123 77 inter

106 356 176 63 uallo,
230 356 229 63 pertinere
388 356 159 63 potest.

110 390 92 77 S
146 390 129 77 Sed
220 390 129 77 ide
294 390 129 77 hoc
368 390 166 77 unum.
478 390 166 77 Locus
589 390 129 77 hic
663 390 240 77 Augustini
847 390 166 77 mani¬

102 458 163 58 feste
211 458 91 58 a
247 458 218 58 Lombardo
410 458 254 58 dupliciter
609 458 254 58 deprauatus
809 458 145 58 est.
881 458 91 58 Sic

101 509 128 50 enim
181 509 145 50 ille,
278 509 112 50 cui
342 509 112 50 non
406 509 112 50 est
470 509 145 50 aliud
567 509 177 50 viuere,
695 509 80 50 &
727 509 145 50 aliud
807 509 161 50 intelli-

98 550 139 67 gere,
190 550 108 67 sed
252 550 93 67 id
298 550 123 67 quod
375 550 108 67 est
437 550 247 67 intelligere,
637 550 108 67 hoc
699 550 170 67 viuere.
822 550 108 67 hoc
868 550 93 67 esse

99 600 143 64 est,
189 600 143 64 Vnum
278 600 179 64 omnia.
404 600 179 64 Deinde
529 600 215 64 sequitur
690 600 161 64 aliud
780 600 179 64 menbrum.

98 655 190 48 Tanqua
231 655 190 48 Verbum
364 655 266 48 perfectum,
572 655 133 48 &c.
648 655 152 48 Ergo
724 655 228 48 &detrahen-

100 696 116 72 do
158 696 232 72 quaedam,
332 696 97 72 &
370 696 348 72 dispunctionem,
660 696 135 72 seu
737 696 174 72 comma
834 696 116 72 tol-

105 748 177 53 lendo
224 748 237 53 corrupit
401 748 99 53 &
440 748 197 53 locum,
578 748 99 53 &
618 748 197 53 sensum
736 748 217 53 Augustini

100 796 267 63 Lombardus.
309 796 133 63 Pro
386 796 114 63 eo
443 796 152 63 enim
538 796 152 63 quod
633 796 152 63 ille
728 796 190 63 dixit,
843 796 114 63 Vnum

112 845 146 60 omnia
209 845 97 60 in
258 845 114 60 Deo
323 845 146 60 esse:
420 845 130 60 iste
501 845 114 60 sic
566 845 227 60 copulauit,
745 845 114 60 Sed
810 845 130 60 idem
875 845 81 60 hoc

109 899 171 66 vnum
215 899 235 66 tanquam
386 899 235 66 verbum,
557 899 171 66 quod
663 899 149 66 cum
727 899 235 66 Augustini

106 936 188 82 mente
232 936 188 82 nihil
336 936 314 82 habetcommune.

279 1005 399 86 ADCAP.
519 1005 239 86 IIII

213 1084 129 69 Est
286 1084 165 69 autem
396 1084 276 69 ineffabili.
617 1084 165 69 Totum
727 1084 129 69 hoc
801 1084 165 69 caput
893 1084 74 69 ex

97 1135 218 53 Augustini
265 1135 134 53 lib.
349 1135 101 53 6.
399 1135 101 53 de
449 1135 218 53 Trinitat.
617 1135 134 53 cap.
701 1135 117 53 Io.
751 1135 201 53 transcrip-

98 1186 131 66 tum
173 1186 150 66 est,
267 1186 150 66 quod
361 1186 169 66 varie
473 1186 112 66 ab
529 1186 169 66 isto,
642 1186 281 66 quemadmodum
866 1186 131 66 iam

96 1225 281 74 docebimus,
317 1225 141 74 est
397 1225 281 74 mutilatum,
618 1225 141 74 tum
698 1225 241 74 addendo,
859 1225 100 74 tum

102 1275 182 62 etiam
203 1275 263 62 detrahendo.

213 1320 129 79 Pro
286 1320 184 79 captis
415 1320 184 79 earum.
544 1320 129 79 Hic
618 1320 184 79 omissa
747 1320 147 79 sunt
821 1320 129 79 quae-

102 1378 132 63 dam
178 1378 170 63 valde
291 1378 284 63 necessaria,
518 1378 113 63 ex
575 1378 189 63 quibus
688 1378 265 63 intelligitur

93 1427 220 50 quomodo
253 1427 140 50 res
333 1427 180 50 omnes
453 1427 220 50 ingenti
613 1427 160 50 illa
713 1427 260 50 suauitate
893 1427 60 50 a

99 1475 191 60 Spiritu
238 1475 174 60 sancto
359 1475 209 60 perfusae
516 1475 156 60 sint,
620 1475 87 60 &
655 1475 139 60 quid
742 1475 139 60 inde
811 1475 122 60 conse

92 1521 198 62 quatur,
236 1521 162 62 nempe
343 1521 108 62 vt
397 1521 162 62 sicut
505 1521 180 62 statin
631 1521 162 62 addit
739 1521 180 62 ibidem
846 1521 108 62 sub-

94 1580 225 59 uicitque
263 1580 282 59 Augustinus,
488 1580 207 59 Ordinem
639 1580 150 59 suum
733 1580 225 59 teneant,
883 1580 56 59 &

99 1616 156 65 locis
203 1616 139 65 suis
289 1616 277 65 acquiescant.
515 1616 121 65 Hoc
584 1616 173 65 igitur
688 1616 260 65 praetermissum

94 1674 132 58 est
170 1674 113 58 ac
226 1674 301 58 detruncatum.
471 1674 207 58 Denique
622 1674 170 58 paulo
735 1674 151 58 post
810 1674 132 58 omis-

86 1706 159 71 saest
193 1706 266 71 pulcherrima
405 1706 142 71 illa
493 1706 177 71 totius
617 1706 159 71 huius
724 1706 195 71 Hilarij
847 1706 89 71 in
