1239 2032
257 79 318 82 terpretationis
522 79 247 82 conclusio,
717 79 88 82 &
752 79 300 82 αυακεφαλαλωῶς
1000 79 106 82 ab
1035 79 106 82 ipso

250 138 268 71 Augustino
457 138 247 71 breuiter
642 138 309 71 comprehensa
890 138 144 71 his
951 138 186 71 verbis.

249 185 108 78 ln
303 185 144 78 illa
393 185 144 78 enim
483 185 234 78 Trinitate
663 185 162 78 summa
771 185 162 78 origo
879 185 126 78 est
951 185 162 78 rerum
1041 185 90 78 om-

254 250 153 62 nium,
356 250 85 62 &
390 250 288 62 perfectissima
627 250 271 62 pulchritudo,
848 250 237 62 beatissima
1017 250 119 62 dele-

257 280 194 80 ctatio.
398 280 176 80 Itaque
521 280 141 80 illa
609 280 158 80 tria.
715 280 123 80 &c.
785 280 106 80 ex
838 280 176 80 quibus
961 280 123 80 vox
1014 280 123 80 Origo

261 341 102 69 ad
312 341 170 69 Patris
431 341 289 69 aeternitatem:
669 341 272 69 Pulchritudo,
891 341 102 69 ad
942 341 153 69 Filij
1027 341 102 69 spe-

264 387 168 68 ciem:
376 387 93 68 &
413 387 261 68 Delectatio
618 387 112 68 ad
674 387 223 68 Spiritus
842 387 186 68 sancti
972 387 149 68 vsum
1047 387 74 68 ex

258 434 254 82 plicandum
454 434 195 82 procul
591 434 176 82 dubio
688 434 215 82 pertinet.

372 474 126 74 Per
444 474 216 74 pietatem
606 474 180 74 sidei.
732 474 144 74 Alij
822 474 252 74 Lombardici
1002 474 126 74 Codi-

267 534 118 65 ces
335 534 169 65 habent
453 534 118 65 Per
521 534 271 65 proprietatem
741 534 169 65 fidei:
859 534 135 65 alij
944 534 118 65 per
995 534 135 65 pieta-

262 577 135 74 tem
339 577 193 74 sidei,
474 577 290 74 quemadmodum
706 577 174 74 etiam
822 577 270 74 scribendum
1015 577 116 74 est.

262 624 134 75 Sed
338 624 134 75 vox
415 624 172 75 Fidei
529 624 115 75 ad
586 624 267 75 Augustinum
796 624 191 75 addita
930 624 134 75 est
987 624 134 75 prae-

260 675 176 88 toria
378 675 234 88 Lombardi
553 675 293 88 autoritate,
787 675 98 88 &
826 675 195 88 solita
963 675 156 88 fide
1041 675 78 88 ac

233 739 272 75 fnceritate.

485 792 215 74 AD
593 792 286 74 CAP.
736 792 143 74 V.

380 857 95 96 ln
428 857 142 96 Patre
522 857 111 96 est
586 857 174 96 vnitas.
712 857 126 96 Ista
791 857 95 96 ex
839 857 126 96 lib.
918 857 95 96 I.
949 857 174 96 doctrinae

272 929 242 68 Christianae
466 929 129 68 cap.
546 929 97 68 2.
595 929 242 68 transcripta
789 929 145 68 sunt,
886 929 113 68 sed
950 929 162 68 series
1047 929 81 68 at-

277 972 124 81 que
348 972 177 81 oratio
472 972 142 81 ipsa
561 972 230 81 Augustini
738 972 160 81 varie
844 972 230 81 contorta,
1004 972 124 81 atque

268 1016 206 88 prorsus
418 1016 225 88 immutata
587 1016 150 88 est:
681 1016 150 88 quae
775 1016 188 88 potuit
906 1016 169 88 tamen
1000 1016 131 88 reti-

273 1064 162 97 neri,
381 1064 162 97 atque
488 1064 108 97 eo
542 1064 144 97 modo
632 1064 180 97 futura
758 1064 144 97 erat
830 1064 233 97 dilucidior.

493 1131 196 77 AD
591 1131 261 77 CAP.
722 1131 163 77 IX.

395 1200 140 79 Qui
475 1200 100 79 &
515 1200 180 79 ambo.
635 1200 280 79 Augustinus
856 1200 200 79 habet,
996 1200 160 79 Quia
1076 1200 60 79 &

279 1259 144 68 ambo.
375 1259 112 68 Hoc
439 1259 256 68 αἰλιολονικὸν
647 1259 112 68 st:
711 1259 144 68 istud
807 1259 240 68 iξηηηλικον,
999 1259 112 68 sed
1047 1259 96 68 ipsa

272 1308 233 79 Augustini
451 1308 161 79 verba
558 1308 143 79 era.
648 1308 107 79 it
702 1308 143 79 sane
773 1308 215 79 retinenda.

401 1355 204 69 Diuersi
550 1355 148 69 sunt
642 1355 167 69 enim.
753 1355 278 69 Augustinus,
957 1355 185 69 Diuersum

282 1408 136 61 enim
367 1408 119 61 est
435 1408 170 61 natura
555 1408 204 61 spiritus
708 1408 204 61 hominis,
861 1408 85 61 &
895 1408 204 61 Spiritus
1032 1408 102 61 Dei-

277 1455 183 72 Deinde
405 1455 146 72 haec
496 1455 164 72 verba
605 1455 237 72 Lombardi,
788 1455 128 72 Sed
861 1455 256 72 inbaerendo
1044 1455 91 72 fit

285 1506 204 69 spiritus
438 1506 187 69 hominis
574 1506 136 69 unus
659 1506 204 69 spiritus
811 1506 119 69 cum
879 1506 136 69 Deo,
964 1506 136 69 quia
1032 1506 102 69 par-

285 1555 161 66 ticeps
397 1555 113 66 sit
462 1555 225 66 veritatis,
639 1555 80 66 &
671 1555 257 66 beatitudinis
880 1555 177 66 illius,
1008 1555 113 66 non
1057 1555 80 66 mo-

283 1602 101 80 do
334 1602 135 80 sunt
418 1602 287 80 supposititia,
654 1602 118 80 sed
722 1602 152 80 etiam
823 1602 253 80 periculosa.
1025 1602 101 80 Et
1059 1602 84 80 qui

287 1649 140 69 dem
367 1649 341 69 supposititia,
648 1649 221 69 quoniam
808 1649 180 69 habet
908 1649 241 69 Augustinus

290 1699 145 78 plane
386 1699 145 78 alia,
483 1699 128 78 haec
563 1699 161 78 nempe,
675 1699 112 78 Sed
740 1699 225 78 inhaerendo
916 1699 112 78 fit
980 1699 128 78 unus
1045 1699 96 78 Spi
