1250 2031
309 97 149 62 alia
402 97 149 62 duo,
495 97 186 62 primum
625 97 223 62 confusio
792 97 334 62 perturbatioque
1053 97 111 62 hun-

319 153 129 58 ius
392 153 239 58 argumenti
576 153 92 58 &
613 153 313 58 tractationis.
871 153 129 58 Nam
944 153 147 58 quae
1036 153 147 58 cap.
1110 153 55 58 I

311 207 251 58 proponitur
508 207 233 58 quaestio,
687 207 107 58 ea
741 207 179 58 statim
866 207 161 58 totis
973 207 179 58 septem
1081 207 89 58 ca-

313 263 200 59 pitibus
458 263 272 59 interiectis
676 263 272 59 abrumpitur,
894 263 182 59 deinde
1003 263 163 59 repeti-

311 307 132 56 tur,
394 307 99 56 vt
444 307 99 56 ex
493 307 132 56 ipso
576 307 281 56 Distinctionis
807 307 215 56 artificio
972 307 83 56 a
1005 307 149 56 nobis
1087 307 83 56 ad-

315 358 142 42 dito
404 358 177 42 facile
528 358 177 42 quiuis
652 358 283 42 intelliget..
882 358 212 42 Secundum
1041 358 159 42 autem

314 400 181 48 vitium
441 400 109 48 ex
495 400 181 48 duobus
622 400 308 48 posterioribus
876 400 109 48 in
930 400 109 48 eo
985 400 145 48 est,
1057 400 109 48 quod

310 450 89 50 a
346 450 177 50 capite
470 450 160 50 sexto
576 450 106 50 ad
629 450 160 50 finem
736 450 160 50 vsque
842 450 319 50 Distinctionis,
1090 450 71 50 id

309 487 131 60 est,
391 487 115 60 per
456 487 131 60 tria
538 487 164 60 capita
653 487 180 60 integra
784 487 131 60 (vbi
866 487 262 60 difficillima
1063 487 98 60 illa

308 544 204 64 quaestio
461 544 238 64 tractatur)
648 544 153 64 neque
749 544 102 64 S.
800 544 238 64 Scripturae
970 544 187 64 autorita-

308 597 107 55 te
362 597 197 55 vtitur,
505 597 143 55 quod
594 597 179 55 istius
719 597 250 55 scriptoris
916 597 232 55 perpetuum
1077 597 71 55 vi

309 636 138 56 tium
395 636 138 56 est:
481 636 155 56 neque
585 636 173 56 vllius
706 636 173 56 Patris
827 636 242 56 sententiam
1000 636 155 56 affert,

319 685 96 60 ex
367 685 112 60 qua
431 685 192 60 obscurae
575 685 160 60 illius
687 685 240 60 quaestionis
880 685 240 60 illustratio
1056 685 96 60 ali-

310 736 124 70 qua
381 736 160 70 siat.
488 736 160 70 Quare
595 736 142 70 quam
684 736 124 70 sit
755 736 196 70 vitiosa
897 736 142 70 tota
986 736 142 70 haec
1057 736 89 70 Di-

306 778 227 71 stinctio
476 778 227 71 apparet.
646 778 170 71 Neque
759 778 151 71 vero
854 778 170 71 hunnc
948 778 189 71 excusare

314 826 187 75 potest,
450 826 136 75 quod
535 826 221 75 Augustini
705 826 204 75 vestigia
858 826 102 75 in
909 826 119 75 his
960 826 187 75 quaestio-

303 880 176 56 nibus
421 880 273 56 repetendis
635 880 215 56 secutus
792 880 234 56 videtur.
967 880 137 56 Cum
1026 880 117 56 enim

307 929 271 54 Augustinus
520 929 155 54 ipse
616 929 252 54 fateatur,
810 929 97 54 &
849 929 194 54 quidem
965 929 174 54 ingenue

308 973 114 58 has
373 973 244 58 quaestiones
568 973 130 58 esse
649 973 309 58 inextricabiles,
909 973 130 58 lib.
990 973 98 58 9.
1039 973 81 58 &
1055 973 98 58 lib.

315 1031 119 46 IS.
383 1031 187 46 capite,
519 1031 187 46 septimo
655 1031 255 46 Trinitatis,
860 1031 119 46 aut
928 1031 170 46 omnino
1030 1031 119 46 prae-

311 1076 291 57 termittendae
547 1076 182 57 erant:
675 1076 127 57 aut
748 1076 182 57 aliquo
875 1076 146 57 modo
948 1076 200 57 explican-

311 1126 149 48 dae.
404 1126 112 48 Eo
460 1126 167 48 certe
572 1126 186 48 valere
702 1126 186 48 debuit
832 1126 242 48 Augustini
999 1126 149 48 admoni

313 1168 139 60 tio,
400 1168 104 60 vt
452 1168 122 60 iis
521 1168 261 60 abstinendum
730 1168 139 60 esse
817 1168 174 60 saltem
921 1168 243 60 intelligeret

311 1215 217 61 Lombardus.
482 1215 124 61 Haec
560 1215 109 61 est
622 1215 124 61 illa
699 1215 217 61 difficilis
870 1215 202 61 quaestio,
1025 1215 140 61 lseui
1103 1215 62 61 ta

313 1265 118 56 men
381 1265 169 56 cubito
499 1265 102 56 ab
550 1265 135 56 isto
635 1265 220 56 tractata,
804 1265 152 56 vtrum
905 1265 220 56 attributa
1057 1265 102 56 pro-

311 1318 141 62 pria
399 1318 211 62 Deitatis
557 1318 299 62 distinguantur
804 1318 281 62 Personalibus
1014 1318 141 62 diffe-

304 1360 204 69 rentiis,
457 1360 187 69 veluti,
594 1360 153 69 vtrum
696 1360 187 69 dicatur
832 1360 222 69 sapientia
1003 1360 187 69 quaedam

309 1419 135 54 vel
386 1419 309 54 omnipotentia
637 1419 251 54 ingenita:
830 1419 212 54 quaedam
965 1419 193 54 ingenita

313 1455 109 69 in
367 1455 218 69 diuinis,
530 1455 199 69 quaedam
676 1455 254 69 procedens,
875 1455 109 69 de
929 1455 127 69 qua
1002 1455 127 69 mox
1056 1455 91 69 di-

310 1506 170 71 cturi
423 1506 189 71 sumus.
556 1506 151 71 Hinc
650 1506 170 71 etiam
763 1506 170 71 ortae
877 1506 151 71 sunt
952 1506 208 71 interpre-

307 1542 146 74 tum,
398 1542 128 74 non
471 1542 146 74 modo
562 1542 164 74 inter
672 1542 110 74 se
727 1542 310 74 contentiones,
982 1542 128 74 sed
1037 1542 128 74 etiam

310 1601 213 61 erroneae
470 1601 266 61 sententiae,
683 1601 177 61 qualis
807 1601 124 61 est
878 1601 142 61 illa
966 1601 142 61 quum
1055 1601 160 61 aint,

311 1657 189 54 concedi
448 1657 155 54 posse
551 1657 172 54 Filium
672 1657 137 54 esse
758 1657 223 54 sapientem
929 1657 223 54 sapientia
1084 1657 86 54 in-

304 1702 202 66 genita:
451 1702 129 66 sed
524 1702 221 66 negandum
690 1702 184 66 Patrem
819 1702 147 66 esse
911 1702 239 66 sapientem
1076 1702 92 66 sa
