1289 2039
102 120 115 69 dum
167 120 132 69 mens
250 120 214 69 cognoscit
414 120 99 69 se
463 120 82 69 &
496 120 181 69 diligit
628 120 115 69 se:
694 120 115 69 non
760 120 132 69 enim
825 120 132 69 posset

88 162 95 74 se
136 162 205 74 diligere,
293 162 126 74 nisi
372 162 237 74 cognosceret
562 162 110 74 se.
625 162 126 74 Amat
704 162 142 74 etiam
798 162 189 74 placitam

94 223 188 54 prolem,
231 223 103 54 id
282 223 137 54 est,
368 223 205 54 notitiam
522 223 137 54 suam
607 223 86 54 :
642 223 86 54 &
676 223 120 54 ita
744 223 137 54 amor
830 223 171 54 quidem

98 269 220 64 complexus
267 269 118 64 est
335 269 203 64 parentis
487 269 85 64 &
504 269 152 64 prolis.

344 323 272 64 CAP.
480 323 170 64 XX.

190 372 157 77 Quod
288 372 137 77 non
367 372 137 77 est
445 372 176 77 minor
562 372 176 77 mente
660 372 196 77 notitia,

333 430 140 59 nec
413 430 160 59 amor
493 430 201 59 vtroque.

127 448 130 88 NEC
202 448 130 88 est
276 448 167 88 minor
388 448 186 88 proles
518 448 223 88 parente,
686 448 130 88 dum
760 448 186 88 tantam
872 448 74 88 se

89 523 151 54 nouit
190 523 151 54 mens,
290 523 167 54 quanta
407 523 134 54 est:
491 523 117 54 nec
558 523 151 54 minor
658 523 117 54 est
725 523 134 54 amor
792 523 151 54 parente

102 567 79 61 &
134 567 157 61 prole,
244 567 94 61 id
291 567 126 61 est,
369 567 141 61 mente
464 567 79 61 &
495 567 189 61 notitia,
636 567 110 61 dum
699 567 157 61 tantum
809 567 94 61 se
841 567 94 61 dili

88 631 115 62 git
153 631 148 62 mens,
252 631 181 62 quantum
383 631 98 62 se
432 631 164 62 nouit,
547 631 82 62 &
580 631 164 62 quanta
679 631 98 62 est.

293 678 320 69 CAP.
453 678 200 69 XXI

235 729 137 71 Quod
320 729 137 71 haec
406 729 137 71 tria
491 729 102 71 in
542 729 188 71 seipsis
662 729 119 71 sunt.

139 785 149 77 SVNT
233 785 168 77 etiam
344 785 149 77 haec
438 785 205 77 singula
587 785 112 77 in
643 785 224 77 seipsis:
811 785 149 77 quia
885 785 56 77 &

92 845 132 47 mens
175 845 149 47 amans
274 845 99 47 in
324 845 149 47 amore
423 845 132 47 est,
506 845 83 47 &
539 845 132 47 amor
621 845 99 47 in
671 845 182 47 amantis
787 845 165 47 notitia,

94 903 82 47 &
126 903 180 47 notitia
257 903 98 47 in
306 903 147 47 mente
404 903 196 47 noscente
552 903 131 47 est.
633 903 131 47 Ecce
715 903 98 47 in
764 903 114 47 his
813 903 131 47 tribus

88 943 261 65 qualecunque
296 943 226 65 vestigium
470 943 243 65 Trinitatis
644 943 174 65 apparet.

297 1000 307 73 CAP.
450 1000 230 73 XXII

202 1052 206 81 Quomodo
352 1052 150 81 mens
446 1052 131 81 per
521 1052 150 81 ista
615 1052 225 81 proficit
765 1052 75 81 ad

288 1110 353 75 intelligendum
558 1110 146 75 Deum.

132 1165 140 64 MENS
220 1165 175 64 itaque
343 1165 245 64 rationalis
535 1165 263 64 considerans
745 1165 140 64 haec
815 1165 123 64 tria,

99 1223 80 51 &
131 1223 144 51 illam
227 1223 128 51 vnam
307 1223 208 51 essentiam
466 1223 96 51 in
514 1223 112 51 qua
578 1223 128 51 ista
658 1223 144 51 sunt,
753 1223 192 51 extendit
881 1223 64 51 se

88 1270 102 65 ad
139 1270 323 65 contemplationem
411 1270 238 65 creatoris:
598 1270 85 65 &
632 1270 153 65 videt
734 1270 204 65 Vnitatem
870 1270 68 65 in

94 1321 227 69 Trinitate,
272 1321 81 69 &
305 1321 227 69 Trinitatem
483 1321 97 69 in
532 1321 195 69 Vnitate.
678 1321 227 69 Intelligit
840 1321 97 69 enim

89 1370 138 66 unum
175 1370 138 66 Deum
262 1370 156 66 esse,
365 1370 138 66 vnam
452 1370 242 66 essentiam,
642 1370 138 66 vnum
711 1370 225 66 principium.

89 1408 214 59 lntelligit
257 1408 137 59 enim,
348 1408 122 59 quia
424 1408 92 59 si
470 1408 107 59 duo
531 1408 168 59 essent,
653 1408 107 59 vel
714 1408 168 59 vterque
821 1408 122 59 insuf-

82 1471 161 52 ficiens
199 1471 146 52 esset,
302 1471 102 52 vel
360 1471 132 52 alter
448 1471 249 52 superfiueret:
653 1471 117 52 quia
726 1471 88 52 si
770 1471 161 52 aliquid
872 1471 59 52 de

87 1521 142 45 esset
182 1521 111 45 vni
245 1521 126 45 quod
324 1521 174 45 haberet
451 1521 158 45 alter,
562 1521 95 45 no
609 1521 142 45 esset
704 1521 111 45 ibi
767 1521 142 45 summa
846 1521 95 45 per-

88 1565 173 60 fectio.
214 1565 94 60 Si
261 1565 126 60 vero
340 1565 142 60 nihil
434 1565 110 60 vni
497 1565 173 60 deesset
623 1565 126 60 quod
702 1565 173 60 haberet
812 1565 126 60 alter,

90 1604 111 70 cum
154 1604 95 70 in
201 1604 111 70 vno
265 1604 159 70 essent
376 1604 159 70 omnia,
487 1604 143 70 alter
582 1604 270 70 superfiueret.
788 1604 143 70 Intelle

90 1663 124 64 xit
161 1663 141 64 ergo
249 1663 141 64 vnum
338 1663 141 64 esse
426 1663 141 64 Deum
515 1663 177 64 omnium
638 1663 212 64 autorem:
798 1663 88 64 &
815 1663 124 64 vidit

98 1707 124 79 quia
175 1707 155 79 absque
284 1707 202 79 sapientia
439 1707 109 79 non
501 1707 124 79 sit,
578 1707 140 79 quasi
671 1707 109 79 res
733 1707 155 79 fatua:
842 1707 78 79 &
857 1707 93 79 ideo
